1687 2533
248 106 333 148 508
440 107 504 141 DE
531 106 667 142 DOMO
695 105 786 142 SUA
811 105 875 140 AD
902 104 1182 140 PONTIFICES
1209 105 1397 141 ORATIO.

248 218 342 244 mus
374 218 451 257 pro
485 202 664 257 collegio
696 202 935 256 respondit,
974 200 1121 250 ‘QUOD
1154 213 1202 242 IN
1234 213 1354 244 Loco
1387 213 1585 244 PUBLICO

248 261 446 315 LICINIA,
479 261 564 302 GAI
597 273 739 314 F1L1A,
777 271 955 302 INIUSSU
987 272 1153 302 POPULI
1184 272 1486 315 DEDICASSET,
1517 272 1586 303 SA-

249 332 374 362 CRUM
417 332 512 362 NON
557 318 817 361 VIDERIER.’
892 317 1029 367 Quam
1074 318 1243 372 quidem
1287 333 1376 360 rem
1427 322 1587 373 quanta

249 380 476 421 severitate
498 382 742 433 quantaque
763 377 985 432 diligentia
1006 376 1252 431 senatus*²³‘,
1284 392 1333 418 ex
1352 378 1447 432 ipso
1468 392 1586 419 sena·

248 441 317 479 tus
351 438 547 479 consulto
580 436 706 477 facile
733 437 1015 491 cognoscetis
1065 434 1271 478 SENATus
1298 448 1586 479 consummi.
1605 448 1622 474 5

180 496 471 538 137Videtisne
498 496 686 550 praetori
712 495 875 536 urbano
901 495 1124 550 negotium
1151 495 1308 549 datum,
1333 499 1382 536 ut
1408 498 1587 549 curaret,

248 570 300 596 ne
333 556 374 595 id
408 569 575 596 sacrum
610 556 740 606 esset,
773 556 815 594 et
847 556 912 607 ut,
945 554 981 594 si
1012 568 1118 607 quae
1151 557 1295 595 essent
1324 553 1483 595 incisae
1515 557 1588 595 aut

248 614 480 667 inscriptae
513 613 697 664 litterae,
729 613 1011 653 tollerentur?
1062 612 1096 653 O
1128 615 1341 667 tempora,
1373 627 1397 653 o
1431 614 1586 654 mores!

249 672 357 713 Tum
400 686 635 723 censorem,
678 671 894 712 hominem
937 671 1272 724 sanctissimum,
1317 671 1587 713 simulacrum

250 730 510 772 Concordiae
555 730 748 771 dedicare
789 730 1011 784 pontifices
1049 730 1093 770 in
1130 730 1292 785 templo
1330 730 1587 785 inaugurato
1609 741 1642 766 10

249 790 577 844 prohibuerunt,
626 791 727 843 post
772 791 914 829 autem
959 792 1131 829 senatus
1176 789 1220 829 in
1263 789 1357 830 loco
1404 791 1587 844 augusto

249 851 542 889 consecratam
575 848 661 888 iam
701 862 818 888 aram
851 847 1086 888 tollendam
1119 861 1168 888 ex
1202 847 1457 889 auctoritate
1488 861 1590 901 pon-

249 908 411 948 tificum
451 906 617 948 censuit
648 920 783 959 neque
815 906 951 946 ullum
983 908 1049 947 est
1080 920 1232 960 passus
1266 920 1315 947 ex
1348 921 1398 947 ea
1429 905 1590 947 dedica-

249 966 366 1007 tione
412 966 655 1006 litterarum
702 968 845 1005 extare
890 967 1232 1018 monumentum3
1285 967 1351 1017 tu,
1400 965 1590 1019 procella

249 1024 428 1079 patriae,
459 1025 586 1065 turbo
621 1038 669 1064 ac
701 1025 934 1077 tempestas
968 1023 1084 1076 pacis
1119 1026 1246 1077 atque
1279 1023 1369 1076 otii,
1402 1023 1514 1078 quod
1545 1024 1589 1064 in
1610 1034 1642 1060 15

249 1083 477 1137 naufragio
510 1083 572 1123 rei
599 1082 793 1135 publicae
819 1082 1007 1122 tenebris
1036 1082 1182 1122 offusis
1210 1082 1402 1122 demerso
1429 1082 1588 1136 populo

249 1142 456 1193 Romano,
489 1155 634 1181 everso
662 1143 789 1194 atque
824 1140 956 1181 eiecto
990 1142 1141 1180 senatu
1174 1140 1363 1193 dirueris,
1400 1140 1590 1182 aedifica-

249 1201 327 1253 ris,
370 1199 578 1254 religione
617 1200 733 1240 omni
771 1198 933 1239 violata
970 1199 1191 1253 religionis
1231 1202 1375 1239 tamen
1416 1199 1589 1240 nomine

250 1258 569 1310 contaminaris,
595 1257 639 1298 in
659 1257 892 1298 visceribus
920 1257 1021 1310 eius,
1048 1258 1119 1311 qui
1145 1257 1294 1298 urbem
1322 1257 1408 1298 suis
1435 1257 1590 1298 labori-

250 1317 330 1358 bus
369 1331 416 1357 ac
455 1316 652 1369 periculis
699 1318 1011 1369 conservasset,
1061 1319 1384 1356 monumentum
1424 1315 1588 1357 deletae
1609 1327 1643 1352 ‘20

249 1376 312 1416 rei
353 1375 550 1429 publicae
593 1375 834 1428 collocaris,
874 1374 905 1427 ἦ·
931 1375 984 1415 ab
1027 1375 1244 1428 aequitum
1283 1376 1388 1415 nota
1429 1374 1589 1416 doloris

250 1435 460 1475 bonorum
494 1433 684 1474 omnium
718 1433 887 1474 sublato
920 1431 967 1480 Q.
994 1432 1137 1474 Catuli
1167 1433 1339 1474 nomine
1379 1433 1591 1487 incideris,

250 1493 292 1533 id
326 1492 509 1547 sperasti
535 1506 625 1533 rem
652 1492 869 1546 publicam
902 1492 1073 1544 diutius,
1105 1506 1233 1545 quam
1260 1491 1399 1546 quoad
1426 1506 1589 1533 mecum

198 1597 215 1605 ,
270 1552 396 1592 simul
431 1551 608 1605 expulsa
640 1553 803 1591 careret
835 1550 901 1591 his
934 1551 1176 1604 moenibus,
1208 1565 1299 1591 esse
1332 1551 1547 1591 laturam?

180 1598 265 1677 (104)
359 1610 419 1650 Ac
460 1610 512 1663 si,
550 1610 791 1663 pontifices,
828 1623 963 1663 neque
994 1609 1048 1662 is,
1088 1609 1155 1650 cui
1186 1608 1324 1659 licuit,
1364 1623 1500 1662 neque
1536 1608 1588 1661 id,
1608 1620 1642 1646 25

205 1648 366 1722 38quod
402 1668 468 1709 fas
507 1668 607 1720 fuit,
652 1667 878 1719 dedicavit,
918 1667 1018 1722 quid
1056 1681 1121 1709 me
1161 1668 1316 1708 attinet
1357 1668 1440 1708 iam
1482 1667 1587 1708 illud

252 1727 446 1778 tertium,
479 1727 591 1780 quod
623 1740 947 1781 proposueram,
979 1726 1145 1778 docere,
1176 1741 1263 1767 non
1293 1726 1345 1766 iis
1377 1725 1589 1766 institutis

252 1799 300 1826 ac
339 1785 499 1837 verbis,
544 1785 697 1839 quibus
738 1785 1019 1826 caerimoniae
1062 1785 1301 1838 postulant,
1345 1784 1589 1825 dedicasse?

181 1844 238 1885 54
251 1843 352 1884 Dixi
384 1858 409 1883 a
439 1843 650 1897 principio
682 1843 790 1884 nihil
823 1858 889 1883 me
923 1843 972 1884 de
1005 1843 1183 1884 scientia
1214 1845 1369 1896 vestra,
1399 1842 1507 1883 nihil
1539 1842 1588 1883 de

253 1901 403 1954 sacris,
441 1901 550 1941 nihil
584 1901 633 1942 de
666 1902 916 1956 apscondito
950 1902 1198 1956 pontificum
1237 1901 1327 1942 iure
1367 1901 1588 1942 dicturum.
1609 1912 1643 1938 30

252 1959 368 2008 Quae
411 1963 510 2000 sunt
551 1959 688 2002 adhuc
730 1975 754 2001 a
792 1974 858 2001 me
897 1960 946 2000 de
984 1960 1075 2001 iure
1108 1959 1329 2001 dedicandi
1361 1959 1590 2014 disputata,

250 2033 338 2060 non
370 2020 470 2059 sunt
495 2019 689 2072 quaesita
715 2033 764 2059 ex
792 2019 957 2060 occulto
985 2018 1128 2072 aliquo
1157 2032 1309 2074 genere
1337 2018 1590 2071 litterarum,

255 2077 328 2118 sed
363 2079 535 2131 sumpta
567 2076 616 2117 de
650 2077 805 2129 medio,
844 2091 893 2117 ex
925 2077 1050 2118 rebus
1082 2077 1225 2131 palam
1257 2091 1332 2130 per
1363 2076 1589 2132 magistra-

254 2138 324 2176 tus
359 2136 466 2179 actis
494 2135 546 2176 ad
573 2135 882 2189 collegiumque
909 2135 1074 2188 delatis,
1107 2150 1157 2176 ex
1184 2137 1356 2176 senatus
1383 2135 1589 2186 consulto,

256 2208 306 2234 ex
349 2194 453 2248 lege.
514 2193 599 2234 Illa
639 2193 845 2234 interiora
884 2193 969 2234 iam
1010 2196 1154 2234 vestra
1196 2197 1312 2247 sunt,
1354 2193 1454 2247 quid
1497 2193 1589 2246 dici,
1608 2202 1642 2229 35

257 2251 358 2306 quid
403 2252 581 2306 praeiri,
632 2251 731 2305 quid
787 2252 933 2307 tangi,
991 2251 1091 2305 quid
1140 2252 1275 2293 teneri
1330 2251 1395 2293 ius
1448 2251 1590 2292 fuerit.

185 2311 374 2358 139Quae
408 2310 443 2351 si
476 2310 619 2351 omnia
650 2324 671 2350 e
704 2309 763 2351 Ti.
793 2309 1031 2351 Coruncani
1063 2310 1253 2364 seientia,
1285 2310 1356 2364 qui
1387 2309 1591 2364 peritissi-
