1687 2533
158 264 213 306 15

155 316 201 347 34

159 1293 203 1324 35

159 1992 206 2024 36

225 64 311 104 402
596 63 690 99 PRO
716 65 757 99 L.
783 63 965 99 FLACCO
993 63 1185 100 ORATIO.

225 163 377 214 postea
401 159 561 202 facturi
587 162 741 214 essent,
774 160 881 201 scire
907 174 995 201 non
1020 162 1205 215 poterat,
1232 161 1332 215 quid
1356 161 1569 216 fecissent,

225 219 409 261 videbat.

316 276 415 330 Sed,
460 278 661 332 quoniam
705 277 754 318 de
799 278 1013 318 communi
1050 277 1184 319 totius
1223 278 1353 320 Asiae
1394 278 1569 320 crimine

228 339 293 378 est
331 337 510 387 dictum,
549 336 778 392 aggrediar
815 336 902 377 iam
941 336 994 377 ad
1033 336 1226 392 singulas
1268 337 1482 390 civitates3
1519 351 1570 379 ex

228 396 381 450 quibus
408 396 465 437 sit
491 410 591 436 sane
617 395 742 436 nobis
769 394 910 450 prima
935 395 1088 437 civitas
1114 396 1407 438 Acmonensis.
1452 395 1570 437 Citat
1588 407 1605 433 5

226 469 379 510 praeco
418 469 521 496 voce
568 454 757 495 maxima
793 454 962 509 legatos
1000 453 1303 497 Acmonenses.
1371 454 1570 497 Procedit

226 528 335 555 unus
398 512 682 567 Asclepiades.
760 512 988 554 Prodeant.
1066 513 1266 555 Etiamne
1315 528 1570 568 praeconem

227 572 402 613 mentiri
447 571 657 627 coegisti?
719 571 801 613 Est
839 572 970 625 enim,
1014 572 1156 624 eredo,
1199 573 1236 613 is
1275 573 1341 614 vir
1378 573 1478 626 iste,
1521 575 1570 614 ut

228 631 417 673 civitatis
455 645 612 672 nomen
650 645 727 672 sua
768 631 1025 672 auctoritate
1066 631 1297 685 sustineat,
1343 631 1569 673 damnatus

228 689 491 744 turpissimis
541 690 710 731 iudiciis
762 689 895 743 domi,
944 692 1120 731 notatus
1166 690 1324 731 litteris
1366 690 1624 745 publici831⁰

229 749 346 790 cuius
380 748 429 790 de
462 749 652 803 probris,
685 748 907 790 adulteriis
940 763 988 790 ac
1020 749 1180 802 stupris
1213 751 1385 790 exstant
1416 750 1570 791 Acmo-

226 808 423 849 nensium
456 808 645 860 litterae,
684 821 790 861 quas
822 821 902 863 ego
933 821 1020 849 non
1052 808 1192 849 solum
1224 811 1401 863 propter
1432 807 1570 863 longi-

227 866 431 920 tudinem,
465 866 539 908 sed
572 866 702 907 etiam
734 869 911 921 propter
936 866 1233 921 turpissimam
1259 866 1571 909 obscenitatem

227 925 457 966 verborum
506 925 840 980 praetereundas
889 927 1007 979 puto.
1079 925 1201 966 Dixit
1249 925 1419 981 publice
1471 925 1572 967 data

230 984 529 1025 drachmarum
564 995 683 1025 CCVI.
726 983 849 1024 Dixit
881 986 1063 1037 tantum,
1093 984 1203 1024 nihil
1231 984 1432 1040 ostendit,
1461 984 1571 1026 nihil
1592 994 1624 1020 15

227 1043 430 1098 protulit3
474 1042 549 1083 sed
587 1042 797 1095 adiunxit,
840 1042 883 1082 id
922 1043 1033 1096 quod
1072 1045 1201 1095 certe,
1239 1044 1440 1098 quoniam
1478 1046 1572 1084 erat

230 1101 528 1154 domesticum,
567 1101 715 1143 docere
754 1101 915 1154 debuit,
954 1115 998 1142 se
1036 1101 1239 1155 privatim
1272 1102 1572 1143 drachmarum

230 1162 334 1201 ΟΤἈἾ
367 1159 543 1201 dedisse.
606 1159 822 1208 Quantum
854 1160 937 1201 sibi
969 1160 1161 1201 ablatum
1193 1160 1321 1202 homo
1354 1160 1572 1215 impuden-

230 1219 424 1260 tissimus
458 1218 572 1272 dicit,
603 1221 773 1259 tantum
806 1233 1041 1272 numquam
1074 1221 1139 1260 est
1165 1233 1293 1260 ausus
1319 1221 1367 1260 ut
1392 1219 1572 1260 haberet

231 1282 391 1333 optare.
461 1277 530 1318 Ab
572 1278 622 1320 A.
661 1277 839 1318 Sextilio
884 1277 986 1318 dicit
1030 1292 1074 1318 se
1119 1277 1284 1319 dedisse
1329 1280 1372 1319 et
1415 1293 1440 1319 a
1484 1277 1570 1319 suis
1591 1288 1626 1313 20

229 1336 449 1377 fratribus.
511 1336 660 1377 Potuit
693 1336 792 1377 dare
826 1335 1046 1389 Sextilius3
1082 1351 1183 1377 nam
1213 1336 1369 1377 fratres
1402 1336 1571 1390 quidem

231 1397 452 1437 consortes
473 1397 574 1436 sunt
595 1395 896 1436 mendicitatis.
930 1395 1166 1436 Audiamus
1180 1395 1314 1450 igitur
1329 1394 1572 1449 Sextilium3

230 1454 384 1495 fratres
412 1453 593 1508 denique
620 1454 704 1508 ipsi
728 1454 955 1508 prodeant3
982 1469 1111 1508 quam
1137 1455 1284 1495 volent
1302 1454 1572 1510 impudenter

231 1513 496 1554 mentiantur
534 1515 593 1566 et,
632 1513 743 1566 quod
780 1527 1014 1566 numquam
1045 1512 1293 1567 habuerint,
1330 1513 1495 1555 dedisse
1527 1527 1571 1554 se

233 1572 394 1625 dicant3
425 1574 574 1613 tamen
606 1571 769 1625 aliquid
799 1571 984 1613 fortasse
1018 1586 1161 1613 coram
1191 1572 1388 1627 producti
1412 1571 1572 1625 dicent,
1591 1581 1624 1608 25

231 1631 275 1671 in
314 1644 395 1684 quo
429 1630 808 1684 reprehendantur.
870 1629 985 1671 ‘Non
1015 1629 1196 1685 deduxi',
1228 1630 1384 1684 inquit,
1422 1628 1572 1671 ‘Sexti-

231 1687 366 1729 lium.'
414 1687 527 1729 Cedo
554 1689 739 1731 tabulas,
783 1688 897 1730 ‘Non
924 1688 1173 1742 deportavi?
1217 1687 1388 1731 Fratres
1416 1689 1571 1730 saltem

232 1746 395 1789 exhibe.
464 1746 577 1788 ‘Non
622 1746 898 1788 denuntiavi.'
967 1748 1086 1796 Quod
1134 1761 1236 1803 ergo
1281 1762 1388 1788 unus
1425 1747 1571 1789 Ascle-

231 1805 378 1861 piades
410 1805 584 1846 fortuna
617 1820 762 1860 egens,
801 1807 888 1847 vita
919 1807 1078 1861 turpis,
1109 1806 1425 1847 existimatione
1457 1806 1571 1847 dam-

231 1867 359 1905 natus
402 1863 670 1918 impudentia
713 1868 840 1920 atque
886 1865 1060 1906 audacia
1097 1864 1232 1906 fretus
1272 1865 1362 1906 sine
1400 1865 1571 1919 tabulis,
1590 1876 1625 1900 3⁰

233 1923 324 1964 sine
346 1926 519 1963 auctore
539 1922 697 1976 iecerit,
717 1923 761 1964 id
779 1938 858 1965 nos
881 1925 1002 1978 quasi
1017 1924 1176 1964 crimen
1191 1926 1264 1964 aut
1277 1923 1572 1965 testimonium

232 1980 613 2036 pertimescemus?
686 1980 804 2023 Idem
854 1982 1161 2035 laudationem,
1212 1996 1340 2036 quam
1388 1996 1468 2023 nos
1517 1982 1571 2023 ab

233 2039 575 2081 Acmonensibus
594 2038 748 2081 Flacco
776 2040 919 2082 datam
940 2040 1274 2095 proferebamus,
1300 2040 1454 2082 falsam
1481 2055 1572 2082 esse

234 2098 414 2139 dicebat.
477 2096 605 2142 Cuius
645 2099 813 2152 quidem
845 2099 1104 2140 laudationis
1136 2099 1300 2141 iactura
1332 2099 1573 2154 exoptanda

232 2157 358 2198 nobis
389 2156 483 2198 fuit.
544 2155 670 2210 Nam,
702 2161 750 2198 ut
783 2158 952 2213 signum
984 2157 1203 2211 publicum
1234 2158 1422 2212 inspexit
1451 2172 1571 2223 prae-
1590 2168 1625 2194 35

234 2216 374 2257 claius
419 2215 500 2256 iste
546 2219 694 2256 auctor
738 2230 838 2257 suae
883 2216 1089 2270 civitatis,
1133 2216 1270 2258 solere
1315 2230 1413 2258 suos
1458 2216 1570 2258 cives

234 2277 483 2330 ceterosque
517 2272 702 2316 Graecos
735 2288 785 2315 ex
817 2279 1028 2329 tempore,
1067 2274 1178 2330 quod
1211 2289 1317 2329 opus
1350 2274 1424 2330 sit,
1462 2275 1571 2317 obsi-
