<?xml version="1.0" encoding="UTF-8"?>
<!DOCTYPE html PUBLIC "-//W3C//DTD XHTML 1.0 Transitional//EN"
    "http://www.w3.org/TR/xhtml1/DTD/xhtml1-transitional.dtd">
<html xmlns="http://www.w3.org/1999/xhtml" xml:lang="en" lang="en">
 <head>
  <title>
</title>
<meta http-equiv="Content-Type" content="text/html;charset=utf-8" />
  <meta name='ocr-system' content='tesseract 3.04.00' />
  <meta name='ocr-capabilities' content='ocr_page ocr_carea ocr_par ocr_line ocrx_word'/>
</head>
<body>
  <div class='ocr_page' id='page_1' title='image "./p2scriptaquaemanse02ciceuoft_0605.png"; bbox 0 0 1687 2533; ppageno 0'>
   <div class='ocr_carea' id='block_1_1' title="bbox 515 123 1387 166">
    <p class='ocr_par' dir='ltr' id='par_1_1' title="bbox 515 123 1387 166">
     <span class='ocr_line' id='line_1_1' title="bbox 515 123 1387 166; baseline -0.005 -6"><span class='ocrx_word' id='word_1_1' title='bbox 515 123 616 160; x_wconf 85' lang='lat' dir='ltr'>CAP.</span> <span class='ocrx_word' id='word_1_2' title='bbox 643 128 733 159; x_wconf 83' lang='lat'>6—8</span> <span class='ocrx_word' id='word_1_3' title='bbox 761 128 779 166; x_wconf 65' lang='lat' dir='ltr'>g</span> <span class='ocrx_word' id='word_1_4' title='bbox 809 128 956 158; x_wconf 82' lang='lat'>14—18.</span> <span class='ocrx_word' id='word_1_5' title='bbox 1302 124 1387 166; x_wconf 78' lang='lat'>453</span> 
     </span>
    </p>
   </div>
   <div class='ocr_carea' id='block_1_2' title="bbox 2 219 1408 2389">
    <p class='ocr_par' dir='ltr' id='par_1_2' title="bbox 2 219 1404 2025">
     <span class='ocr_line' id='line_1_2' title="bbox 51 219 1390 278; baseline -0.002 -14"><span class='ocrx_word' id='word_1_6' title='bbox 51 223 123 278; x_wconf 90' lang='lat' dir='ltr'>qui</span> <span class='ocrx_word' id='word_1_7' title='bbox 166 225 283 276; x_wconf 90' lang='lat' dir='ltr'>sunt,</span> <span class='ocrx_word' id='word_1_8' title='bbox 331 221 523 275; x_wconf 87' lang='lat' dir='ltr'>fuerunt,</span> <span class='ocrx_word' id='word_1_9' title='bbox 567 224 709 274; x_wconf 90' lang='lat' dir='ltr'>erunt,</span> <span class='ocrx_word' id='word_1_10' title='bbox 752 220 931 273; x_wconf 88' lang='lat' dir='ltr'>virtute,</span> <span class='ocrx_word' id='word_1_11' title='bbox 977 219 1204 274; x_wconf 71' lang='lat' dir='ltr'>sapientia,</span> <span class='ocrx_word' id='word_1_12' title='bbox 1249 220 1390 275; x_wconf 83' lang='lat' dir='ltr'>gloria</span> 
     </span>
     <span class='ocr_line' id='line_1_3' title="bbox 50 279 1390 338; baseline -0.002 -15"><span class='ocrx_word' id='word_1_13' title='bbox 50 282 265 338; x_wconf 67' lang='lat' dir='ltr'>princeps,</span> <span class='ocrx_word' id='word_1_14' title='bbox 314 281 384 335; x_wconf 87' lang='lat' dir='ltr'>qui</span> <span class='ocrx_word' id='word_1_15' title='bbox 428 280 534 321; x_wconf 88' lang='lat' dir='ltr'>mihi</span> <span class='ocrx_word' id='word_1_16' title='bbox 576 294 685 320; x_wconf 89' lang='lat' dir='ltr'>unus</span> <span class='ocrx_word' id='word_1_17' title='bbox 729 279 803 320; x_wconf 89' lang='lat' dir='ltr'>uni</span> <span class='ocrx_word' id='word_1_18' title='bbox 846 279 1014 334; x_wconf 85' lang='lat' dir='ltr'>privato</span> <span class='ocrx_word' id='word_1_19' title='bbox 1061 279 1196 320; x_wconf 88' lang='lat' dir='ltr'>amico</span> <span class='ocrx_word' id='word_1_20' title='bbox 1243 279 1390 320; x_wconf 81' lang='lat' dir='ltr'>eadem</span> 
     </span>
     <span class='ocr_line' id='line_1_4' title="bbox 52 338 1389 393; baseline -0.003 -11"><span class='ocrx_word' id='word_1_21' title='bbox 52 340 194 382; x_wconf 87' lang='lat' dir='ltr'>omnia</span> <span class='ocrx_word' id='word_1_22' title='bbox 237 339 371 391; x_wconf 88' lang='lat' dir='ltr'>dedit,</span> <span class='ocrx_word' id='word_1_23' title='bbox 416 353 523 393; x_wconf 90' lang='lat' dir='ltr'>quae</span> <span class='ocrx_word' id='word_1_24' title='bbox 566 338 789 379; x_wconf 85' lang='lat' dir='ltr'>universae</span> <span class='ocrx_word' id='word_1_25' title='bbox 833 338 896 378; x_wconf 87' lang='lat' dir='ltr'>rei</span> <span class='ocrx_word' id='word_1_26' title='bbox 933 338 1148 392; x_wconf 88' lang='lat' dir='ltr'>publicae,</span> <span class='ocrx_word' id='word_1_27' title='bbox 1193 338 1389 391; x_wconf 85' lang='lat' dir='ltr'>salutem,</span> 
     </span>
     <span class='ocr_line' id='line_1_5' title="bbox 52 396 1389 453; baseline -0.003 -13"><span class='ocrx_word' id='word_1_28' title='bbox 52 399 199 453; x_wconf 90' lang='lat' dir='ltr'>otium,</span> <span class='ocrx_word' id='word_1_29' title='bbox 231 399 497 453; x_wconf 78' lang='lat' dir='ltr'>dignitatem.</span> <span class='ocrx_word' id='word_1_30' title='bbox 541 396 669 439; x_wconf 84' lang='lat' dir='ltr'>Cuius</span> <span class='ocrx_word' id='word_1_31' title='bbox 696 396 835 438; x_wconf 88' lang='lat' dir='ltr'>oratio</span> <span class='ocrx_word' id='word_1_32' title='bbox 861 396 956 450; x_wconf 87' lang='lat' dir='ltr'>fuit,</span> <span class='ocrx_word' id='word_1_33' title='bbox 983 411 1107 450; x_wconf 88' lang='lat' dir='ltr'>quem</span> <span class='ocrx_word' id='word_1_34' title='bbox 1135 396 1187 437; x_wconf 90' lang='lat' dir='ltr'>ad</span> <span class='ocrx_word' id='word_1_35' title='bbox 1214 397 1389 437; x_wconf 88' lang='lat' dir='ltr'>modum</span> 
     </span>
     <span class='ocr_line' id='line_1_6' title="bbox 16 455 1390 512; baseline -0.002 -14"><span class='ocrx_word' id='word_1_36' title='bbox 16 458 212 512; x_wconf 85' lang='lat' dir='ltr'>5accepi,</span> <span class='ocrx_word' id='word_1_37' title='bbox 254 456 491 511; x_wconf 82' lang='lat' dir='ltr'>tripertita3</span> <span class='ocrx_word' id='word_1_38' title='bbox 534 455 720 511; x_wconf 89' lang='lat' dir='ltr'>primum</span> <span class='ocrx_word' id='word_1_39' title='bbox 757 469 833 497; x_wconf 83' lang='lat' dir='ltr'>vos</span> <span class='ocrx_word' id='word_1_40' title='bbox 873 455 1016 496; x_wconf 89' lang='lat' dir='ltr'>docuit</span> <span class='ocrx_word' id='word_1_41' title='bbox 1055 455 1158 496; x_wconf 89' lang='lat' dir='ltr'>meis</span> <span class='ocrx_word' id='word_1_42' title='bbox 1197 455 1390 496; x_wconf 88' lang='lat' dir='ltr'>consiliis</span> 
     </span>
     <span class='ocr_line' id='line_1_7' title="bbox 52 516 1391 570; baseline -0.003 -12"><span class='ocrx_word' id='word_1_43' title='bbox 52 531 141 558; x_wconf 89' lang='lat' dir='ltr'>rem</span> <span class='ocrx_word' id='word_1_44' title='bbox 184 516 398 570; x_wconf 83' lang='lat' dir='ltr'>publicam</span> <span class='ocrx_word' id='word_1_45' title='bbox 445 528 536 555; x_wconf 88' lang='lat' dir='ltr'>esse</span> <span class='ocrx_word' id='word_1_46' title='bbox 573 517 786 555; x_wconf 88' lang='lat' dir='ltr'>servatam</span> <span class='ocrx_word' id='word_1_47' title='bbox 825 529 1079 568; x_wconf 82' lang='lat' dir='ltr'>causamque</span> <span class='ocrx_word' id='word_1_48' title='bbox 1117 528 1256 555; x_wconf 83' lang='lat' dir='ltr'>meam</span> <span class='ocrx_word' id='word_1_49' title='bbox 1296 529 1391 555; x_wconf 91' lang='lat' dir='ltr'>cum</span> 
     </span>
     <span class='ocr_line' id='line_1_8' title="bbox 53 572 1389 627; baseline -0.003 -10"><span class='ocrx_word' id='word_1_50' title='bbox 53 575 268 617; x_wconf 89' lang='lat' dir='ltr'>communi</span> <span class='ocrx_word' id='word_1_51' title='bbox 301 574 439 615; x_wconf 87' lang='lat' dir='ltr'>salute</span> <span class='ocrx_word' id='word_1_52' title='bbox 471 572 689 615; x_wconf 77' lang='lat' dir='ltr'>coniunxit</span> <span class='ocrx_word' id='word_1_53' title='bbox 713 572 997 627; x_wconf 70' lang='lat' dir='ltr'>hortatusque</span> <span class='ocrx_word' id='word_1_54' title='bbox 1024 576 1101 627; x_wconf 90' lang='lat' dir='ltr'>est,</span> <span class='ocrx_word' id='word_1_55' title='bbox 1132 575 1180 613; x_wconf 86' lang='lat' dir='ltr'>ut</span> <span class='ocrx_word' id='word_1_56' title='bbox 1207 572 1389 614; x_wconf 85' lang='lat' dir='ltr'>auctori-</span> 
     </span>
     <span class='ocr_line' id='line_1_9' title="bbox 53 631 1391 686; baseline -0.002 -11"><span class='ocrx_word' id='word_1_57' title='bbox 53 637 186 676; x_wconf 87' lang='lat' dir='ltr'>tatem</span> <span class='ocrx_word' id='word_1_58' title='bbox 225 635 416 686; x_wconf 88' lang='lat' dir='ltr'>senatus,</span> <span class='ocrx_word' id='word_1_59' title='bbox 461 634 622 673; x_wconf 88' lang='lat' dir='ltr'>statum</span> <span class='ocrx_word' id='word_1_60' title='bbox 661 632 865 685; x_wconf 89' lang='lat' dir='ltr'>civitatis,</span> <span class='ocrx_word' id='word_1_61' title='bbox 903 632 1100 673; x_wconf 82' lang='lat' dir='ltr'>fortunas</span> <span class='ocrx_word' id='word_1_62' title='bbox 1140 631 1244 673; x_wconf 86' lang='lat' dir='ltr'>civis</span> <span class='ocrx_word' id='word_1_63' title='bbox 1282 632 1391 672; x_wconf 83' lang='lat' dir='ltr'>bene</span> 
     </span>
     <span class='ocr_line' id='line_1_10' title="bbox 52 687 1392 744; baseline -0.005 -10"><span class='ocrx_word' id='word_1_64' title='bbox 52 692 195 734; x_wconf 88' lang='lat' dir='ltr'>meriti</span> <span class='ocrx_word' id='word_1_65' title='bbox 226 691 521 744; x_wconf 81' lang='lat' dir='ltr'>defenderetis,</span> <span class='ocrx_word' id='word_1_66' title='bbox 551 693 644 730; x_wconf 88' lang='lat' dir='ltr'>tum</span> <span class='ocrx_word' id='word_1_67' title='bbox 676 692 779 744; x_wconf 87' lang='grc'>[1116]</span> <span class='ocrx_word' id='word_1_68' title='bbox 805 689 852 731; x_wconf 88' lang='lat' dir='ltr'>in</span> <span class='ocrx_word' id='word_1_69' title='bbox 876 687 1117 743; x_wconf 86' lang='lat' dir='ltr'>perorando</span> <span class='ocrx_word' id='word_1_70' title='bbox 1144 687 1291 743; x_wconf 86' lang='lat' dir='ltr'>posuit</span> <span class='ocrx_word' id='word_1_71' title='bbox 1321 701 1392 728; x_wconf 85' lang='lat' dir='ltr'>vos</span> 
     </span>
     <span class='ocr_line' id='line_1_11' title="bbox 2 745 1394 807; baseline -0.004 -16"><span class='ocrx_word' id='word_1_72' title='bbox 2 767 35 791; x_wconf 89' lang='lat'>10</span> <span class='ocrx_word' id='word_1_73' title='bbox 53 751 198 807; x_wconf 82' lang='lat' dir='ltr'>rogari</span> <span class='ocrx_word' id='word_1_74' title='bbox 231 765 255 791; x_wconf 88' lang='lat' dir='ltr'>a</span> <span class='ocrx_word' id='word_1_75' title='bbox 288 752 456 804; x_wconf 85' lang='lat' dir='ltr'>senatu,</span> <span class='ocrx_word' id='word_1_76' title='bbox 485 748 630 803; x_wconf 79' lang='lat' dir='ltr'>rogari</span> <span class='ocrx_word' id='word_1_77' title='bbox 663 749 716 789; x_wconf 91' lang='lat' dir='ltr'>ab</span> <span class='ocrx_word' id='word_1_78' title='bbox 749 748 963 802; x_wconf 84' lang='lat' dir='ltr'>equitibus</span> <span class='ocrx_word' id='word_1_79' title='bbox 995 747 1216 799; x_wconf 85' lang='lat' dir='ltr'>Romanis,</span> <span class='ocrx_word' id='word_1_80' title='bbox 1247 745 1394 800; x_wconf 79' lang='lat' dir='ltr'>rogari</span> 
     </span>
     <span class='ocr_line' id='line_1_12' title="bbox 55 806 1395 862; baseline -0.004 -11"><span class='ocrx_word' id='word_1_81' title='bbox 55 811 108 852; x_wconf 90' lang='lat' dir='ltr'>ab</span> <span class='ocrx_word' id='word_1_82' title='bbox 140 809 270 850; x_wconf 88' lang='lat' dir='ltr'>Italia</span> <span class='ocrx_word' id='word_1_83' title='bbox 308 811 477 862; x_wconf 88' lang='lat' dir='ltr'>cuncta,</span> <span class='ocrx_word' id='word_1_84' title='bbox 514 806 662 848; x_wconf 89' lang='lat' dir='ltr'>deinde</span> <span class='ocrx_word' id='word_1_85' title='bbox 698 807 790 861; x_wconf 86' lang='lat' dir='ltr'>ipse</span> <span class='ocrx_word' id='word_1_86' title='bbox 829 807 882 847; x_wconf 86' lang='lat' dir='ltr'>ad</span> <span class='ocrx_word' id='word_1_87' title='bbox 921 808 1157 847; x_wconf 81' lang='lat' dir='ltr'>extremum</span> <span class='ocrx_word' id='word_1_88' title='bbox 1188 819 1266 859; x_wconf 87' lang='lat' dir='ltr'>pro</span> <span class='ocrx_word' id='word_1_89' title='bbox 1299 818 1395 845; x_wconf 87' lang='lat' dir='ltr'>mea</span> 
     </span>
     <span class='ocr_line' id='line_1_13' title="bbox 54 862 1395 922; baseline -0.004 -12"><span class='ocrx_word' id='word_1_90' title='bbox 54 884 130 911; x_wconf 83' lang='lat' dir='ltr'>vos</span> <span class='ocrx_word' id='word_1_91' title='bbox 158 869 294 910; x_wconf 87' lang='lat' dir='ltr'>salute</span> <span class='ocrx_word' id='word_1_92' title='bbox 320 882 405 908; x_wconf 91' lang='lat' dir='ltr'>non</span> <span class='ocrx_word' id='word_1_93' title='bbox 430 866 602 922; x_wconf 82' lang='lat' dir='ltr'>rogavit</span> <span class='ocrx_word' id='word_1_94' title='bbox 629 866 778 920; x_wconf 91' lang='lat' dir='ltr'>solum,</span> <span class='ocrx_word' id='word_1_95' title='bbox 810 879 957 906; x_wconf 83' lang='lat' dir='ltr'>verum</span> <span class='ocrx_word' id='word_1_96' title='bbox 984 866 1115 906; x_wconf 90' lang='lat' dir='ltr'>etiam</span> <span class='ocrx_word' id='word_1_97' title='bbox 1142 862 1395 906; x_wconf 81' lang='lat' dir='ltr'>obsecravit.</span> 
     </span>
     <span class='ocr_line' id='line_1_14' title="bbox 54 924 1394 982; baseline -0.005 -13"><span class='ocrx_word' id='word_1_98' title='bbox 54 927 166 969; x_wconf 84' lang='lat' dir='ltr'>Huic</span> <span class='ocrx_word' id='word_1_99' title='bbox 203 940 283 982; x_wconf 80' lang='lat' dir='ltr'>ego</span> <span class='ocrx_word' id='word_1_100' title='bbox 320 925 501 979; x_wconf 90' lang='lat' dir='ltr'>homini,</span> <span class='ocrx_word' id='word_1_101' title='bbox 545 924 749 978; x_wconf 79' lang='lat' dir='ltr'>Quirites,</span> <span class='ocrx_word' id='word_1_102' title='bbox 787 926 958 965; x_wconf 90' lang='lat' dir='ltr'>tantum</span> <span class='ocrx_word' id='word_1_103' title='bbox 997 924 1149 977; x_wconf 83' lang='lat' dir='ltr'>debeo,</span> <span class='ocrx_word' id='word_1_104' title='bbox 1188 924 1394 977; x_wconf 88' lang='lat' dir='ltr'>quantum</span> 
     </span>
     <span class='ocr_line' id='line_1_15' title="bbox 55 980 1395 1033; baseline -0.004 -6"><span class='ocrx_word' id='word_1_105' title='bbox 55 987 272 1028; x_wconf 89' lang='lat' dir='ltr'>hominem</span> <span class='ocrx_word' id='word_1_106' title='bbox 309 984 474 1026; x_wconf 88' lang='lat' dir='ltr'>homini</span> <span class='ocrx_word' id='word_1_107' title='bbox 513 983 666 1025; x_wconf 87' lang='lat' dir='ltr'>debere</span> <span class='ocrx_word' id='word_1_108' title='bbox 692 983 762 1024; x_wconf 85' lang='lat' dir='ltr'>vix</span> <span class='ocrx_word' id='word_1_109' title='bbox 795 983 860 1024; x_wconf 83' lang='lat' dir='ltr'>fas</span> <span class='ocrx_word' id='word_1_110' title='bbox 893 985 971 1024; x_wconf 89' lang='lat' dir='ltr'>est.</span> <span class='ocrx_word' id='word_1_111' title='bbox 1033 981 1171 1023; x_wconf 89' lang='lat' dir='ltr'>Huius</span> <span class='ocrx_word' id='word_1_112' title='bbox 1205 980 1395 1033; x_wconf 88' lang='lat' dir='ltr'>consilia,</span> 
     </span>
     <span class='ocr_line' id='line_1_16' title="bbox 4 1040 1397 1096; baseline -0.003 -12"><span class='ocrx_word' id='word_1_113' title='bbox 4 1060 36 1085; x_wconf 85' lang='lat'>15</span> <span class='ocrx_word' id='word_1_114' title='bbox 55 1045 103 1087; x_wconf 89' lang='lat' dir='ltr'>P.</span> <span class='ocrx_word' id='word_1_115' title='bbox 121 1043 294 1086; x_wconf 85' lang='lat' dir='ltr'>Lentuli</span> <span class='ocrx_word' id='word_1_116' title='bbox 327 1042 595 1096; x_wconf 83' lang='lat' dir='ltr'>sententiam,</span> <span class='ocrx_word' id='word_1_117' title='bbox 628 1045 800 1083; x_wconf 88' lang='lat' dir='ltr'>senatus</span> <span class='ocrx_word' id='word_1_118' title='bbox 834 1041 1133 1083; x_wconf 83' lang='lat' dir='ltr'>auctoritatem</span> <span class='ocrx_word' id='word_1_119' title='bbox 1160 1054 1235 1081; x_wconf 84' lang='lat' dir='ltr'>vos</span> <span class='ocrx_word' id='word_1_120' title='bbox 1263 1040 1397 1080; x_wconf 87' lang='lat' dir='ltr'>secuti</span> 
     </span>
     <span class='ocr_line' id='line_1_17' title="bbox 57 1098 1397 1155; baseline -0.005 -10"><span class='ocrx_word' id='word_1_121' title='bbox 57 1106 103 1145; x_wconf 91' lang='lat' dir='ltr'>in</span> <span class='ocrx_word' id='word_1_122' title='bbox 135 1118 183 1145; x_wconf 91' lang='lat' dir='ltr'>eo</span> <span class='ocrx_word' id='word_1_123' title='bbox 215 1116 276 1143; x_wconf 80' lang='lat' dir='ltr'>me</span> <span class='ocrx_word' id='word_1_124' title='bbox 301 1103 407 1155; x_wconf 90' lang='lat' dir='ltr'>loco,</span> <span class='ocrx_word' id='word_1_125' title='bbox 439 1101 485 1142; x_wconf 89' lang='lat' dir='ltr'>in</span> <span class='ocrx_word' id='word_1_126' title='bbox 510 1115 593 1155; x_wconf 91' lang='lat' dir='ltr'>quo</span> <span class='ocrx_word' id='word_1_127' title='bbox 619 1101 775 1141; x_wconf 86' lang='lat' dir='ltr'>vestris</span> <span class='ocrx_word' id='word_1_128' title='bbox 802 1100 1020 1142; x_wconf 85' lang='lat' dir='ltr'>beneficiis</span> <span class='ocrx_word' id='word_1_129' title='bbox 1046 1099 1228 1153; x_wconf 88' lang='lat' dir='ltr'>fueram,</span> <span class='ocrx_word' id='word_1_130' title='bbox 1260 1098 1397 1139; x_wconf 87' lang='lat' dir='ltr'>isdem</span> 
     </span>
     <span class='ocr_line' id='line_1_18' title="bbox 58 1157 1399 1215; baseline -0.007 -10"><span class='ocrx_word' id='word_1_131' title='bbox 58 1161 277 1215; x_wconf 88' lang='lat' dir='ltr'>centuriis,</span> <span class='ocrx_word' id='word_1_132' title='bbox 330 1161 483 1215; x_wconf 86' lang='lat' dir='ltr'>quibus</span> <span class='ocrx_word' id='word_1_133' title='bbox 535 1160 836 1212; x_wconf 80' lang='lat' dir='ltr'>conlocaratis,</span> <span class='ocrx_word' id='word_1_134' title='bbox 887 1158 1153 1213; x_wconf 87' lang='lat' dir='ltr'>reposuistis·.</span> <span class='ocrx_word' id='word_1_135' title='bbox 1234 1157 1399 1198; x_wconf 86' lang='lat' dir='ltr'>Eodem</span> 
     </span>
     <span class='ocr_line' id='line_1_19' title="bbox 59 1217 1400 1275; baseline -0.004 -13"><span class='ocrx_word' id='word_1_136' title='bbox 59 1224 252 1275; x_wconf 88' lang='lat' dir='ltr'>tempore</span> <span class='ocrx_word' id='word_1_137' title='bbox 285 1219 464 1261; x_wconf 90' lang='lat' dir='ltr'>audistis</span> <span class='ocrx_word' id='word_1_138' title='bbox 497 1219 645 1260; x_wconf 88' lang='lat' dir='ltr'>eodem</span> <span class='ocrx_word' id='word_1_139' title='bbox 677 1232 727 1259; x_wconf 81' lang='lat' dir='ltr'>ex</span> <span class='ocrx_word' id='word_1_140' title='bbox 759 1218 853 1259; x_wconf 87' lang='lat' dir='ltr'>loco</span> <span class='ocrx_word' id='word_1_141' title='bbox 886 1232 1076 1259; x_wconf 88' lang='lat' dir='ltr'>summos</span> <span class='ocrx_word' id='word_1_142' title='bbox 1107 1217 1241 1269; x_wconf 83' lang='lat' dir='ltr'>viros,</span> <span class='ocrx_word' id='word_1_143' title='bbox 1279 1229 1400 1256; x_wconf 89' lang='lat' dir='ltr'>orna-</span> 
     </span>
     <span class='ocr_line' id='line_1_20' title="bbox 58 1274 1399 1332; baseline -0.004 -11"><span class='ocrx_word' id='word_1_144' title='bbox 58 1280 249 1322; x_wconf 87' lang='lat' dir='ltr'>tissimos</span> <span class='ocrx_word' id='word_1_145' title='bbox 294 1281 421 1332; x_wconf 84' lang='lat' dir='ltr'>atque</span> <span class='ocrx_word' id='word_1_146' title='bbox 460 1277 750 1331; x_wconf 85' lang='lat' dir='ltr'>amplissimos</span> <span class='ocrx_word' id='word_1_147' title='bbox 788 1277 1001 1330; x_wconf 85' lang='lat' dir='ltr'>homines,</span> <span class='ocrx_word' id='word_1_148' title='bbox 1044 1276 1259 1330; x_wconf 85' lang='lat' dir='ltr'>principes</span> <span class='ocrx_word' id='word_1_149' title='bbox 1298 1274 1399 1315; x_wconf 86' lang='lat' dir='ltr'>civi-</span> 
     </span>
     <span class='ocr_line' id='line_1_21' title="bbox 7 1333 1399 1391; baseline -0.004 -12"><span class='ocrx_word' id='word_1_150' title='bbox 7 1354 41 1378; x_wconf 80' lang='lat'>20</span> <span class='ocrx_word' id='word_1_151' title='bbox 60 1339 177 1391; x_wconf 89' lang='lat' dir='ltr'>tatis,</span> <span class='ocrx_word' id='word_1_152' title='bbox 204 1351 352 1378; x_wconf 90' lang='lat' dir='ltr'>omnes</span> <span class='ocrx_word' id='word_1_153' title='bbox 374 1336 632 1388; x_wconf 91' lang='lat' dir='ltr'>consulares,</span> <span class='ocrx_word' id='word_1_154' title='bbox 653 1349 798 1376; x_wconf 88' lang='lat' dir='ltr'>omnes</span> <span class='ocrx_word' id='word_1_155' title='bbox 819 1335 1060 1389; x_wconf 88' lang='lat' dir='ltr'>praetorios</span> <span class='ocrx_word' id='word_1_156' title='bbox 1083 1334 1230 1375; x_wconf 88' lang='lat' dir='ltr'>eadem</span> <span class='ocrx_word' id='word_1_157' title='bbox 1251 1333 1399 1381; x_wconf 85' lang='lat' dir='ltr'>dicere,</span> 
     </span>
     <span class='ocr_line' id='line_1_22' title="bbox 60 1391 1399 1447; baseline -0.004 -10"><span class='ocrx_word' id='word_1_158' title='bbox 60 1399 108 1438; x_wconf 91' lang='lat' dir='ltr'>ut</span> <span class='ocrx_word' id='word_1_159' title='bbox 153 1395 341 1437; x_wconf 89' lang='lat' dir='ltr'>omnium</span> <span class='ocrx_word' id='word_1_160' title='bbox 380 1394 629 1436; x_wconf 90' lang='lat' dir='ltr'>testimonio</span> <span class='ocrx_word' id='word_1_161' title='bbox 666 1408 743 1447; x_wconf 89' lang='lat' dir='ltr'>per</span> <span class='ocrx_word' id='word_1_162' title='bbox 780 1407 847 1434; x_wconf 87' lang='lat' dir='ltr'>me</span> <span class='ocrx_word' id='word_1_163' title='bbox 885 1408 1016 1433; x_wconf 91' lang='lat' dir='ltr'>unum</span> <span class='ocrx_word' id='word_1_164' title='bbox 1054 1407 1142 1433; x_wconf 88' lang='lat' dir='ltr'>rem</span> <span class='ocrx_word' id='word_1_165' title='bbox 1181 1391 1399 1446; x_wconf 84' lang='lat' dir='ltr'>publicam</span> 
     </span>
     <span class='ocr_line' id='line_1_23' title="bbox 62 1449 1401 1506; baseline -0.005 -10"><span class='ocrx_word' id='word_1_166' title='bbox 62 1456 358 1497; x_wconf 85' lang='lat' dir='ltr'>conservatam</span> <span class='ocrx_word' id='word_1_167' title='bbox 391 1467 482 1494; x_wconf 90' lang='lat' dir='ltr'>esse</span> <span class='ocrx_word' id='word_1_168' title='bbox 514 1454 742 1494; x_wconf 86' lang='lat' dir='ltr'>constaret.</span> <span class='ocrx_word' id='word_1_169' title='bbox 797 1451 960 1506; x_wconf 90' lang='lat' dir='ltr'>Itaque,</span> <span class='ocrx_word' id='word_1_170' title='bbox 992 1465 1087 1492; x_wconf 91' lang='lat' dir='ltr'>cum</span> <span class='ocrx_word' id='word_1_171' title='bbox 1117 1449 1162 1491; x_wconf 90' lang='lat' dir='ltr'>P.</span> <span class='ocrx_word' id='word_1_172' title='bbox 1184 1449 1401 1502; x_wconf 80' lang='lat' dir='ltr'>Servilius,</span> 
     </span>
     <span class='ocr_line' id='line_1_24' title="bbox 64 1509 1402 1569; baseline -0.004 -15"><span class='ocrx_word' id='word_1_173' title='bbox 64 1512 342 1569; x_wconf 77' lang='lat' dir='ltr'>gravissimus</span> <span class='ocrx_word' id='word_1_174' title='bbox 374 1511 440 1552; x_wconf 89' lang='lat' dir='ltr'>vir</span> <span class='ocrx_word' id='word_1_175' title='bbox 479 1513 521 1552; x_wconf 90' lang='lat' dir='ltr'>et</span> <span class='ocrx_word' id='word_1_176' title='bbox 558 1510 856 1552; x_wconf 86' lang='lat' dir='ltr'>ornatissimus</span> <span class='ocrx_word' id='word_1_177' title='bbox 895 1510 1018 1562; x_wconf 88' lang='lat' dir='ltr'>civis,</span> <span class='ocrx_word' id='word_1_178' title='bbox 1057 1509 1234 1549; x_wconf 81' lang='lat' dir='ltr'>dixisset</span> <span class='ocrx_word' id='word_1_179' title='bbox 1272 1523 1402 1562; x_wconf 85' lang='lat' dir='ltr'>opera</span> 
     </span>
     <span class='ocr_line' id='line_1_25' title="bbox 63 1567 1401 1624; baseline -0.004 -11"><span class='ocrx_word' id='word_1_180' title='bbox 63 1587 158 1614; x_wconf 89' lang='lat' dir='ltr'>mea</span> <span class='ocrx_word' id='word_1_181' title='bbox 189 1585 278 1612; x_wconf 90' lang='lat' dir='ltr'>rem</span> <span class='ocrx_word' id='word_1_182' title='bbox 309 1570 527 1624; x_wconf 87' lang='lat' dir='ltr'>publicam</span> <span class='ocrx_word' id='word_1_183' title='bbox 558 1569 815 1611; x_wconf 88' lang='lat' dir='ltr'>incolumem</span> <span class='ocrx_word' id='word_1_184' title='bbox 848 1568 1177 1624; x_wconf 82' lang='lat' dir='ltr'>magistratibus</span> <span class='ocrx_word' id='word_1_185' title='bbox 1205 1567 1401 1621; x_wconf 86' lang='lat' dir='ltr'>deinceps</span> 
     </span>
     <span class='ocr_line' id='line_1_26' title="bbox 10 1624 1403 1683; baseline -0.004 -12"><span class='ocrx_word' id='word_1_186' title='bbox 10 1646 44 1672; x_wconf 83' lang='lat'>25</span> <span class='ocrx_word' id='word_1_187' title='bbox 63 1630 281 1683; x_wconf 79' lang='lat' dir='ltr'>traditam,</span> <span class='ocrx_word' id='word_1_188' title='bbox 313 1629 510 1670; x_wconf 81' lang='lat' dir='ltr'>dixerunt</span> <span class='ocrx_word' id='word_1_189' title='bbox 540 1628 585 1669; x_wconf 93' lang='lat' dir='ltr'>in</span> <span class='ocrx_word' id='word_1_190' title='bbox 617 1629 794 1670; x_wconf 89' lang='lat' dir='ltr'>eandem</span> <span class='ocrx_word' id='word_1_191' title='bbox 826 1628 1083 1670; x_wconf 88' lang='lat' dir='ltr'>sententiam</span> <span class='ocrx_word' id='word_1_192' title='bbox 1116 1626 1258 1667; x_wconf 85' lang='lat' dir='ltr'>ceteri.</span> <span class='ocrx_word' id='word_1_193' title='bbox 1320 1624 1403 1667; x_wconf 84' lang='lat' dir='ltr'>Sed</span> 
     </span>
     <span class='ocr_line' id='line_1_27' title="bbox 66 1685 1403 1742; baseline -0.004 -11"><span class='ocrx_word' id='word_1_194' title='bbox 66 1689 247 1732; x_wconf 85' lang='lat' dir='ltr'>audistis</span> <span class='ocrx_word' id='word_1_195' title='bbox 286 1702 334 1729; x_wconf 95' lang='lat' dir='ltr'>eo</span> <span class='ocrx_word' id='word_1_196' title='bbox 373 1691 564 1742; x_wconf 88' lang='lat' dir='ltr'>tempore</span> <span class='ocrx_word' id='word_1_197' title='bbox 597 1687 826 1728; x_wconf 82' lang='lat' dir='ltr'>clarissimi</span> <span class='ocrx_word' id='word_1_198' title='bbox 856 1687 938 1728; x_wconf 84' lang='lat' dir='ltr'>viri</span> <span class='ocrx_word' id='word_1_199' title='bbox 969 1700 1055 1727; x_wconf 92' lang='lat' dir='ltr'>non</span> <span class='ocrx_word' id='word_1_200' title='bbox 1088 1685 1228 1726; x_wconf 89' lang='lat' dir='ltr'>solum</span> <span class='ocrx_word' id='word_1_201' title='bbox 1261 1686 1403 1726; x_wconf 85' lang='lat' dir='ltr'>aucto-</span> 
     </span>
     <span class='ocr_line' id='line_1_28' title="bbox 64 1743 1404 1801; baseline -0.004 -12"><span class='ocrx_word' id='word_1_202' title='bbox 64 1749 255 1801; x_wconf 87' lang='lat' dir='ltr'>ritatem,</span> <span class='ocrx_word' id='word_1_203' title='bbox 300 1746 373 1788; x_wconf 78' lang='lat' dir='ltr'>sed</span> <span class='ocrx_word' id='word_1_204' title='bbox 418 1747 547 1787; x_wconf 91' lang='lat' dir='ltr'>etiam</span> <span class='ocrx_word' id='word_1_205' title='bbox 584 1746 897 1799; x_wconf 87' lang='lat' dir='ltr'>testimonium,</span> <span class='ocrx_word' id='word_1_206' title='bbox 940 1744 985 1786; x_wconf 90' lang='lat' dir='ltr'>L.</span> <span class='ocrx_word' id='word_1_207' title='bbox 1019 1744 1148 1798; x_wconf 83' lang='lat' dir='ltr'>Gelli3</span> <span class='ocrx_word' id='word_1_208' title='bbox 1194 1743 1266 1798; x_wconf 89' lang='lat' dir='ltr'>qui</span> <span class='ocrx_word' id='word_1_209' title='bbox 1304 1743 1404 1797; x_wconf 86' lang='lat' dir='ltr'>quia</span> 
     </span>
     <span class='ocr_line' id='line_1_29' title="bbox 68 1802 1403 1859; baseline -0.004 -11"><span class='ocrx_word' id='word_1_210' title='bbox 68 1821 189 1849; x_wconf 88' lang='lat' dir='ltr'>suam</span> <span class='ocrx_word' id='word_1_211' title='bbox 226 1807 406 1848; x_wconf 85' lang='lat' dir='ltr'>classem</span> <span class='ocrx_word' id='word_1_212' title='bbox 440 1805 751 1859; x_wconf 82' lang='lat' dir='ltr'>adtemptatam</span> <span class='ocrx_word' id='word_1_213' title='bbox 784 1818 942 1859; x_wconf 84' lang='lat' dir='ltr'>magno</span> <span class='ocrx_word' id='word_1_214' title='bbox 976 1817 1071 1844; x_wconf 90' lang='lat' dir='ltr'>cum</span> <span class='ocrx_word' id='word_1_215' title='bbox 1104 1816 1179 1843; x_wconf 89' lang='grc'>3110</span> <span class='ocrx_word' id='word_1_216' title='bbox 1211 1802 1403 1856; x_wconf 88' lang='lat' dir='ltr'>periculo</span> 
     </span>
     <span class='ocr_line' id='line_1_30' title="bbox 66 1860 1403 1921; baseline -0.004 -15"><span class='ocrx_word' id='word_1_217' title='bbox 66 1879 200 1921; x_wconf 89' lang='lat' dir='ltr'>paene</span> <span class='ocrx_word' id='word_1_218' title='bbox 232 1865 376 1918; x_wconf 88' lang='lat' dir='ltr'>sensit,</span> <span class='ocrx_word' id='word_1_219' title='bbox 409 1864 516 1905; x_wconf 85' lang='lat' dir='ltr'>dixit</span> <span class='ocrx_word' id='word_1_220' title='bbox 540 1864 584 1904; x_wconf 87' lang='lat' dir='ltr'>in</span> <span class='ocrx_word' id='word_1_221' title='bbox 611 1863 809 1905; x_wconf 91' lang='lat' dir='ltr'>contione</span> <span class='ocrx_word' id='word_1_222' title='bbox 835 1865 1038 1916; x_wconf 86' lang='lat' dir='ltr'>vestrum,</span> <span class='ocrx_word' id='word_1_223' title='bbox 1070 1861 1107 1902; x_wconf 88' lang='lat' dir='ltr'>si</span> <span class='ocrx_word' id='word_1_224' title='bbox 1134 1874 1213 1916; x_wconf 80' lang='lat' dir='ltr'>ego</span> <span class='ocrx_word' id='word_1_225' title='bbox 1241 1860 1403 1913; x_wconf 89' lang='lat' dir='ltr'>consul,</span> 
     </span>
     <span class='ocr_line' id='line_1_31' title="bbox 15 1919 1404 1977; baseline -0.005 -12"><span class='ocrx_word' id='word_1_226' title='bbox 15 1939 49 1965; x_wconf 83' lang='lat'>30</span> <span class='ocrx_word' id='word_1_227' title='bbox 68 1939 163 1966; x_wconf 88' lang='lat' dir='ltr'>cum</span> <span class='ocrx_word' id='word_1_228' title='bbox 199 1924 277 1977; x_wconf 88' lang='lat' dir='ltr'>fui,</span> <span class='ocrx_word' id='word_1_229' title='bbox 312 1938 400 1965; x_wconf 90' lang='lat' dir='ltr'>non</span> <span class='ocrx_word' id='word_1_230' title='bbox 437 1923 629 1975; x_wconf 84' lang='lat' dir='ltr'>fuissem,</span> <span class='ocrx_word' id='word_1_231' title='bbox 666 1936 757 1962; x_wconf 90' lang='lat' dir='ltr'>rem</span> <span class='ocrx_word' id='word_1_232' title='bbox 795 1921 1010 1976; x_wconf 88' lang='lat' dir='ltr'>publicam</span> <span class='ocrx_word' id='word_1_233' title='bbox 1048 1920 1239 1960; x_wconf 86' lang='lat' dir='ltr'>funditus</span> <span class='ocrx_word' id='word_1_234' title='bbox 1275 1919 1404 1959; x_wconf 88' lang='lat' dir='ltr'>inter-</span> 
     </span>
     <span class='ocr_line' id='line_1_32' title="bbox 66 1982 398 2025; baseline -0.006 0"><span class='ocrx_word' id='word_1_235' title='bbox 66 1985 225 2025; x_wconf 86' lang='lat' dir='ltr'>ituram</span> <span class='ocrx_word' id='word_1_236' title='bbox 255 1982 398 2023; x_wconf 86' lang='lat' dir='ltr'>fuisse.</span> 
     </span>
    </p>

    <p class='ocr_par' dir='ltr' id='par_1_3' title="bbox 70 2035 1407 2213">
     <span class='ocr_line' id='line_1_33' title="bbox 155 2035 1404 2096; baseline -0.006 -13"><span class='ocrx_word' id='word_1_237' title='bbox 155 2041 222 2082; x_wconf 87' lang='lat' dir='ltr'>En</span> <span class='ocrx_word' id='word_1_238' title='bbox 260 2055 338 2096; x_wconf 82' lang='lat' dir='ltr'>ego</span> <span class='ocrx_word' id='word_1_239' title='bbox 379 2043 446 2082; x_wconf 91' lang='lat' dir='ltr'>tot</span> <span class='ocrx_word' id='word_1_240' title='bbox 477 2038 754 2092; x_wconf 82' lang='lat' dir='ltr'>testimoniis,</span> <span class='ocrx_word' id='word_1_241' title='bbox 792 2037 998 2091; x_wconf 82' lang='lat' dir='ltr'>Quirites,</span> <span class='ocrx_word' id='word_1_242' title='bbox 1034 2036 1116 2078; x_wconf 89' lang='lat' dir='ltr'>hac</span> <span class='ocrx_word' id='word_1_243' title='bbox 1149 2035 1404 2077; x_wconf 85' lang='lat' dir='ltr'>auctoritate</span> 
     </span>
     <span class='ocr_line' id='line_1_34' title="bbox 71 2093 1407 2154; baseline -0.007 -12"><span class='ocrx_word' id='word_1_244' title='bbox 71 2104 261 2154; x_wconf 87' lang='lat' dir='ltr'>senatus,</span> <span class='ocrx_word' id='word_1_245' title='bbox 292 2102 414 2141; x_wconf 87' lang='lat' dir='ltr'>tanta</span> <span class='ocrx_word' id='word_1_246' title='bbox 445 2099 721 2141; x_wconf 86' lang='lat' dir='ltr'>consensione</span> <span class='ocrx_word' id='word_1_247' title='bbox 752 2096 916 2149; x_wconf 85' lang='lat' dir='ltr'>Italiae,</span> <span class='ocrx_word' id='word_1_248' title='bbox 946 2097 1070 2136; x_wconf 87' lang='lat' dir='ltr'>tanto</span> <span class='ocrx_word' id='word_1_249' title='bbox 1103 2094 1243 2136; x_wconf 86' lang='lat' dir='ltr'>studio</span> <span class='ocrx_word' id='word_1_250' title='bbox 1276 2093 1407 2134; x_wconf 91' lang='lat' dir='ltr'>bono-</span> 
     </span>
     <span class='ocr_line' id='line_1_35' title="bbox 70 2151 1407 2213; baseline -0.007 -13"><span class='ocrx_word' id='word_1_251' title='bbox 70 2174 166 2200; x_wconf 89' lang='lat' dir='ltr'>rum</span> <span class='ocrx_word' id='word_1_252' title='bbox 193 2158 395 2212; x_wconf 90' lang='lat' dir='ltr'>omnium,</span> <span class='ocrx_word' id='word_1_253' title='bbox 421 2159 572 2213; x_wconf 82' lang='lat' dir='ltr'>agente</span> <span class='ocrx_word' id='word_1_254' title='bbox 591 2157 637 2198; x_wconf 89' lang='lat' dir='ltr'>P.</span> <span class='ocrx_word' id='word_1_255' title='bbox 651 2156 845 2209; x_wconf 86' lang='lat' dir='ltr'>Lentulo,</span> <span class='ocrx_word' id='word_1_256' title='bbox 871 2154 1234 2196; x_wconf 89' lang='lat' dir='ltr'>consentientibus</span> <span class='ocrx_word' id='word_1_257' title='bbox 1256 2151 1407 2193; x_wconf 87' lang='lat' dir='ltr'>ceteris</span> 
     </span>
    </p>

    <p class='ocr_par' dir='ltr' id='par_1_4' title="bbox 19 2211 1408 2389">
     <span class='ocr_line' id='line_1_36' title="bbox 19 2211 1407 2273; baseline -0.004 -17"><span class='ocrx_word' id='word_1_258' title='bbox 19 2230 52 2256; x_wconf 70' lang='grc'>35</span> <span class='ocrx_word' id='word_1_259' title='bbox 72 2217 409 2273; x_wconf 82' lang='lat' dir='ltr'>magistratibus,</span> <span class='ocrx_word' id='word_1_260' title='bbox 436 2217 687 2271; x_wconf 89' lang='lat' dir='ltr'>deprecante</span> <span class='ocrx_word' id='word_1_261' title='bbox 715 2213 789 2256; x_wconf 87' lang='lat' dir='ltr'>Cn.</span> <span class='ocrx_word' id='word_1_262' title='bbox 802 2213 1020 2268; x_wconf 90' lang='lat' dir='ltr'>Pompeio,</span> <span class='ocrx_word' id='word_1_263' title='bbox 1047 2212 1246 2254; x_wconf 89' lang='lat' dir='ltr'>omnibus</span> <span class='ocrx_word' id='word_1_264' title='bbox 1271 2211 1407 2251; x_wconf 89' lang='lat' dir='ltr'>homi-</span> 
     </span>
     <span class='ocr_line' id='line_1_37' title="bbox 71 2268 1408 2328; baseline -0.007 -11"><span class='ocrx_word' id='word_1_265' title='bbox 71 2276 196 2317; x_wconf 91' lang='lat' dir='ltr'>nibus</span> <span class='ocrx_word' id='word_1_266' title='bbox 239 2275 500 2328; x_wconf 84' lang='lat' dir='ltr'>faventibus,</span> <span class='ocrx_word' id='word_1_267' title='bbox 544 2275 607 2315; x_wconf 90' lang='lat' dir='ltr'>dis</span> <span class='ocrx_word' id='word_1_268' title='bbox 653 2274 832 2327; x_wconf 86' lang='lat' dir='ltr'>denique</span> <span class='ocrx_word' id='word_1_269' title='bbox 875 2271 1194 2313; x_wconf 89' lang='lat' dir='ltr'>immortalibus</span> <span class='ocrx_word' id='word_1_270' title='bbox 1235 2268 1408 2323; x_wconf 81' lang='lat' dir='ltr'>frugum</span> 
     </span>
     <span class='ocr_line' id='line_1_38' title="bbox 72 2327 1407 2389; baseline -0.007 -12"><span class='ocrx_word' id='word_1_271' title='bbox 72 2335 282 2387; x_wconf 86' lang='lat' dir='ltr'>ubertate,</span> <span class='ocrx_word' id='word_1_272' title='bbox 309 2334 441 2389; x_wconf 85' lang='lat' dir='ltr'>copia,</span> <span class='ocrx_word' id='word_1_273' title='bbox 465 2333 633 2375; x_wconf 81' lang='lat' dir='ltr'>vilitate</span> <span class='ocrx_word' id='word_1_274' title='bbox 659 2332 843 2373; x_wconf 83' lang='lat' dir='ltr'>reditum</span> <span class='ocrx_word' id='word_1_275' title='bbox 864 2345 1005 2372; x_wconf 88' lang='lat' dir='ltr'>meum</span> <span class='ocrx_word' id='word_1_276' title='bbox 1027 2327 1407 2383; x_wconf 88' lang='lat' dir='ltr'>comprobantibus</span> 
     </span>
    </p>
   </div>
   <div class='ocr_carea' id='block_1_3' title="bbox 1423 939 1462 970">
    <p class='ocr_par' dir='ltr' id='par_1_5' title="bbox 1423 939 1462 970">
     <span class='ocr_line' id='line_1_39' title="bbox 1423 939 1462 970; baseline 0.026 -1"><span class='ocrx_word' id='word_1_277' title='bbox 1423 939 1462 970; x_wconf 78' lang='lat'>17</span> 
     </span>
    </p>
   </div>
   <div class='ocr_carea' id='block_1_4' title="bbox 1432 2022 1476 2103">
    <p class='ocr_par' dir='ltr' id='par_1_6' title="bbox 1432 2022 1476 2103">
     <span class='ocr_line' id='line_1_40' title="bbox 1432 2022 1476 2103; baseline 0 0"><span class='ocrx_word' id='word_1_278' title='bbox 1432 2022 1476 2103; x_wconf 53' lang='grc' dir='ltr'>ἐξ</span> 
     </span>
    </p>
   </div>
  </div>
 </body>
</html>
