1687 2533
166 1413 209 1443 31

234 73 323 113 400
610 70 704 106 PRO
732 72 769 105 L.
797 71 981 106 FLACCO
1010 70 1200 106 ORATIO.

236 168 506 221 confecisset,
539 168 721 209 classem
752 171 898 208 tamen
929 167 1064 208 isdem
1095 167 1192 208 istis
1225 167 1471 209 civitatibus
1502 168 1578 209 im·
1629 196 1634 203 -

234 228 413 284 peravit.
476 225 598 275 Quod
639 227 674 267 si
712 229 803 267 tum
837 226 991 267 statuit
1024 240 1131 281 opus
1165 240 1274 279 esse,
1314 240 1410 267 cum
1442 226 1576 281 ipsius

234 286 474 340 praesentis
506 285 677 326 nomine
703 288 799 326 tuta
826 285 969 326 onmia
995 287 1038 326 et
1063 287 1218 339 pacata
1245 299 1336 325 esse
1362 288 1577 339 poterant,

237 344 350 399 quid,
382 359 477 385 cum
509 345 582 384 ille
615 344 879 396 decessisset,
911 342 1065 385 Flacco
1099 343 1358 384 existimatis
1392 346 1577 385 statuen-

164 390 221 473 ὲὲ)
238 405 336 444 dum
369 406 411 444 et
441 403 683 444 faciendum
714 402 876 443 fuisse?
926 401 1065 450 Quid?
1099 417 1177 444 nos
1209 402 1279 443 hic
1309 416 1450 443 nonne
1483 403 1576 457 ipso
1596 417 1613 442 5

236 461 440 516 Pompeio
480 464 652 502 auctore
687 460 831 502 Silano
871 463 914 502 et
943 460 1122 502 Murena
1160 461 1407 502 consulibus
1439 461 1579 502 decre-

236 521 391 574 vimus,
433 523 479 561 ut
518 520 668 561 classis
700 520 746 560 in
776 519 904 560 Italia
934 520 1191 575 navigaret?
1229 534 1369 560 nonne
1402 534 1450 561 eo
1482 521 1576 573 ipso

235 583 446 634 tempore,
479 594 574 620 cum
608 578 653 620 L.
685 578 862 620 Flaccus
896 580 941 619 in
971 578 1078 619 Asia
1109 578 1293 632 remiges
1325 578 1579 632 imperabat,

234 653 313 680 nos
346 638 415 680 hic
445 639 491 679 in
522 652 639 679 mare
666 651 867 690 superum
894 641 937 678 et
962 636 1146 678 inferum
1172 637 1418 678 sestertium
1444 641 1510 678 ter
1536 641 1578 678 et

236 697 521 752 quadragiens
554 696 868 750 erogabamus?
913 695 1052 744 Quid?
1085 698 1259 750 postero
1293 710 1405 737 anno
1437 710 1578 737 nonne
1599 711 1632 735 10
1686 685 1687 699 ¹

235 755 292 797 M.
315 755 464 797 Curtio
486 758 529 797 et
548 754 594 797 P.
615 755 794 796 Sextilio
815 755 1114 810 quaestoribus
1135 754 1314 809 pecunia
1333 754 1378 795 in
1397 754 1579 796 classem

236 817 303 856 est
335 814 542 870 erogata?
587 812 725 862 Quid?
758 813 839 855 hoc
870 813 987 854 omni
1017 816 1209 868 tempore
1242 813 1405 867 equites
1434 813 1480 854 in
1505 828 1580 855 ora

236 874 453 915 maritima
488 888 576 914 non
612 872 814 913 fuerunt?
877 872 960 914 Illa
999 875 1065 913 est
1105 872 1217 913 enim
1257 872 1397 926 gloria
1436 872 1580 913 divina

235 931 432 986 Pompei,
475 932 663 986 primum
700 931 937 985 praedones
976 945 1068 981 eos,
1114 931 1186 984 qui
1224 933 1336 985 tum,
1380 945 1474 972 cum
1514 931 1578 971 illi

236 991 400 1032 bellum
443 990 707 1032 maritimum
750 990 983 1043 gerendum
1022 989 1169 1031 datum
1209 991 1292 1043 est,
1336 992 1430 1030 toto
1470 989 1579 1030 mari
1599 1004 1631 1029 15

237 1049 419 1104 dispersi
439 1049 721 1103 vagabantur,
740 1048 935 1090 redactos
957 1063 1048 1089 esse
1071 1062 1222 1089 omnes
1242 1048 1287 1088 in
1308 1051 1578 1101 potestatem,

237 1108 387 1149 deinde
421 1107 589 1161 Syriam
622 1121 713 1148 esse
744 1111 948 1161 nostram,
980 1106 1176 1148 Ciliciam
1207 1107 1356 1160 teneri,
1389 1106 1579 1161 Cyprum

236 1181 313 1221 per
338 1166 639 1208 Ptolomaeum
664 1179 808 1220 regem
834 1166 942 1206 nihil
969 1166 1134 1219 audere,
1161 1167 1382 1218 praeterea
1404 1164 1579 1207 Cretam

235 1225 399 1266 Metelli
431 1226 592 1266 virtute
626 1239 717 1265 esse
749 1228 961 1278 nostram,
992 1224 1101 1265 nihil
1134 1238 1238 1276 esse,
1269 1223 1380 1264 unde
1412 1224 1578 1278 profici-

237 1286 424 1336 scantur,
455 1284 575 1335 nihil,
607 1298 690 1337 quo
722 1286 1005 1337 revertantur,
1037 1297 1184 1324 omnes
1217 1283 1347 1335 sinus,
1378 1297 1577 1337 promun-
1598 1298 1632 1322 ρο

237 1343 363 1396 turia,
389 1343 531 1396 litora,
557 1342 733 1394 insulas,
760 1342 885 1383 urbes
913 1341 1153 1382 maritimas
1181 1341 1381 1382 claustris
1409 1342 1578 1396 imperii

237 1401 375 1442 nostri
422 1401 643 1443 contineri.
715 1400 876 1449 Quodsi
917 1400 1070 1442 Flacco
1118 1401 1314 1453 praetore
1361 1414 1486 1441 nemo
1534 1400 1578 1441 in

239 1460 347 1501 mari
378 1460 537 1515 praedo
568 1459 732 1513 fuisset,
759 1461 904 1500 tamen
936 1459 1063 1500 huius
1097 1458 1323 1514 diligentia
1353 1459 1577 1513 reprehen-

239 1519 375 1560 denda
417 1533 503 1560 non
548 1520 671 1559 esset.
744 1518 906 1559 Idcirco
952 1517 1083 1571 enim,
1129 1517 1239 1571 quod
1284 1517 1354 1558 hic
1398 1518 1577 1559 classem

237 1577 471 1627 habuisset,
504 1577 793 1618 existimarem
825 1591 911 1618 non
942 1577 1085 1617 fuisse.
1147 1574 1285 1624 Quid?
1319 1576 1356 1617 si
1387 1575 1433 1616 L.
1454 1575 1578 1629 Eppi,
1597 1588 1630 1614 25

237 1635 284 1676 L.
317 1635 442 1690 Agri,
476 1634 520 1677 C.
553 1634 686 1688 Cesti,
720 1635 911 1689 equitum
944 1635 1255 1687 Romanorum,
1285 1634 1412 1675 huius
1445 1635 1574 1675 etiam

238 1694 469 1736 clarissimi
499 1694 600 1748 viri,
638 1693 712 1735 Cn.
744 1694 926 1747 Domiti,
965 1694 1036 1748 qui
1067 1693 1112 1733 in
1143 1693 1251 1734 Asia
1282 1696 1373 1733 tum
1406 1693 1576 1748 legatus

238 1753 332 1805 fuit,
363 1752 611 1794 testimonio
644 1752 773 1794 doceo
807 1767 855 1793 eo
888 1753 981 1807 ipso
1014 1754 1218 1806 tempore,
1251 1766 1333 1806 quo
1365 1753 1413 1792 tu
1444 1765 1576 1806 negas

239 1811 418 1853 classem
462 1811 703 1852 habendam
744 1811 897 1865 fuisse,
943 1811 1183 1864 complures
1228 1825 1253 1851 a
1289 1809 1575 1864 praedonibus

240 1884 332 1911 esse
364 1872 525 1923 captos,
556 1873 701 1910 tamen
732 1869 874 1911 Flacci
906 1869 1129 1910 consilium
1161 1870 1205 1909 in
1236 1868 1469 1922 remigibus
1502 1869 1576 1909 im·
1596 1881 1631 1906 30

238 1927 438 1983 perandis
476 1927 838 1982 reprehendetur?
901 1927 1028 1978 Quid,
1067 1928 1102 1968 si
1141 1927 1271 1967 etiam
1310 1926 1472 1967 occisus
1513 1931 1578 1968 est

241 2002 265 2028 a
302 1986 454 2040 piratis
491 1987 811 2039 Adramytenus
849 1986 977 2027 homo
1015 1985 1192 2037 nobilis,
1231 1985 1348 2026 cuius
1387 1988 1452 2026 est
1489 1985 1576 2026 fere

238 2045 364 2086 nobis
397 2045 594 2086 omnibus
626 2059 783 2086 nomen
814 2045 1024 2097 auditum,
1056 2044 1249 2097 Atyanas
1282 2044 1403 2098 pugil
1437 2043 1576 2097 Olym-

239 2104 457 2158 pionices?
495 2103 576 2144 hoc
614 2106 679 2144 est
716 2103 829 2157 apud
861 2102 1066 2155 Graecos,
1107 2102 1308 2156 quoniam
1347 2102 1397 2143 de
1430 2117 1576 2143 eorum

241 2162 456 2217 gravitate
500 2161 695 2214 dicimus,
739 2176 872 2216 prope
916 2161 1053 2202 maius
1098 2163 1140 2201 et
1178 2161 1408 2215 gloriosius
1448 2175 1575 2214 quam
1595 2171 1629 2197 35

240 2220 402 2262 Romae
446 2219 747 2274 triumphasse.
818 2220 892 2260 cAt
935 2218 1147 2260 neminem
1192 2218 1370 2272 cepisti.9
1439 2218 1575 2267 Quam

240 2279 366 2320 multi
399 2293 498 2320 orae
530 2278 771 2319 maritimae
805 2277 1032 2319 clarissimi
1064 2278 1145 2318 viri
1178 2277 1472 2331 praefuerunt,
1504 2278 1577 2332 qui
