1687 2533
250 115 339 156 450
384 114 560 151 ORATIO
586 114 706 150 POST
730 113 950 149 REDITUM
975 113 1039 148 AD
1067 112 1291 155 QUIRITES
1317 113 1510 150 HABITA.

251 210 439 264 fuerunt,
480 211 539 252 sic
581 210 706 264 illud,
743 210 857 264 quod
887 224 982 251 mea
1012 210 1150 251 virtus
1181 211 1402 264 praestare
1433 209 1592 265 debuit,

254 270 483 323 adiutores,
517 272 711 311 auctores
742 268 1073 323 hortatoresque
1106 268 1159 309 ad
1187 282 1254 309 me
1280 268 1591 310 restituendum

252 329 314 369 ita
363 328 489 369 multi
536 327 726 381 fuerunt,
775 330 824 368 ut
866 327 993 382 longe
1039 327 1277 381 superiores
1322 341 1468 369 omnes
1511 327 1591 369 hac

255 387 464 442 dignitate
503 387 708 441 copiaque
747 400 1004 440 superarem.
1071 385 1318 441 Numquam
1355 386 1406 427 de
1436 385 1482 428 P.
1513 385 1591 427 Po-

253 446 377 499 pilio,
416 445 654 487 clarissimo
695 459 743 486 ac
780 444 1017 486 fortissimo
1050 445 1159 498 viro,
1195 459 1429 498 numquam
1460 444 1510 485 de
1543 443 1628 493 Q.5

254 504 441 556 Metello,
472 503 742 545 nobilissimo
775 506 818 544 et
850 503 1198 544 constantissimo
1226 503 1327 557 cive,
1358 518 1591 558 numquam

256 563 305 603 de
339 562 382 603 C.
402 562 553 616 Mario,
587 562 760 603 custode
793 562 979 603 civitatis
1013 564 1140 616 atque
1171 561 1341 616 imperii
1371 562 1516 616 vestri,
1546 561 1591 602 in

187 634 228 665 10
259 625 407 662 senatu
451 621 610 662 mentio
655 621 771 662 facta
814 623 889 662 est.
958 620 1213 663 Tribuniciis
1253 620 1490 675 superiores
1527 620 1592 662 illi

255 680 552 734 rogationibus
590 680 711 721 nulla
748 679 1002 721 auctoritate
1040 682 1214 720 senatus
1255 682 1353 720 sunt
1389 679 1592 733 restituti,

255 738 418 779 Marius
457 753 557 779 vero
595 753 682 779 non
713 738 839 780 modo
871 753 958 779 non
991 753 1015 779 a
1048 741 1215 792 senatu,
1254 739 1327 780 sed
1360 738 1489 779 etiam
1521 753 1591 792 op·
1611 749 1646 776 10

254 811 403 852 presso
454 800 606 838 senatu
657 799 722 838 est
770 797 1013 851 restitutus,
1061 811 1138 838 nec
1186 811 1329 838 rerum
1373 799 1591 852 gestarum

255 856 461 897 memoria
491 856 537 896 in
567 855 706 897 reditu
739 854 783 898 C.
812 855 935 909 Mari,
967 855 1041 897 sed
1073 855 1280 897 exercitus
1314 858 1440 910 atque
1473 870 1593 897 arma

255 915 499 967 valuerunt3
532 917 577 956 at
609 915 658 956 de
691 929 757 956 me
783 917 831 955 ut
862 915 1037 964 valeret,
1070 929 1236 968 semper
1269 917 1441 955 senatus
1472 914 1592 969 flagi-

255 973 377 1026 tavit,
408 977 456 1014 ut
488 973 714 1027 aliquando
747 973 984 1028 proficeret,
1017 987 1111 1014 cum
1137 973 1323 1028 primum
1349 972 1483 1027 licuit,
1513 973 1591 1014 fre-

256 1032 430 1086 quentia
468 1035 596 1085 atque
635 1032 892 1073 auctoritate
929 1031 1118 1086 perfecit.
1179 1031 1336 1073 Nullus
1366 1032 1412 1072 in
1444 1046 1590 1073 eorum
1613 1043 1645 1069 15

255 1090 394 1131 reditu
436 1093 578 1131 motus
610 1090 939 1144 municipiorum
973 1093 1015 1131 et
1047 1090 1310 1131 coloniarum
1342 1090 1481 1131 factus
1515 1092 1592 1144 est,

256 1152 301 1190 at
333 1163 398 1189 me
431 1148 476 1189 in
507 1149 692 1203 patriam
719 1151 784 1190 ter
817 1149 904 1190 suis
938 1148 1116 1190 decretis
1142 1148 1270 1189 Italia
1296 1152 1448 1190 cuncta
1473 1163 1591 1190 revo-

256 1207 378 1248 cavit.
446 1207 519 1247 Illi
556 1207 738 1249 inimicis
776 1207 1032 1261 interfectis,
1077 1221 1234 1261 magna
1272 1207 1427 1248 civium
1465 1207 1591 1248 caede

255 1266 370 1307 facta
401 1265 563 1307 reducti
596 1269 704 1319 sunt,
737 1280 815 1320 ego
847 1266 912 1319 iis,
945 1281 969 1306 a
995 1266 1147 1319 quibus
1174 1266 1332 1307 eiectus
1360 1280 1465 1315 sum,
1496 1280 1591 1320 pro-

255 1324 418 1365 vincias
457 1324 767 1379 optinentibus,
805 1324 976 1366 inimico
1017 1326 1176 1378 autem,
1215 1324 1377 1379 optimo
1415 1323 1508 1366 viro
1548 1327 1591 1365 et
1611 1336 1646 1361 20

255 1383 502 1437 mitissimo,
547 1384 703 1425 consule
747 1383 883 1424 altero
923 1383 1094 1424 consule
1138 1382 1348 1424 referente
1391 1382 1590 1424 reductus

258 1456 363 1495 sum,
396 1456 490 1483 cum
523 1442 559 1482 is
591 1442 799 1496 inimicus,
832 1442 903 1496 qui
936 1442 987 1483 ad
1020 1456 1159 1483 meam
1190 1441 1420 1495 perniciem
1446 1455 1591 1482 vocem

258 1515 378 1541 suam
410 1501 706 1542 communibus
738 1501 936 1541 hostibus
969 1501 1254 1554 praebuisset,
1287 1500 1441 1554 spiritu
1473 1500 1591 1541 dum-

256 1561 377 1600 taxat
408 1559 588 1610 viveret,
623 1574 667 1600 re
700 1559 868 1613 quidem
899 1559 1013 1600 infra
1045 1573 1191 1600 omnes
1224 1561 1416 1600 mortuos
1449 1573 1591 1600 aman-

187 1604 229 1686 3
258 1617 381 1658 datus
426 1620 549 1659 esset.
621 1617 867 1672 Numquam
913 1618 961 1658 de
1005 1617 1049 1659 P.
1090 1617 1258 1671 Popilio
1302 1617 1347 1658 L.
1387 1616 1593 1672 Opimius,
1612 1628 1646 1654 25

257 1675 518 1718 fortissimus
551 1677 711 1729 consul,
742 1691 975 1730 numquam
1008 1676 1057 1717 de
1085 1675 1131 1725 Q.
1151 1676 1328 1717 Metello
1354 1690 1442 1717 non
1466 1676 1592 1717 modo

258 1732 300 1775 C.
332 1733 513 1787 Marius,
551 1735 623 1789 qui
663 1738 753 1776 erat
784 1735 999 1789 inimicus,
1038 1735 1111 1776 sed
1142 1749 1195 1775 ne
1226 1735 1262 1775 is
1296 1734 1482 1788 quidem,
1521 1734 1593 1788 qui

258 1796 427 1834 secutus
460 1796 542 1847 est,
574 1793 630 1834 M.
664 1793 889 1848 Antonius,
920 1794 1049 1835 homo
1081 1793 1466 1847 eloquentissimus,
1498 1807 1593 1834 cum

256 1850 307 1892 A.
340 1850 499 1893 Albino
544 1852 711 1907 collega
755 1855 949 1894 senatum
987 1854 1061 1894 aut
1097 1852 1304 1906 populum
1342 1853 1406 1893 est
1444 1851 1593 1892 cohor-

257 1912 392 1964 tatus3
432 1912 475 1950 at
512 1925 589 1964 pro
629 1925 695 1951 me
729 1911 967 1966 superiores
1001 1911 1195 1952 consules
1229 1924 1411 1964 semper,
1448 1912 1497 1950 ut
1528 1923 1588 1950 re·
1611 1920 1647 1946 30

257 1967 429 2023 ferrent,
453 1968 639 2023 flagitati
667 1973 785 2023 sunt3
813 1970 885 2010 sed
911 1969 1038 2010 veriti
1064 1972 1173 2022 sunt,
1198 1983 1250 2009 ne
1279 1968 1444 2024 gratiae
1464 1982 1593 2010 causa

257 2027 396 2069 facere
433 2027 695 2081 viderentur,
735 2028 846 2082 quod
879 2028 989 2068 alter
1021 2027 1126 2068 mihi
1158 2027 1309 2068 adfinis
1343 2029 1452 2080 erat,
1491 2027 1592 2068 alte-

257 2086 344 2126 rius
377 2100 549 2128 causam
582 2086 734 2139 capitis
767 2101 1026 2141 receperam,
1059 2085 1131 2140 qui
1162 2085 1477 2140 provinciarum
1507 2084 1593 2126 foe-

259 2144 355 2185 dere
393 2144 596 2185 infrenati
633 2147 774 2185 totum
812 2145 936 2186 illum
975 2159 1132 2185 annum
1165 2144 1375 2198 querellas
1408 2145 1592 2196 senatus,

257 2203 420 2244 luctum
456 2203 684 2255 bonorum,
722 2202 874 2244 Italiae
914 2203 1120 2258 gemitum
1158 2203 1438 2257 pertulerunt.
1507 2201 1591 2243 Ka·
1611 2211 1646 2238 35

257 2261 393 2302 lendis
420 2275 520 2303 vero
540 2261 749 2302 Ianuariis
776 2264 1054 2315 posteaquam
1083 2261 1185 2302 orba
1211 2276 1277 2302 res
1303 2260 1476 2316 publica
1499 2274 1592 2301 con-

258 2319 362 2361 sulis
400 2320 527 2361 fidem
564 2323 786 2374 tamquam
824 2320 1009 2375 legitimi
1047 2319 1202 2361 tutoris
1241 2318 1510 2374 imploravit,
1547 2318 1593 2359 P.
