1619 2542
484 92 585 128 CAP.
614 96 750 126 14-16
772 95 796 135 ,ἓ
821 94 972 127 42-47.
1354 88 1435 128 117

95 190 405 233 commovebat.
473 188 588 230 Nam
624 187 812 229 Habitus
856 201 989 240 usque
1035 184 1088 227 ad
1130 184 1248 226 illius
1292 184 1437 226 iudicii
1463 195 1507 227 45

95 253 264 304 tempus
303 249 470 289 nullum
507 249 816 289 testamentum
847 260 1051 299 umquam
1083 244 1264 297 fecerat,
1300 258 1437 298 neque

97 309 247 361 [enim]
283 308 427 362 legare
465 306 692 360 quicquain
725 305 814 346 eius
847 304 961 345 modi
994 303 1124 345 matri
1150 305 1322 358 poterat
1355 302 1436 355 [in]

98 367 287 408 animum
338 365 535 407 inducere
578 379 714 418 neque
756 365 1016 404 testamento
1060 376 1219 403 nomen
1262 361 1436 403 omnino

61 425 441 480 5praetermittere
487 423 688 478 parentis.
760 422 807 462 Id
857 437 953 463 cum
1001 420 1261 475 Oppianicus
1311 420 1439 462 sciret

99 484 253 539 (neque
280 483 393 524 enim
419 486 512 523 erat
538 483 797 534 obscurum),
823 480 1107 535 intellegebat
1135 479 1297 520 Habito
1324 485 1438 520 mor-

97 547 173 584 tuo
212 543 325 584 bona
363 541 452 582 eius
490 541 634 582 omnia
673 540 726 581 acl
757 543 938 580 matrem
972 553 1063 580 esse
1094 541 1292 591 ventura3
1330 552 1438 592 quae

99 602 154 643 ab
185 615 278 643 sese
304 603 455 656 postea
486 603 610 641 aucta
641 598 821 654 pecunia
853 599 1013 639 maiore
1046 597 1255 651 praemio,
1287 597 1440 638 orbata

98 660 188 702 filio
226 660 390 700 minore
421 659 610 714 periculo
642 660 876 698 necaretur.
937 656 1090 710 Itaque
1122 656 1189 696 his
1221 656 1348 696 rebus
1379 655 1439 695 in-

48 731 81 755 10
101 733 251 761 census
296 733 379 773 qua
416 718 584 759 ratione
621 716 829 757 Habitum
867 730 1029 756 veneno
1068 715 1222 756 tollere
1259 716 1438 756 conatus
1484 745 1511 788 6

101 779 169 832 sit,
202 776 457 832 cognoscite.
503 775 546 818 C.
562 780 605 817 et
629 775 674 816 L.
689 774 875 816 Fabricii
899 774 1055 814 fratres
1084 773 1243 829 gemini
1269 774 1440 813 fuerunt
1455 799 1499 830 46

102 852 151 878 ex
182 835 412 889 municipio
446 834 692 887 Aletrinati,
723 829 919 875 homines
956 833 1069 874 inter
1099 847 1142 873 se
1169 847 1264 873 cum
1289 831 1440 880 forma,

101 899 193 937 tum
232 895 421 936 moribus
462 894 641 946 similes,
679 892 941 946 municipum
975 894 1117 932 autem
1151 905 1326 932 suorum
1359 890 1440 930 dis-

103 954 331 1007 simillimi3
362 954 407 994 in
433 953 587 1008 quibus
615 954 799 1006 quantus
827 950 1029 1005 splendor
1055 950 1122 1003 sit,
1155 964 1282 1003 quam
1310 963 1442 1003 prope

50 1024 82 1049 15
103 1012 358 1067 aequabiliS,
397 1027 523 1066 quam
561 1011 650 1052 fere
689 1009 879 1051 omnium
912 1012 1114 1051 constans
1147 1012 1190 1049 et
1222 1008 1444 1049 moderata

103 1072 215 1113 ratio
240 1071 366 1123 vitae,
391 1085 516 1111 nemo
542 1072 745 1120 vestrum,
771 1071 818 1109 ut
844 1082 939 1109 mea
963 1068 1048 1108 fert
1075 1067 1232 1121 opinio,
1257 1066 1444 1120 ignorat.

104 1130 183 1171 His
216 1129 423 1171 Fabriciis
463 1143 632 1183 semper
669 1130 735 1169 est
770 1142 872 1168 usus
906 1126 1168 1181 Oppianicus
1201 1125 1445 1167 familiaris-

106 1189 222 1230 sime.
283 1187 375 1229 Iam
413 1188 494 1229 hoc
529 1187 619 1228 fere
657 1186 774 1228 scitis
814 1200 978 1239 omnes,
1016 1187 1222 1238 quantam
1253 1185 1341 1225 vim
1372 1183 1447 1224 ha-

105 1248 206 1289 beat
239 1247 292 1288 ad
324 1246 642 1301 coniungendas
675 1245 886 1286 amicitias
914 1243 1153 1285 studiorum
1186 1257 1234 1284 ac
1266 1245 1445 1283 naturae

55 1317 90 1342 20
110 1306 356 1348 similitudo.
401 1304 506 1346 Cum
538 1305 605 1345 illi
630 1305 693 1345 ita
717 1305 922 1356 viverent,
953 1305 1002 1343 ut
1027 1302 1192 1343 nullum
1220 1303 1445 1355 quaestum

107 1379 198 1406 esse
235 1367 405 1419 turpem
445 1363 775 1415 arbitrarentur,
820 1377 915 1403 cum
954 1361 1093 1402 omnis
1134 1361 1187 1402 ab
1224 1360 1278 1400 iis
1316 1359 1446 1408 fraus,

109 1437 255 1464 omnes
316 1423 495 1463 insidiae
557 1421 1053 1474 circumscriptionesque
1110 1417 1447 1459 adulescentium

108 1484 402 1533 nascerentur,
448 1495 627 1533 cumque
666 1482 810 1520 essent
848 1478 962 1519 vitiis
1003 1480 1131 1531 atque
1168 1476 1448 1531 improbitate

112 1540 308 1581 omnibus
334 1539 438 1592 noti,
471 1539 672 1591 studiose,
704 1540 751 1578 ut
779 1537 876 1589 dixi,
904 1537 956 1577 ad
984 1551 1129 1577 eorum
1158 1550 1203 1576 se
1228 1534 1449 1577 familiari-

59 1610 91 1635 25
110 1601 244 1639 tatem
289 1598 435 1638 multis
479 1597 565 1637 iam
604 1598 701 1637 ante
740 1596 861 1636 annis
899 1594 1160 1648 Oppianicus
1199 1594 1448 1648 applica-rat.

110 1657 262 1710 Itaque
293 1658 386 1696 tum
419 1655 478 1696 sic
510 1655 674 1707 statuit,
706 1669 781 1709 per
808 1653 851 1695 O.
873 1653 1113 1694 Fabricium
1140 1651 1259 1708 (nam
1285 1652 1330 1693 L.
1358 1655 1450 1693 erat
1476 1662 1519 1694 47

112 1713 325 1769 mortuus)
364 1714 540 1755 insidias
572 1712 734 1754 Habito
773 1727 1030 1766 comparare.
1092 1711 1200 1752 Erat
1237 1711 1313 1752 illo
1345 1713 1449 1752 tem-

112 1788 215 1829 pore
263 1773 433 1814 infirma
476 1772 722 1813 valetudine
770 1770 969 1811 Habitus.
1046 1769 1257 1812 Utebatur
1307 1771 1450 1810 autem

114 1832 273 1874 medico
299 1846 386 1873 non
405 1831 598 1887 ignobili,
619 1830 728 1883 [sed]
750 1832 940 1883 spectato
960 1829 1144 1883 homine,
1165 1827 1452 1883 Cleophanto3

61 1902 95 1926 30
114 1892 231 1932 cuius
265 1905 433 1932 servum
461 1889 695 1944 Diogenem
723 1888 942 1929 Fabricius
976 1888 1027 1929 ad
1054 1902 1264 1929 venenum
1289 1886 1451 1928 Habito

116 1949 300 1990 dandum
339 1963 414 2003 spe
452 1951 494 1990 et
531 1947 670 2003 pretio
704 1946 937 1988 sollicitare
969 1947 1120 2001 coepit.
1178 1945 1335 1987 Servus
1366 1959 1453 1986 non

115 2007 343 2049 incallidus
382 2010 441 2061 et,
479 2010 527 2048 ut
563 2021 630 2047 res
668 2006 762 2059 ipsa
795 2005 1046 2055 declaravit,
1083 2004 1201 2060 frugi
1233 2007 1361 2058 atque
1392 2003 1453 2043 in-

116 2068 236 2120 teger
272 2080 510 2107 sermonem
542 2064 712 2106 Fabrici
750 2078 835 2104 non
873 2066 939 2104 est
970 2068 1241 2118 aspernatus3
1279 2076 1367 2103 rem
1401 2062 1453 2102 ad

117 2124 336 2164 dominum
369 2124 539 2177 detulit3
572 2122 861 2177 Cleophantus
895 2124 1038 2163 autem
1070 2137 1165 2163 cum
1191 2120 1355 2161 Habito
1389 2123 1454 2160 est

63 2192 97 2217 35
117 2183 364 2223 collocutus.
426 2182 612 2223 Habitus
650 2181 798 2222 statim
838 2195 932 2221 cum
964 2181 1022 2221 M.
1051 2179 1214 2221 Baebio
1248 2181 1454 2229 senatore,

116 2240 453 2282 familiarissimo
488 2255 580 2293 suo,
619 2239 968 2291 communicavit3
1007 2240 1080 2293 qui
1119 2253 1201 2293 qua
1232 2237 1333 2289 fide,
1372 2250 1456 2290 qua

117 2299 356 2353 prudentia,
383 2313 466 2353 qua
486 2298 710 2354 diligentia
727 2297 868 2351 fuerit,
896 2298 1139 2338 meminisse
1161 2310 1236 2337 vos
1258 2295 1457 2336 arbitror.
