1687 2533
525 92 626 127 CAP.
654 96 791 126 35-37
819 95 838 133 s
865 95 1015 126 sss-94.
1365 90 1451 130 423

109 190 299 233 aniculae
332 189 506 230 minime
539 188 812 243 suspiciosae,
843 190 1002 243 purgat
1035 201 1079 228 se
1105 202 1181 241 per
1207 186 1453 242 epistulam,

109 253 156 291 ut
180 264 272 290 eam
292 248 528 303 pecuniam,
556 262 736 302 quacum
757 246 997 298 traiecerat,
1015 261 1102 287 non
1122 246 1452 301 consumpsisse,

112 308 182 350 sed
214 307 369 349 Flacco
410 307 575 348 dedisse
607 306 813 346 videatur.
874 305 935 346 At
966 305 1129 346 fructus
1161 305 1236 346 isti
1269 304 1452 345 Trallia-
1467 307 1521 348 37

110 382 262 408 norum
301 365 486 407 Globulo
524 367 722 420 praetore
760 364 1001 419 venierant3
1039 363 1252 405 Falcidius
1292 366 1455 405 emerat

76 439 93 465 5
112 425 184 467 HS
209 425 440 479 nongentis
467 424 655 466 milibus.
699 422 743 464 Si
764 423 837 464 dat
856 425 1023 464 tantam
1043 422 1268 478 pecuniam
1288 422 1455 476 Flacco,

111 499 262 538 nempe
300 484 457 525 idcirco
497 483 587 537 dat,
625 485 674 524 ut
711 485 808 523 rata
846 483 904 523 sit
936 483 1108 536 emptio.
1169 482 1291 523 Emit
1321 481 1455 536 igitur

113 543 293 598 aliquid,
332 543 444 597 quod
481 544 594 584 certe
626 541 763 583 multo
795 541 933 596 pluris
965 543 1096 594 esset3
1135 540 1209 582 dat
1242 541 1291 581 de
1323 541 1455 594 lucro,

111 603 219 644 nihil
252 602 440 643 detrahit
473 601 522 642 de
548 601 658 642 vivo.
705 599 866 652 [Minus
892 600 1026 654 igitur
1052 600 1160 641 lucri
1186 599 1320 652 facit]
1371 598 1456 640 Cur
1482 612 1525 643 92

113 661 331 702 Albanum
363 660 505 702 venire
536 660 667 713 iubet,
702 674 776 701 cur
807 659 938 700 matri
969 662 1193 714 praeterea
1224 658 1457 711 blanditur,

61 734 95 760 10
115 735 187 762 cur
220 719 417 775 epistulis
450 721 493 760 et
524 719 684 760 sororis
712 720 754 759 et
780 718 932 771 matris
960 718 1305 759 imbecillitatem
1331 731 1456 758 aucu-

112 782 258 835 patur,
289 781 506 834 postremo
540 792 613 819 cur
643 792 729 818 non
761 777 956 819 audimus
988 777 1159 831 ipsum?
1221 777 1458 830 Retinetur,

113 837 257 891 credo,
294 839 338 878 in
368 836 601 892 provincia.
662 835 803 877 Mater
834 838 977 890 negat.
1027 833 1274 889 eVenisset’,
1305 834 1458 889 inquit,

114 895 167 938 ‘si
207 899 320 938 esset
352 894 678 937 denuntiatum.'
740 895 804 936 Tu
837 898 949 936 certe
982 895 1214 948 coegisses,
1254 894 1289 935 si
1320 894 1458 934 ullum

114 956 433 997 firmamentum
465 955 510 995 in
539 955 617 995 illo
649 956 760 995 teste
786 953 1020 1009 posuisses3
1056 953 1129 994 sed
1155 953 1374 995 hominem
1404 952 1458 994 ab

62 1028 95 1054 15
115 1015 290 1070 negotio
324 1014 530 1055 abducere
562 1013 753 1055 noluisti.
802 1011 1016 1068 Magnum
1048 1015 1140 1053 erat
1172 1012 1210 1053 ei
1242 1014 1460 1053 certamen

115 1073 398 1128 propositum,
424 1086 582 1127 magna
609 1087 703 1113 cum
731 1071 906 1113 Graecis
933 1071 1170 1125 contenti03
1205 1072 1275 1124 qui
1301 1073 1460 1123 tamen,

116 1135 163 1173 ut
195 1132 359 1187 opinor,
390 1132 532 1173 iacent
562 1131 678 1173 victi.
739 1129 850 1172 Nam
882 1131 962 1171 iste
995 1145 1103 1171 unus
1136 1132 1277 1174 totam
1309 1129 1460 1170 Asiam

116 1191 412 1246 magnitudine
461 1191 713 1245 poculorum
756 1189 1026 1243 bibendoque
1071 1188 1302 1243 superavit.
1379 1186 1461 1228 Sed

116 1253 261 1291 tamen
306 1249 400 1304 quis
444 1249 544 1302 tibi,
586 1247 723 1302 Laeli,
767 1248 817 1289 de
856 1248 1053 1302 epistulis
1091 1247 1188 1289 istis
1227 1245 1461 1288 indicavit?

63 1322 98 1347 20
116 1308 318 1350 Mulieres
356 1312 520 1363 negant
557 1321 601 1349 se
641 1307 757 1348 scire.
819 1305 922 1354 Quis
961 1307 998 1347 is
1037 1309 1102 1347 est
1139 1306 1301 1361 igitur?
1362 1304 1462 1359 Ipse

118 1367 192 1408 ille
217 1367 299 1408 tibi
325 1381 369 1408 se
403 1367 456 1407 ad
487 1369 671 1407 matrem
704 1367 747 1406 et
773 1379 964 1406 sororem
990 1364 1213 1419 scripsisse
1239 1363 1462 1405 narravit?

118 1428 188 1466 An
221 1426 349 1466 etiam
384 1424 558 1478 scripsit
590 1426 714 1465 oratu
746 1424 851 1464 tuo?
903 1425 962 1464 At
993 1438 1090 1464 vero
1122 1423 1179 1464 M.
1211 1422 1459 1476 Aebutium,
1489 1435 1533 1467 93

119 1484 517 1526 constantissimum
560 1486 603 1523 et
633 1481 993 1537 pudentissimum
1024 1481 1262 1535 hominem,
1299 1480 1464 1522 Falcidi

120 1542 306 1596 affinem,
337 1542 445 1583 nihil
477 1542 731 1596 interrogas,
761 1541 870 1582 nihil
903 1541 992 1582 eius
1026 1555 1230 1595 generum
1261 1541 1356 1594 pari
1380 1539 1463 1581 fide

69 1614 102 1640 25
122 1601 378 1656 praeditum,
405 1599 449 1642 C.
470 1600 724 1641 Manilium?
751 1600 823 1654 qui
842 1599 1036 1654 profecto
1058 1600 1108 1640 de
1128 1601 1253 1640 tanta
1273 1599 1464 1653 pecunia,

122 1661 159 1701 si
191 1662 304 1701 esset
334 1659 447 1713 data,
478 1658 586 1699 nihil
613 1659 780 1699 audisse
806 1673 894 1699 non
919 1660 1106 1712 possent.
1150 1657 1231 1698 His
1257 1660 1306 1699 tu
1331 1657 1465 1711 igitur

123 1718 338 1773 epistulis,
370 1718 569 1771 Deciane,
600 1716 805 1771 recitatis,
836 1717 904 1757 his
937 1717 1200 1757 mulierculis
1232 1716 1466 1771 productis,

120 1777 198 1819 illo
232 1778 408 1818 absente
441 1778 614 1818 auctore
647 1775 820 1816 laudato
853 1777 1024 1816 tantum
1055 1778 1098 1816 te
1125 1775 1285 1816 crimen
1311 1776 1467 1830 proba—

122 1838 268 1877 turum
310 1837 492 1890 putasti,
536 1834 792 1890 praesertim
835 1848 930 1875 cum
967 1834 1059 1889 ipse
1096 1848 1184 1875 non
1221 1834 1465 1876 deducendo

70 1906 104 1931 30
124 1894 359 1936 Falcidium
414 1894 617 1935 iudicium
674 1893 824 1935 feceris
881 1894 977 1948 plus
1026 1893 1184 1934 falsam
1235 1893 1466 1947 epistulam

122 1953 370 1994 habituram
417 1952 619 2007 ponderis
673 1966 800 2005 quam
850 1951 986 2006 ipsius
1036 1951 1275 2006 praesentis
1320 1952 1467 1992 fictam

123 2026 271 2053 vocem
303 2015 345 2052 et
377 2012 628 2052 simulatum
662 2010 883 2051 dolorem?

214 2069 296 2111 Sed
334 2071 433 2124 quid
466 2084 545 2125 ego
579 2069 629 2110 de
661 2069 857 2123 epistulis
889 2068 1051 2110 Falcidi
1078 2071 1153 2110 aut
1185 2069 1235 2109 de
1267 2067 1469 2109 Androne
1494 2078 1539 2110 94

126 2127 304 2170 Sextilio
344 2131 419 2169 aut
457 2129 507 2169 de
539 2128 716 2169 Deciani
754 2141 882 2169 censu
919 2130 1010 2168 tam
1053 2127 1124 2168 diu
1162 2127 1334 2181 disputo
1375 2128 1467 2181 [po-

8 2182 10 2230 }
72 2197 107 2223 35
128 2187 281 2239 stulo]‚
320 2186 369 2227 de
410 2187 547 2228 salute
588 2186 778 2228 omnium
815 2188 1032 2239 nostrum,
1070 2186 1120 2227 de
1151 2184 1337 2226 fortunis
1370 2185 1468 2226 civi·
1522 2236 1526 2238 Π

125 2245 247 2298 tatis,
291 2244 341 2285 de
386 2260 553 2286 summa
598 2259 644 2286 re
688 2244 859 2298 publica
898 2245 1050 2286 taceo?
1095 2258 1223 2298 quam
1262 2257 1338 2284 vos
1376 2244 1464 2283 uni-

126 2318 295 2344 versam
321 2303 366 2343 in
390 2303 472 2345 hoc
497 2303 651 2345 iudicio
677 2303 846 2357 vestris,
877 2303 1043 2357 vestris,
1076 2303 1264 2356 inquam,
1296 2302 1470 2355 umeris,
