1687 2533
483 89 584 125 CAP.
611 94 748 125 46—49
775 94 793 132 g
822 94 1016 126 121—1‘27.
1337 91 1422 132 503

81 187 216 242 igitur
246 186 283 228 is
315 187 429 228 bona
460 185 632 227 Lentuli
663 185 871 241 religione
905 186 1146 241 obligavit?
1209 184 1289 227 Sed
1322 186 1422 240 quid

83 260 163 301 ego
196 246 388 287 ceteros?
450 245 525 299 Tu,
556 248 615 298 tu,
647 245 832 299 inquam,
865 246 1003 299 capite
1036 246 1192 299 velato,
1224 246 1423 286 contione

85 304 307 357 advocata,
353 304 493 345 foculo
532 304 674 357 posito
712 304 825 345 bona
862 304 926 345 tui
965 303 1140 354 Gabini,
1185 304 1251 345 cui
1288 317 1423 359 regna

84 363 227 405 omnia
253 362 468 417 Syrorum,
500 362 690 404 Arabum
718 362 1030 417 Persarumque
1057 363 1251 416 donaras,
1277 377 1422 404 conse-

51 423 224 464 5crasti.
285 421 445 470 Quodsi
488 424 579 462 tum
623 421 730 462 nihil
776 424 841 462 est
886 424 1045 475 actum,
1091 422 1191 476 quid
1233 421 1277 462 in
1315 421 1422 462 meis

83 481 206 522 bonis
252 482 322 536 agi
367 480 536 535 potuit?
604 479 679 521 Sin
724 483 789 521 est
832 483 991 535 ratum,
1036 495 1110 522 cur
1152 481 1225 521 ille
1264 494 1420 535 gurges

83 540 298 581 helluatus
325 542 466 581 tecum
493 539 619 580 simul
645 539 706 579 rei
732 539 927 592 publicae
953 540 1162 594 sanguine
1183 539 1235 580 ad
1255 539 1421 580 caelum

83 602 227 640 tamen
262 599 419 640 extruit
451 598 597 639 villam
630 598 674 638 in
706 597 947 639 Tusculano
980 599 1215 639 visceribus
1248 597 1420 650 aerarii3

86 657 188 698 mihi
220 672 335 698 meas
367 657 531 710 ruinas,
564 671 742 710 quarum
775 671 855 712 ego
889 657 1071 698 similem
1103 661 1239 698 totam
1271 657 1420 697 urbem

33 728 66 752 10
87 731 174 757 esse
216 730 368 770 passus
409 730 493 757 non
535 730 646 769 sum,
687 716 876 769 aspicere
906 730 999 766 >non
1037 716 1185 757 licuit?
1254 703 1490 784 Omittos423}

85 774 329 829 Gabinium3
363 774 491 829 quid?
523 774 717 827 exemplo
750 777 824 815 tuo
850 774 963 815 bona
988 777 1063 816 tua
1087 789 1226 816 nonne
1252 774 1297 815 L.
1318 773 1420 814 Nin-
1472 763 1492 785 ⁰

83 834 194 886 nius,
232 834 297 874 vir
335 834 524 874 omnium
563 833 824 874 fortissimus
863 836 990 887 atque
1029 834 1237 888 optimus,
1280 847 1421 874 conse-

83 893 247 934 cravit?
293 892 413 941 Quod
441 893 489 945 si,
515 892 614 946 quia
641 892 693 932 ad
719 895 761 932 te
790 892 988 946 pertinet,
1014 896 1154 933 ratum
1176 906 1267 933 esse
1287 905 1421 947 negas

84 955 296 1005 oportere,
333 965 382 992 ea
420 951 513 992 iura
550 950 814 992 constituisti
851 951 895 991 in
932 951 1152 1005 praeclaro
1196 951 1421 992 tribunatu

31 1022 63 1045 1‘·
83 1012 171 1063 tuo,
203 1010 356 1064 quibus
389 1010 433 1050 in
464 1012 505 1050 te
538 1009 753 1050 conversis
785 1024 1017 1062 recusares,
1049 1009 1156 1051 alios
1189 1012 1420 1063 everteres,

83 1069 149 1109 sin
179 1068 264 1109 ista
295 1068 556 1110 consecratio
590 1068 785 1122 legitima
818 1071 899 1121 est,
933 1068 1033 1122 quid
1066 1071 1148 1122 est,
1181 1068 1292 1122 quod
1325 1082 1418 1121 pro-

81 1127 227 1168 fanum
278 1127 319 1168 in
371 1127 456 1168 tuis
500 1127 624 1168 bonis
668 1141 758 1167 esse
802 1127 969 1180 possit?
1044 1126 1419 1174 Anconsecratio

80 1186 246 1226 nullum
277 1186 409 1226 habet
439 1187 515 1238 ius,
549 1185 758 1226 dedicatio
792 1188 857 1226 est
886 1185 1118 1240 religiosa?
1175 1184 1284 1233 Quid
1316 1199 1418 1240 ergo

82 1244 159 1285 illa
196 1247 272 1285 tua
308 1248 400 1285 tum
440 1244 673 1286 obtestatio
711 1244 917 1296 tibicinis,
956 1244 1056 1298 quid
1093 1244 1281 1296 foculus,
1320 1243 1420 1297 quid

29 1314 62 1338 20
82 1317 244 1357 preces,
277 1303 377 1357 quid
408 1303 526 1344 verba
557 1303 698 1356 prisca
729 1303 984 1343 voluerunt?
1018 1302 1226 1356 ementiri,
1257 1302 1419 1356 fallere,

84 1361 203 1402 abuti
230 1361 405 1402 deorum
431 1362 738 1402 immortalium
764 1361 938 1401 numine
959 1361 1011 1401 ad
1030 1361 1251 1402 hominum
1271 1364 1421 1402 metum

83 1420 365 1473 timoremque
398 1420 601 1461 voluisti?
646 1418 771 1473 Nam,
804 1419 839 1460 si
872 1422 936 1460 est
967 1419 1074 1460 illud
1106 1422 1247 1460 ratum
1273 1418 1419 1473 (mitto

82 1478 343 1532 Gabinium),
374 1481 449 1519 tua
481 1478 630 1519 domus
664 1482 789 1532 certe,
821 1480 864 1518 et
897 1478 1094 1532 quicquid
1126 1478 1260 1518 habes
1293 1477 1421 1530 aliud,

82 1536 225 1578 Cereri
257 1540 323 1578 est
355 1539 664 1591 consecratum,
698 1537 764 1577 sin
790 1537 862 1577 ille
888 1537 1012 1577 ludus
1038 1536 1131 1590 fuit,
1164 1536 1265 1590 quid
1291 1539 1333 1577 te
1360 1537 1419 1576 in-

27 1607 64 1631 Ξῖ»
82 1596 242 1650 purius,
275 1596 346 1650 qui
377 1596 605 1650 religiones
639 1595 777 1636 omnis
812 1595 1017 1648 pollueris
1045 1597 1119 1636 aut
1145 1594 1418 1636 ementiundo

84 1657 158 1695 aut
190 1654 456 1709 stuprando?
519 1653 626 1695 ‘Iam
657 1653 824 1706 fateor'‚
854 1654 1011 1708 inquit,
1045 1653 1126 1694 ‘me
1158 1654 1203 1693 in
1234 1652 1489 1697 Gabini0126

80 1713 290 1754 nefarium
322 1711 480 1754 fuisse?
538 1711 700 1766 Quippe
731 1712 848 1753 vides
880 1726 1060 1766 poenam
1092 1712 1212 1752 illam
1244 1726 1270 1753 a
1300 1714 1342 1752 te
1373 1711 1419 1752 in

83 1772 214 1813 alium
256 1772 501 1812 institutam
540 1772 583 1812 in
620 1775 663 1811 te
701 1771 839 1824 ipsum
873 1785 964 1811 esse
997 1785 1257 1812 conversam.
1326 1769 1419 1823 Sed,

81 1830 209 1872 homo
250 1830 439 1871 omnium
478 1830 685 1871 scelerum
722 1828 1068 1884 flagitiorumque
1108 1829 1419 1882 documentum,

30 1900 64 1924 30
85 1889 195 1942 quod
228 1889 272 1929 in
304 1888 488 1930 Gabinio
520 1888 688 1941 fateris,
721 1889 838 1928 cuius
870 1888 1167 1942 inpudicitiam
1199 1887 1420 1941 pueritiae,

82 1947 279 1988 libidines
313 1947 644 2000 adulescentiae,
677 1946 854 1987 dedecus
888 1951 930 1987 et
962 1948 1198 2001 egestatem
1229 1946 1419 1999 reliquae

82 2005 207 2059 vitae,
238 2006 510 2047 latrocinium
542 2005 788 2047 consulatus
821 2005 1015 2059 vidimus,
1048 2005 1191 2046 cuine
1218 2005 1303 2045 ista
1332 2003 1420 2057 qui-

83 2063 176 2104 dem
213 2064 308 2118 ipsa
346 2065 565 2106 calamitas
598 2063 754 2104 iniuria
785 2063 928 2117 potuit
959 2063 1165 2113 accidere,
1203 2062 1243 2102 id
1276 2062 1321 2102 in
1351 2076 1418 2102 me

82 2122 271 2162 infirmas
310 2125 352 2163 et
390 2125 562 2177 gravius
604 2137 696 2163 esse
729 2122 850 2175 dicis,
888 2122 999 2175 quod
1030 2136 1115 2162 uno
1149 2120 1419 2161 adulescente

30 2191 63 2216 35
85 2194 212 2234 quam
243 2180 355 2233 quod
387 2181 582 2222 contione
613 2183 708 2222 tota
739 2182 849 2221 teste
881 2180 1048 2221 fecisti?
1404 2210 1488 2255 (49)

171 2237 409 2280 ‘Dedicatio
454 2238 684 2293 magnam’,
728 2238 883 2292 inquit,
927 2238 1071 2279 ‘habet
1122 2235 1398 2291 religionem?
1423 2244 1498 2292 127⁷

81 2295 234 2337 Nonne
266 2297 388 2338 vobis
421 2296 563 2338 Numa
595 2297 832 2352 Pompilius
864 2297 1032 2338 videtur
1058 2295 1205 2349 loqui?
1254 2294 1418 2336 Discite
1432 2307 1489 2348 49
