1687 2533
491 117 591 152 CAP.
619 120 757 152 53—55
784 121 802 159 ἓ
831 121 1026 152 136-141.
1337 118 1421 159 509

85 228 179 254 111113
205 213 397 267 pontifex
422 212 554 254 fuisse
581 213 745 266 dicitur,
778 215 874 254 acta
907 227 998 254 esse
1025 215 1253 267 constaret,
1286 216 1360 255 aut
1387 213 1424 255 si

84 271 139 313 M.
160 271 366 313 Horatius
393 271 466 312 ille
491 271 715 326 Pulvillus,
741 272 824 326 qui,
851 286 944 313 cum
972 287 1068 313 eum
1094 273 1219 313 multi
1246 274 1424 326 propter

84 330 289 372 invidiam
323 331 433 372 fictis
465 330 746 386 religionibus
774 330 1024 385 inpedirent,
1056 331 1218 372 restitit
1250 334 1292 372 et
1324 346 1422 373 con-

86 390 353 431 stantissima
392 391 533 430 mente
572 388 834 444 Capitolium
873 389 1102 444 dedicavit,
1144 390 1268 431 huius
1307 390 1423 431 modi

49 460 65 485 5
87 448 212 490 alicui
243 448 501 490 dedicationi
531 448 798 502 praefuisset,
830 450 977 489 tamen
1007 449 1051 489 in
1085 449 1239 490 scelere
1271 449 1422 503 religio

84 522 171 549 non
196 507 374 561 valeret,
401 522 511 548 nunc
538 507 679 548 valeat
705 507 759 560 id,
786 507 896 562 quod
922 507 1147 561 imperitus
1176 508 1423 549 adulescens

84 581 220 607 novus
271 566 466 607 sacerdos
518 565 676 607 sororis
721 566 936 619 precibus,
988 567 1139 607 matris
1185 566 1312 607 minis
1355 566 1423 607 ad-

86 625 235 666 ductus
267 625 463 679 ignarus,
493 624 666 674 invitus,
699 624 788 665 sine
820 624 1009 679 collegis,
1043 625 1132 666 sine
1165 625 1301 677 libris,
1333 625 1423 666 sine

86 686 272 736 auctore,
300 683 389 724 sine
414 683 573 737 fictore,
598 683 760 737 furtim,
793 686 934 724 mente
961 698 1007 725 ac
1034 684 1182 739 lingua
1207 684 1423 724 titubante

34 753 67 778 10
86 741 236 784 fecisse
264 742 457 783 dicatui‘?
488 741 741 796 praeseltim
773 757 867 783 cum
898 742 980 783 iste
1006 742 1183 797 inpurus
1211 746 1337 796 atque
1364 743 1424 783 in-

86 801 182 856 pius
202 801 342 842 hostis
369 800 557 842 omnium
583 801 850 855 religionum,
878 800 950 855 qui
976 804 1126 842 contra
1151 801 1217 842 fas
1244 804 1287 854 et
1312 801 1424 842 inter

85 859 198 901 viros
233 874 358 913 saepe
391 859 542 900 mulier
568 863 610 900 et
635 860 747 900 inter
773 859 971 900 mulieres
997 861 1063 901 vir
1088 859 1251 913 fuisset,
1278 862 1425 915 ageiet

86 918 210 959 illam
248 933 339 959 rem
370 919 430 959 ita
462 918 619 972 laptim
652 920 694 959 et
725 919 990 971 tur,bulente
1028 918 1092 959 uti
1129 933 1264 973 neque
1304 933 1422 959 mens

85 991 221 1031 neque
255 991 337 1018 vox
368 991 503 1031 neque
535 977 683 1032 lingua
716 952 998 1020 consisteret}
1041 976 1199 1018 Delata
1236 980 1328 1019 tum
1360 990 1424 1018 res

35 1046 67 1072 15
89 1038 153 1077 est
186 1035 238 1076 ad
269 1049 363 1089 vos,
394 1035 631 1090 pontifices,
664 1038 706 1077 et
738 1038 837 1089 post
870 1036 1061 1077 omnium
1093 1050 1287 1077 sermone
1319 1036 1423 1077 cele-

86 1095 224 1148 brata,
251 1108 375 1149 quem
402 1094 455 1135 ad
482 1094 653 1136 modum
679 1094 760 1136 iste
787 1095 1075 1149 praeposteris
1096 1095 1250 1146 verbis,
1278 1094 1425 1136 omini-

87 1153 165 1194 bus
205 1153 418 1207 obscenis,
457 1152 689 1194 identidem
731 1167 773 1194 se
814 1153 905 1208 ipse
946 1168 1168 1207 revocans,
1213 1153 1424 1206 dubitans,

86 1212 254 1263 timens,
285 1211 504 1253 haesitans
531 1212 674 1253 omnia
706 1212 843 1266 aliter,
875 1227 924 1254 ac
954 1227 1030 1253 vos
1062 1212 1107 1252 in
1137 1211 1424 1253 monumentis

86 1270 277 1323 habetis,
309 1273 350 1312 et
381 1270 671 1325 pronuntiarit
703 1273 744 1311 et
775 1270 935 1311 fecerit.
997 1270 1118 1319 Quod
1150 1271 1318 1325 quidem
1351 1270 1426 1311 mi-

34 1339 69 1364 20
88 1329 201 1369 1111110
232 1329 386 1370 mirum
419 1331 501 1381 est,
539 1329 583 1369 in
619 1331 741 1370 tanto
781 1329 937 1370 scelere
974 1332 1179 1382 tantaque
1212 1329 1425 1370 dementia

87 1402 140 1428 ne
172 1387 372 1428 audaciae
398 1387 566 1440 quidem
592 1387 732 1428 locum
759 1387 811 1428 ad
836 1388 1035 1429 timorem
1059 1388 1424 1442 comprimendum

87 1445 229 1487 fuisse.
290 1445 482 1499 Etenim,
524 1446 558 1486 31
597 1460 721 1487 1101110
760 1461 964 1500 umquam
1003 1446 1161 1500 praedo
1200 1448 1290 1487 tam
1327 1446 1425 1486 bar-

88 1505 216 1546 barus
255 1506 381 1558 atque
418 1504 616 1545 immanis
653 1504 753 1558 fuit,
795 1506 867 1559 qui
908 1519 1003 1546 cum
1042 1504 1144 1546 fana
1183 1505 1424 1559 spoliasset,

90 1563 239 1604 deinde
283 1577 401 1604 aram
446 1563 635 1617 aliquam
672 1563 716 1603 in
753 1562 879 1604 litore
919 1563 1085 1604 deserto
1131 1563 1307 1604 somniis
1353 1563 1424 1604 sti-

29 1633 70 1658 ·25
91 1622 277 1662 mulatus
311 1624 384 1662 aut
409 1622 615 1675 religione
641 1621 784 1675 aliqua
810 1624 1088 1674 consecraret,
1120 1636 1205 1663 non
1231 1622 1425 1663 horreret

91 1680 251 1734 animo,
291 1694 385 1721 cum
418 1679 605 1720 divinum
637 1695 793 1721 numen
827 1681 982 1721 scelere
1014 1681 1223 1721 violatum
1256 1681 1424 1734 placare

90 1739 285 1793 precibus
325 1740 564 1793 cogeretur,
605 1753 687 1792 qua
724 1738 897 1779 tandem
935 1740 1066 1779 istum
1103 1739 1424 1793 perturbatione

92 1797 247 1838 mentis
288 1797 479 1838 omnium
516 1797 774 1850 templorum
808 1800 934 1851 atque
966 1800 1175 1838 tectorum
1207 1798 1424 1852 totiusque

91 1855 209 1896 urbis
252 1856 508 1909 praedonem
557 1855 688 1896 fuisse
732 1856 932 1910 censetis,
982 1871 1078 1897 011111
1120 1871 1198 1911 pro
1243 1856 1424 1897 detesta-

39 1926 74 1950 30
93 1914 208 1955 tione
248 1916 314 1955 tot
355 1915 561 1956 scelerum
602 1929 729 1955 unam
771 1929 889 1955 aram
925 1914 1085 1955 nefarie
1126 1916 1423 1956 consecraret?

93 1972 191 2013 Non
222 1974 364 2027 potuit
396 1973 484 2014 ullo
511 1973 636 2014 modo
665 1972 942 2028 (quamquam
969 1975 1010 2014 et
1036 1973 1267 2014 insolentia
1294 1974 1493 2018 domi-141

93 2033 219 2071 natus
265 2031 475 2073 extulerat
520 2032 684 2073 animos
736 2034 777 2072 et
821 2034 912 2072 erat
955 2032 1191 2073 incredibili
1235 2034 1424 2073 armatus

95 2087 288 2144 audacia)
315 2104 401 2131 non
431 2090 476 2131 111
507 2090 672 2144 agendo
705 2105 825 2131 ruere
852 2105 900 2132 ac
932 2105 1056 2145 saepe
1088 2105 1272 2145 peecare,
1304 2105 1426 2144 prae-

98 2147 246 2187 sertim
282 2148 356 2189 illo
395 2149 597 2202 pontifice
636 2152 677 2189 et
716 2149 943 2203 magistro,
982 2149 1053 2203 qui
1091 2151 1316 2203 cogeretur
1355 2149 1424 2190 do·

41 2217 75 2241 35
96 2220 188 2247 cere
221 2208 336 2259 ante,
375 2221 500 2260 quani
537 2207 628 2261 ipse
661 2207 887 2248 didicisset.
947 2207 1105 2263 Magna
1137 2207 1200 2247 vis
1234 2209 1298 2247 est
1330 2222 1426 2248 cum

95 2265 139 2305 in
172 2263 345 2305 deorum
376 2265 680 2306 immortalium
710 2266 893 2320 numine,
925 2268 1017 2307 tum
1050 2280 1148 2307 vero
1181 2265 1224 2305 in
1255 2265 1349 2318 ipsa
1379 2280 1425 2306 re

96 2321 279 2376 publica.
330 2322 385 2364 Di
416 2323 679 2366 immortales
712 2339 885 2366 suorum
916 2324 1175 2379 templorum
1207 2324 1425 2364 custodem

1438 954 1493 995 55

1428 1010 1494 1042 140
