<?xml version="1.0" encoding="UTF-8"?>
<!DOCTYPE html PUBLIC "-//W3C//DTD XHTML 1.0 Transitional//EN"
    "http://www.w3.org/TR/xhtml1/DTD/xhtml1-transitional.dtd">
<html xmlns="http://www.w3.org/1999/xhtml" xml:lang="en" lang="en">
 <head>
  <title>
</title>
<meta http-equiv="Content-Type" content="text/html;charset=utf-8" />
  <meta name='ocr-system' content='tesseract 3.04.00' />
  <meta name='ocr-capabilities' content='ocr_page ocr_carea ocr_par ocr_line ocrx_word'/>
</head>
<body>
  <div class='ocr_page' id='page_1' title='image "./p2scriptaquaemanse02ciceuoft_0474.png"; bbox 0 0 1619 2542; ppageno 0'>
   <div class='ocr_carea' id='block_1_1' title="bbox 170 93 1156 135">
    <p class='ocr_par' dir='ltr' id='par_1_1' title="bbox 170 93 1156 135">
     <span class='ocr_line' id='line_1_1' title="bbox 170 93 1156 135; baseline -0.004 0"><span class='ocrx_word' id='word_1_1' title='bbox 170 93 257 135; x_wconf 70' lang='lat'>322</span> <span class='ocrx_word' id='word_1_2' title='bbox 542 95 636 131; x_wconf 85' lang='lat' dir='ltr'>PRO</span> <span class='ocrx_word' id='word_1_3' title='bbox 662 95 704 131; x_wconf 90' lang='lat' dir='ltr'>L.</span> <span class='ocrx_word' id='word_1_4' title='bbox 729 94 937 130; x_wconf 86' lang='lat' dir='ltr'><strong>MURENA</strong></span> <span class='ocrx_word' id='word_1_5' title='bbox 964 95 1156 132; x_wconf 85' lang='lat' dir='ltr'><strong>ORATIO.</strong></span> 
     </span>
    </p>
   </div>
   <div class='ocr_carea' id='block_1_2' title="bbox 100 190 1565 2352">
    <p class='ocr_par' dir='ltr' id='par_1_2' title="bbox 169 190 1565 772">
     <span class='ocr_line' id='line_1_2' title="bbox 170 190 1512 246; baseline 0.001 -14"><span class='ocrx_word' id='word_1_6' title='bbox 170 191 234 232; x_wconf 89' lang='lat' dir='ltr'>ita</span> <span class='ocrx_word' id='word_1_7' title='bbox 265 190 315 231; x_wconf 87' lang='lat' dir='ltr'>de</span> <span class='ocrx_word' id='word_1_8' title='bbox 343 205 386 232; x_wconf 90' lang='lat' dir='ltr'>se</span> <span class='ocrx_word' id='word_1_9' title='bbox 412 191 612 232; x_wconf 89' lang='lat' dir='ltr'>meritum</span> <span class='ocrx_word' id='word_1_10' title='bbox 639 194 764 244; x_wconf 86' lang='lat' dir='ltr'>esset,</span> <span class='ocrx_word' id='word_1_11' title='bbox 795 194 924 246; x_wconf 88' lang='lat' dir='ltr'>caput</span> <span class='ocrx_word' id='word_1_12' title='bbox 949 205 994 232; x_wconf 88' lang='lat' dir='ltr'>se</span> <span class='ocrx_word' id='word_1_13' title='bbox 1020 191 1117 232; x_wconf 86' lang='lat' dir='ltr'>vivo</span> <span class='ocrx_word' id='word_1_14' title='bbox 1143 205 1231 232; x_wconf 87' lang='lat' dir='ltr'>non</span> <span class='ocrx_word' id='word_1_15' title='bbox 1256 191 1512 234; x_wconf 82' lang='lat' dir='ltr'>defuturum.</span> 
     </span>
     <span class='ocr_line' id='line_1_3' title="bbox 173 248 1511 304; baseline 0 -13"><span class='ocrx_word' id='word_1_16' title='bbox 173 248 430 304; x_wconf 84' lang='lat' dir='ltr'>Congemuit</span> <span class='ocrx_word' id='word_1_17' title='bbox 463 252 636 291; x_wconf 90' lang='lat' dir='ltr'>senatus</span> <span class='ocrx_word' id='word_1_18' title='bbox 669 249 868 304; x_wconf 84' lang='lat' dir='ltr'><strong>frequens</strong></span> <span class='ocrx_word' id='word_1_19' title='bbox 900 257 1035 304; x_wconf 82' lang='lat' dir='ltr'>neque</span> <span class='ocrx_word' id='word_1_20' title='bbox 1061 252 1207 290; x_wconf 88' lang='lat' dir='ltr'>tamen</span> <span class='ocrx_word' id='word_1_21' title='bbox 1233 250 1339 291; x_wconf 86' lang='lat' dir='ltr'>satis</span> <span class='ocrx_word' id='word_1_22' title='bbox 1366 264 1511 291; x_wconf 90' lang='lat' dir='ltr'>severe</span> 
     </span>
     <span class='ocr_line' id='line_1_4' title="bbox 170 308 1511 363; baseline 0 -14"><span class='ocrx_word' id='word_1_23' title='bbox 170 322 248 361; x_wconf 92' lang='lat' dir='ltr'>pro</span> <span class='ocrx_word' id='word_1_24' title='bbox 286 308 349 349; x_wconf 90' lang='lat' dir='ltr'>rei</span> <span class='ocrx_word' id='word_1_25' title='bbox 385 308 644 363; x_wconf 69' lang='lat' dir='ltr'>indignitate</span> <span class='ocrx_word' id='word_1_26' title='bbox 683 308 887 362; x_wconf 66' lang='lat' dir='ltr'>decrevit,</span> <span class='ocrx_word' id='word_1_27' title='bbox 922 323 1023 349; x_wconf 86' lang='lat' dir='ltr'>nam</span> <span class='ocrx_word' id='word_1_28' title='bbox 1061 308 1221 362; x_wconf 88' lang='lat' dir='ltr'>partim.</span> <span class='ocrx_word' id='word_1_29' title='bbox 1251 308 1345 349; x_wconf 90' lang='lat' dir='ltr'>ideo</span> <span class='ocrx_word' id='word_1_30' title='bbox 1376 308 1511 349; x_wconf 87' lang='lat' dir='ltr'>fortes</span> 
     </span>
     <span class='ocr_line' id='line_1_5' title="bbox 169 366 1510 421; baseline 0 -14"><span class='ocrx_word' id='word_1_31' title='bbox 169 366 215 407; x_wconf 90' lang='lat' dir='ltr'>in</span> <span class='ocrx_word' id='word_1_32' title='bbox 247 366 508 408; x_wconf 85' lang='lat' dir='ltr'>decernendo</span> <span class='ocrx_word' id='word_1_33' title='bbox 540 381 626 408; x_wconf 90' lang='lat' dir='ltr'>non</span> <span class='ocrx_word' id='word_1_34' title='bbox 659 369 793 421; x_wconf 88' lang='lat' dir='ltr'>erant,</span> <span class='ocrx_word' id='word_1_35' title='bbox 826 367 927 421; x_wconf 90' lang='lat' dir='ltr'>quia</span> <span class='ocrx_word' id='word_1_36' title='bbox 951 366 1060 407; x_wconf 88' lang='lat' dir='ltr'>nihil</span> <span class='ocrx_word' id='word_1_37' title='bbox 1087 367 1310 419; x_wconf 73' lang='lat' dir='ltr'><strong>timebant,</strong></span> <span class='ocrx_word' id='word_1_38' title='bbox 1340 367 1510 421; x_wconf 85' lang='lat' dir='ltr'>partim,</span> 
     </span>
     <span class='ocr_line' id='line_1_6' title="bbox 172 423 1547 480; baseline 0 -14"><span class='ocrx_word' id='word_1_39' title='bbox 172 425 272 479; x_wconf 90' lang='lat' dir='ltr'>quia</span> <span class='ocrx_word' id='word_1_40' title='bbox 308 423 751 467; x_wconf 55' lang='lat' dir='ltr'>timebant&#39;nimium.</span> <span class='ocrx_word' id='word_1_41' title='bbox 813 425 969 479; x_wconf 86' lang='lat' dir='ltr'>Erupit</span> <span class='ocrx_word' id='word_1_42' title='bbox 1000 439 1021 466; x_wconf 89' lang='lat' dir='ltr'>e</span> <span class='ocrx_word' id='word_1_43' title='bbox 1053 428 1207 467; x_wconf 88' lang='lat' dir='ltr'>senatu</span> <span class='ocrx_word' id='word_1_44' title='bbox 1237 425 1510 480; x_wconf 87' lang='lat' dir='ltr'>triumphans</span> <span class='ocrx_word' id='word_1_45' title='bbox 1530 435 1547 461; x_wconf 85' lang='lat'>5</span> 
     </span>
     <span class='ocr_line' id='line_1_7' title="bbox 171 483 1512 538; baseline 0 -13"><span class='ocrx_word' id='word_1_46' title='bbox 171 483 345 538; x_wconf 82' lang='lat' dir='ltr'>gaudio,</span> <span class='ocrx_word' id='word_1_47' title='bbox 390 499 515 538; x_wconf 89' lang='lat' dir='ltr'>quem</span> <span class='ocrx_word' id='word_1_48' title='bbox 560 485 734 526; x_wconf 89' lang='lat' dir='ltr'>omnino</span> <span class='ocrx_word' id='word_1_49' title='bbox 771 484 917 525; x_wconf 86' lang='lat' dir='ltr'>vivum</span> <span class='ocrx_word' id='word_1_50' title='bbox 954 484 1074 525; x_wconf 90' lang='lat' dir='ltr'>illinc</span> <span class='ocrx_word' id='word_1_51' title='bbox 1115 484 1228 525; x_wconf 85' lang='lat' dir='ltr'>exire</span> <span class='ocrx_word' id='word_1_52' title='bbox 1265 498 1353 525; x_wconf 88' lang='lat' dir='ltr'>non</span> <span class='ocrx_word' id='word_1_53' title='bbox 1389 498 1512 538; x_wconf 89' lang='lat' dir='ltr'>opor-</span> 
     </span>
     <span class='ocr_line' id='line_1_8' title="bbox 170 542 1512 597; baseline 0 -14"><span class='ocrx_word' id='word_1_54' title='bbox 170 545 330 597; x_wconf 85' lang='lat' dir='ltr'>tuerat,</span> <span class='ocrx_word' id='word_1_55' title='bbox 373 543 628 597; x_wconf 87' lang='lat' dir='ltr'>praesertim</span> <span class='ocrx_word' id='word_1_56' title='bbox 671 557 767 584; x_wconf 84' lang='lat' dir='ltr'>cum</span> <span class='ocrx_word' id='word_1_57' title='bbox 810 542 924 583; x_wconf 86' lang='lat' dir='ltr'>idem</span> <span class='ocrx_word' id='word_1_58' title='bbox 966 542 1039 584; x_wconf 85' lang='lat' dir='ltr'>ille</span> <span class='ocrx_word' id='word_1_59' title='bbox 1083 543 1128 583; x_wconf 90' lang='lat' dir='ltr'>in</span> <span class='ocrx_word' id='word_1_60' title='bbox 1172 542 1320 584; x_wconf 88' lang='lat' dir='ltr'>eodem</span> <span class='ocrx_word' id='word_1_61' title='bbox 1365 542 1512 584; x_wconf 85' lang='lat' dir='ltr'>ordine</span> 
     </span>
     <span class='ocr_line' id='line_1_9' title="bbox 170 600 1511 656; baseline 0 -14"><span class='ocrx_word' id='word_1_62' title='bbox 170 601 316 656; x_wconf 84' lang='lat' dir='ltr'>paucis</span> <span class='ocrx_word' id='word_1_63' title='bbox 356 601 503 642; x_wconf 89' lang='lat' dir='ltr'>diebus</span> <span class='ocrx_word' id='word_1_64' title='bbox 542 605 642 642; x_wconf 85' lang='lat' dir='ltr'>ante</span> <span class='ocrx_word' id='word_1_65' title='bbox 674 600 847 655; x_wconf 86' lang='lat' dir='ltr'>Catoni,</span> <span class='ocrx_word' id='word_1_66' title='bbox 882 601 1122 642; x_wconf 83' lang='lat' dir='ltr'>fortissimo</span> <span class='ocrx_word' id='word_1_67' title='bbox 1160 601 1272 655; x_wconf 84' lang='lat' dir='ltr'>viro,</span> <span class='ocrx_word' id='word_1_68' title='bbox 1308 601 1511 643; x_wconf 81' lang='lat' dir='ltr'>iudicium</span> 
     </span>
     <span class='ocr_line' id='line_1_10' title="bbox 171 659 1512 714; baseline 0 -14"><span class='ocrx_word' id='word_1_69' title='bbox 171 660 392 701; x_wconf 86' lang='lat' dir='ltr'>minitanti</span> <span class='ocrx_word' id='word_1_70' title='bbox 430 675 478 701; x_wconf 88' lang='lat' dir='ltr'>ac</span> <span class='ocrx_word' id='word_1_71' title='bbox 516 660 785 701; x_wconf 71' lang='lat' dir='ltr'>denuntianti</span> <span class='ocrx_word' id='word_1_72' title='bbox 822 660 1130 714; x_wconf 71' lang='lat' dir='ltr'>respondisset,</span> <span class='ocrx_word' id='word_1_73' title='bbox 1175 659 1361 714; x_wconf 85' lang='lat' dir='ltr'>siquod</span> <span class='ocrx_word' id='word_1_74' title='bbox 1398 662 1512 701; x_wconf 86' lang='lat' dir='ltr'>esset</span> 
     </span>
     <span class='ocr_line' id='line_1_11' title="bbox 170 718 1565 772; baseline 0.001 -13"><span class='ocrx_word' id='word_1_75' title='bbox 170 718 215 759; x_wconf 90' lang='lat' dir='ltr'>in</span> <span class='ocrx_word' id='word_1_76' title='bbox 247 733 344 760; x_wconf 87' lang='lat' dir='ltr'>suas</span> <span class='ocrx_word' id='word_1_77' title='bbox 376 719 570 760; x_wconf 82' lang='lat' dir='ltr'>fortunas</span> <span class='ocrx_word' id='word_1_78' title='bbox 596 718 838 760; x_wconf 83' lang='lat' dir='ltr'>incendium</span> <span class='ocrx_word' id='word_1_79' title='bbox 865 719 1108 771; x_wconf 81' lang='lat' dir='ltr'>excitatum,</span> <span class='ocrx_word' id='word_1_80' title='bbox 1134 718 1177 759; x_wconf 87' lang='lat' dir='ltr'>id</span> <span class='ocrx_word' id='word_1_81' title='bbox 1204 733 1248 760; x_wconf 88' lang='lat' dir='ltr'>sc</span> <span class='ocrx_word' id='word_1_82' title='bbox 1273 733 1362 760; x_wconf 89' lang='lat' dir='ltr'>non</span> <span class='ocrx_word' id='word_1_83' title='bbox 1387 733 1511 772; x_wconf 84' lang='lat' dir='ltr'>aqua,</span> <span class='ocrx_word' id='word_1_84' title='bbox 1532 729 1565 755; x_wconf 89' lang='lat'>10</span> 
     </span>
    </p>

    <p class='ocr_par' dir='ltr' id='par_1_3' title="bbox 101 763 1512 837">
     <span class='ocr_line' id='line_1_12' title="bbox 101 763 1512 837; baseline 0 -19"><span class='ocrx_word' id='word_1_85' title='bbox 101 763 156 837; x_wconf 48' lang='lat'>‚253</span> <span class='ocrx_word' id='word_1_86' title='bbox 172 777 245 818; x_wconf 88' lang='lat' dir='ltr'>sed</span> <span class='ocrx_word' id='word_1_87' title='bbox 287 777 412 818; x_wconf 86' lang='lat' dir='ltr'>ruina</span> <span class='ocrx_word' id='word_1_88' title='bbox 454 777 772 819; x_wconf 82' lang='lat' dir='ltr'>restincturum.</span> <span class='ocrx_word' id='word_1_89' title='bbox 838 776 919 818; x_wconf 86' lang='lat' dir='ltr'>His</span> <span class='ocrx_word' id='word_1_90' title='bbox 965 780 1056 818; x_wconf 90' lang='lat' dir='ltr'>tum</span> <span class='ocrx_word' id='word_1_91' title='bbox 1093 777 1220 818; x_wconf 89' lang='lat' dir='ltr'>rebus</span> <span class='ocrx_word' id='word_1_92' title='bbox 1259 780 1512 831; x_wconf 85' lang='lat' dir='ltr'>commotus,</span> 
     </span>
    </p>

    <p class='ocr_par' dir='ltr' id='par_1_4' title="bbox 100 825 1564 1535">
     <span class='ocr_line' id='line_1_13' title="bbox 100 825 1512 890; baseline 0 -13"><span class='ocrx_word' id='word_1_93' title='bbox 100 825 143 845; x_wconf 61' lang='lat'>⁰*</span> <span class='ocrx_word' id='word_1_94' title='bbox 172 839 213 877; x_wconf 87' lang='lat' dir='ltr'>et</span> <span class='ocrx_word' id='word_1_95' title='bbox 253 836 365 890; x_wconf 89' lang='lat' dir='ltr'>quod</span> <span class='ocrx_word' id='word_1_96' title='bbox 404 836 600 878; x_wconf 86' lang='lat' dir='ltr'>homines</span> <span class='ocrx_word' id='word_1_97' title='bbox 631 837 717 877; x_wconf 90' lang='lat' dir='ltr'>iam</span> <span class='ocrx_word' id='word_1_98' title='bbox 749 840 842 877; x_wconf 85' lang='lat' dir='ltr'>tum</span> <span class='ocrx_word' id='word_1_99' title='bbox 875 836 1117 877; x_wconf 88' lang='lat' dir='ltr'>coniuratos</span> <span class='ocrx_word' id='word_1_100' title='bbox 1150 851 1245 877; x_wconf 89' lang='lat' dir='ltr'>cum</span> <span class='ocrx_word' id='word_1_101' title='bbox 1279 836 1434 890; x_wconf 79' lang='lat' dir='ltr'>gladiis</span> <span class='ocrx_word' id='word_1_102' title='bbox 1466 835 1512 877; x_wconf 91' lang='lat' dir='ltr'>in</span> 
     </span>
     <span class='ocr_line' id='line_1_14' title="bbox 170 894 1510 949; baseline 0.001 -14"><span class='ocrx_word' id='word_1_103' title='bbox 170 909 369 949; x_wconf 87' lang='lat' dir='ltr'>campum</span> <span class='ocrx_word' id='word_1_104' title='bbox 402 895 550 936; x_wconf 87' lang='lat' dir='ltr'>deduci</span> <span class='ocrx_word' id='word_1_105' title='bbox 582 910 607 936; x_wconf 91' lang='lat' dir='ltr'>a</span> <span class='ocrx_word' id='word_1_106' title='bbox 639 894 828 936; x_wconf 82' lang='lat' dir='ltr'>Catilina</span> <span class='ocrx_word' id='word_1_107' title='bbox 860 895 1065 947; x_wconf 88' lang='lat' dir='ltr'>sciebam,</span> <span class='ocrx_word' id='word_1_108' title='bbox 1098 895 1294 936; x_wconf 87' lang='lat' dir='ltr'>descendi</span> <span class='ocrx_word' id='word_1_109' title='bbox 1324 895 1370 936; x_wconf 89' lang='lat' dir='ltr'>in</span> <span class='ocrx_word' id='word_1_110' title='bbox 1401 909 1510 936; x_wconf 83' lang='lat' dir='ltr'>cam-</span> 
     </span>
     <span class='ocr_line' id='line_1_15' title="bbox 169 953 1508 1007; baseline 0 -13"><span class='ocrx_word' id='word_1_111' title='bbox 169 968 272 1007; x_wconf 87' lang='lat' dir='ltr'>pum</span> <span class='ocrx_word' id='word_1_112' title='bbox 305 968 400 994; x_wconf 87' lang='lat' dir='ltr'>cum</span> <span class='ocrx_word' id='word_1_113' title='bbox 432 953 680 995; x_wconf 87' lang='lat' dir='ltr'>firmissimo</span> <span class='ocrx_word' id='word_1_114' title='bbox 709 953 921 1007; x_wconf 89' lang='lat' dir='ltr'>praesidio</span> <span class='ocrx_word' id='word_1_115' title='bbox 953 953 1290 994; x_wconf 87' lang='lat' dir='ltr'>fortissimorum</span> <span class='ocrx_word' id='word_1_116' title='bbox 1322 953 1508 994; x_wconf 89' lang='lat' dir='ltr'>virorum</span> 
     </span>
     <span class='ocr_line' id='line_1_16' title="bbox 171 1011 1564 1068; baseline 0 -16"><span class='ocrx_word' id='word_1_117' title='bbox 171 1016 214 1053; x_wconf 90' lang='lat' dir='ltr'>et</span> <span class='ocrx_word' id='word_1_118' title='bbox 245 1027 342 1053; x_wconf 89' lang='lat' dir='ltr'>cum</span> <span class='ocrx_word' id='word_1_119' title='bbox 372 1012 450 1052; x_wconf 89' lang='lat' dir='ltr'>illa</span> <span class='ocrx_word' id='word_1_120' title='bbox 482 1012 574 1053; x_wconf 89' lang='lat' dir='ltr'>lata</span> <span class='ocrx_word' id='word_1_121' title='bbox 604 1012 847 1066; x_wconf 79' lang='lat' dir='ltr'>insignique</span> <span class='ocrx_word' id='word_1_122' title='bbox 880 1011 1022 1064; x_wconf 88' lang='lat' dir='ltr'>lorica,</span> <span class='ocrx_word' id='word_1_123' title='bbox 1054 1026 1141 1052; x_wconf 90' lang='lat' dir='ltr'>non</span> <span class='ocrx_word' id='word_1_124' title='bbox 1172 1026 1277 1065; x_wconf 88' lang='lat' dir='ltr'>quae</span> <span class='ocrx_word' id='word_1_125' title='bbox 1304 1026 1371 1053; x_wconf 91' lang='lat' dir='ltr'>me</span> <span class='ocrx_word' id='word_1_126' title='bbox 1396 1014 1509 1068; x_wconf 46' lang='lat' dir='ltr'>tege*</span> <span class='ocrx_word' id='word_1_127' title='bbox 1531 1022 1564 1048; x_wconf 88' lang='lat'>15</span> 
     </span>
     <span class='ocr_line' id='line_1_17' title="bbox 169 1069 1510 1126; baseline 0 -15"><span class='ocrx_word' id='word_1_128' title='bbox 169 1073 236 1111; x_wconf 89' lang='lat' dir='ltr'>ret</span> <span class='ocrx_word' id='word_1_129' title='bbox 268 1069 445 1126; x_wconf 86' lang='lat' dir='ltr'>(etenim</span> <span class='ocrx_word' id='word_1_130' title='bbox 479 1070 664 1112; x_wconf 82' lang='lat' dir='ltr'>sciebam</span> <span class='ocrx_word' id='word_1_131' title='bbox 685 1069 916 1111; x_wconf 81' lang='lat' dir='ltr'>Catilinam</span> <span class='ocrx_word' id='word_1_132' title='bbox 947 1084 1034 1111; x_wconf 90' lang='lat' dir='ltr'>non</span> <span class='ocrx_word' id='word_1_133' title='bbox 1067 1071 1178 1110; x_wconf 88' lang='lat' dir='ltr'>latus</span> <span class='ocrx_word' id='word_1_134' title='bbox 1206 1072 1280 1111; x_wconf 85' lang='lat' dir='ltr'>aut</span> <span class='ocrx_word' id='word_1_135' title='bbox 1306 1073 1510 1124; x_wconf 89' lang='lat' dir='ltr'>ventrem,</span> 
     </span>
     <span class='ocr_line' id='line_1_18' title="bbox 171 1127 1509 1183; baseline 0 -14"><span class='ocrx_word' id='word_1_136' title='bbox 171 1129 243 1169; x_wconf 88' lang='lat' dir='ltr'>sed</span> <span class='ocrx_word' id='word_1_137' title='bbox 282 1131 410 1183; x_wconf 86' lang='lat' dir='ltr'>caput</span> <span class='ocrx_word' id='word_1_138' title='bbox 448 1132 491 1169; x_wconf 86' lang='lat' dir='ltr'>et</span> <span class='ocrx_word' id='word_1_139' title='bbox 523 1129 682 1170; x_wconf 88' lang='lat' dir='ltr'>collum</span> <span class='ocrx_word' id='word_1_140' title='bbox 714 1129 851 1170; x_wconf 89' lang='lat' dir='ltr'>solere</span> <span class='ocrx_word' id='word_1_141' title='bbox 882 1127 1066 1183; x_wconf 86' lang='lat' dir='ltr'>petere),</span> <span class='ocrx_word' id='word_1_142' title='bbox 1104 1143 1250 1169; x_wconf 85' lang='lat' dir='ltr'>verum</span> <span class='ocrx_word' id='word_1_143' title='bbox 1282 1132 1330 1170; x_wconf 89' lang='lat' dir='ltr'>ut</span> <span class='ocrx_word' id='word_1_144' title='bbox 1362 1143 1509 1170; x_wconf 86' lang='lat' dir='ltr'>omnes</span> 
     </span>
     <span class='ocr_line' id='line_1_19' title="bbox 169 1187 1508 1242; baseline 0.001 -15"><span class='ocrx_word' id='word_1_145' title='bbox 169 1187 271 1228; x_wconf 89' lang='lat' dir='ltr'>boni</span> <span class='ocrx_word' id='word_1_146' title='bbox 315 1187 705 1228; x_wconf 83' lang='lat' dir='ltr'>animadverterent</span> <span class='ocrx_word' id='word_1_147' title='bbox 749 1190 809 1241; x_wconf 89' lang='lat' dir='ltr'>et,</span> <span class='ocrx_word' id='word_1_148' title='bbox 853 1202 948 1228; x_wconf 86' lang='lat' dir='ltr'>eum</span> <span class='ocrx_word' id='word_1_149' title='bbox 990 1187 1036 1227; x_wconf 89' lang='lat' dir='ltr'>in</span> <span class='ocrx_word' id='word_1_150' title='bbox 1079 1190 1196 1228; x_wconf 87' lang='lat' dir='ltr'>metu</span> <span class='ocrx_word' id='word_1_151' title='bbox 1240 1189 1283 1228; x_wconf 92' lang='lat' dir='ltr'>et</span> <span class='ocrx_word' id='word_1_152' title='bbox 1320 1187 1508 1242; x_wconf 85' lang='lat' dir='ltr'>periculo</span> 
     </span>
     <span class='ocr_line' id='line_1_20' title="bbox 171 1245 1510 1301; baseline 0 -14"><span class='ocrx_word' id='word_1_153' title='bbox 171 1246 387 1287; x_wconf 86' lang='lat' dir='ltr'>consulem</span> <span class='ocrx_word' id='word_1_154' title='bbox 419 1246 624 1300; x_wconf 84' lang='lat' dir='ltr'>viderent,</span> <span class='ocrx_word' id='word_1_155' title='bbox 656 1246 698 1286; x_wconf 91' lang='lat' dir='ltr'>id</span> <span class='ocrx_word' id='word_1_156' title='bbox 725 1245 837 1301; x_wconf 87' lang='lat' dir='ltr'>quod</span> <span class='ocrx_word' id='word_1_157' title='bbox 864 1248 930 1286; x_wconf 91' lang='lat' dir='ltr'>est</span> <span class='ocrx_word' id='word_1_158' title='bbox 954 1245 1129 1298; x_wconf 85' lang='lat' dir='ltr'>factum,</span> <span class='ocrx_word' id='word_1_159' title='bbox 1161 1245 1213 1287; x_wconf 90' lang='lat' dir='ltr'>ad</span> <span class='ocrx_word' id='word_1_160' title='bbox 1240 1260 1365 1300; x_wconf 90' lang='lat' dir='ltr'>opem</span> <span class='ocrx_word' id='word_1_161' title='bbox 1391 1260 1510 1299; x_wconf 91' lang='lat' dir='ltr'>prae-</span> 
     </span>
     <span class='ocr_line' id='line_1_21' title="bbox 171 1303 1563 1358; baseline 0.001 -14"><span class='ocrx_word' id='word_1_162' title='bbox 171 1304 407 1358; x_wconf 88' lang='lat' dir='ltr'>sidiumque</span> <span class='ocrx_word' id='word_1_163' title='bbox 434 1308 746 1345; x_wconf 82' lang='lat' dir='ltr'>concurrerent.</span> <span class='ocrx_word' id='word_1_164' title='bbox 796 1304 959 1358; x_wconf 89' lang='lat' dir='ltr'>Itaque,</span> <span class='ocrx_word' id='word_1_165' title='bbox 991 1319 1085 1346; x_wconf 86' lang='lat' dir='ltr'>oum</span> <span class='ocrx_word' id='word_1_166' title='bbox 1110 1307 1165 1358; x_wconf 86' lang='lat' dir='ltr'>te,</span> <span class='ocrx_word' id='word_1_167' title='bbox 1197 1303 1330 1358; x_wconf 81' lang='lat' dir='ltr'>Servi,</span> <span class='ocrx_word' id='word_1_168' title='bbox 1360 1304 1506 1345; x_wconf 89' lang='lat' dir='ltr'>remis·</span> <span class='ocrx_word' id='word_1_169' title='bbox 1528 1315 1563 1340; x_wconf 85' lang='lat'>20</span> 
     </span>
     <span class='ocr_line' id='line_1_22' title="bbox 170 1362 1510 1418; baseline 0.001 -15"><span class='ocrx_word' id='word_1_170' title='bbox 170 1363 326 1404; x_wconf 88' lang='lat' dir='ltr'>siorem</span> <span class='ocrx_word' id='word_1_171' title='bbox 357 1363 403 1403; x_wconf 89' lang='lat' dir='ltr'>in</span> <span class='ocrx_word' id='word_1_172' title='bbox 434 1363 616 1417; x_wconf 90' lang='lat' dir='ltr'>petendo</span> <span class='ocrx_word' id='word_1_173' title='bbox 648 1365 862 1418; x_wconf 88' lang='lat' dir='ltr'>putarent,</span> <span class='ocrx_word' id='word_1_174' title='bbox 895 1362 1128 1404; x_wconf 87' lang='lat' dir='ltr'>Catilinam</span> <span class='ocrx_word' id='word_1_175' title='bbox 1160 1366 1202 1404; x_wconf 89' lang='lat' dir='ltr'>et</span> <span class='ocrx_word' id='word_1_176' title='bbox 1228 1377 1302 1417; x_wconf 88' lang='lat' dir='ltr'>spe</span> <span class='ocrx_word' id='word_1_177' title='bbox 1329 1367 1371 1404; x_wconf 88' lang='lat' dir='ltr'>et</span> <span class='ocrx_word' id='word_1_178' title='bbox 1396 1364 1510 1417; x_wconf 86' lang='lat' dir='ltr'>cupi-</span> 
     </span>
     <span class='ocr_line' id='line_1_23' title="bbox 171 1421 1511 1475; baseline 0 -13"><span class='ocrx_word' id='word_1_179' title='bbox 171 1421 306 1462; x_wconf 88' lang='lat' dir='ltr'>ditate</span> <span class='ocrx_word' id='word_1_180' title='bbox 337 1421 654 1462; x_wconf 83' lang='lat' dir='ltr'>inflammatum</span> <span class='ocrx_word' id='word_1_181' title='bbox 686 1421 898 1475; x_wconf 84' lang='lat' dir='ltr'>viderent,</span> <span class='ocrx_word' id='word_1_182' title='bbox 930 1436 1089 1474; x_wconf 88' lang='lat' dir='ltr'>omnes,</span> <span class='ocrx_word' id='word_1_183' title='bbox 1122 1421 1193 1475; x_wconf 92' lang='lat' dir='ltr'>qui</span> <span class='ocrx_word' id='word_1_184' title='bbox 1224 1421 1346 1462; x_wconf 90' lang='lat' dir='ltr'>illam</span> <span class='ocrx_word' id='word_1_185' title='bbox 1379 1421 1433 1462; x_wconf 87' lang='lat' dir='ltr'>ab</span> <span class='ocrx_word' id='word_1_186' title='bbox 1465 1436 1511 1462; x_wconf 84' lang='lat' dir='ltr'>re</span> 
     </span>
     <span class='ocr_line' id='line_1_24' title="bbox 169 1479 1510 1535; baseline 0 -14"><span class='ocrx_word' id='word_1_187' title='bbox 169 1480 342 1535; x_wconf 88' lang='lat' dir='ltr'>publica</span> <span class='ocrx_word' id='word_1_188' title='bbox 378 1483 544 1535; x_wconf 88' lang='lat' dir='ltr'>pestem</span> <span class='ocrx_word' id='word_1_189' title='bbox 583 1480 795 1535; x_wconf 88' lang='lat' dir='ltr'>depellere</span> <span class='ocrx_word' id='word_1_190' title='bbox 835 1481 1081 1535; x_wconf 85' lang='lat' dir='ltr'>cupiebant,</span> <span class='ocrx_word' id='word_1_191' title='bbox 1122 1480 1173 1521; x_wconf 89' lang='lat' dir='ltr'>ad</span> <span class='ocrx_word' id='word_1_192' title='bbox 1204 1479 1427 1521; x_wconf 85' lang='lat' dir='ltr'>Murenam</span> <span class='ocrx_word' id='word_1_193' title='bbox 1466 1495 1510 1521; x_wconf 87' lang='lat' dir='ltr'>se</span> 
     </span>
    </p>

    <p class='ocr_par' dir='ltr' id='par_1_5' title="bbox 100 1538 1563 2119">
     <span class='ocr_line' id='line_1_25' title="bbox 100 1538 1509 1593; baseline 0 -14"><span class='ocrx_word' id='word_1_194' title='bbox 100 1549 143 1579; x_wconf 82' lang='lat'>53</span> <span class='ocrx_word' id='word_1_195' title='bbox 172 1540 320 1580; x_wconf 87' lang='lat' dir='ltr'>statim</span> <span class='ocrx_word' id='word_1_196' title='bbox 353 1540 636 1580; x_wconf 87' lang='lat' dir='ltr'>contulerunt.</span> <span class='ocrx_word' id='word_1_197' title='bbox 680 1538 841 1593; x_wconf 85' lang='lat' dir='ltr'>Magna</span> <span class='ocrx_word' id='word_1_198' title='bbox 873 1542 939 1580; x_wconf 85' lang='lat' dir='ltr'>est</span> <span class='ocrx_word' id='word_1_199' title='bbox 971 1541 1114 1580; x_wconf 85' lang='lat' dir='ltr'>autem</span> <span class='ocrx_word' id='word_1_200' title='bbox 1146 1538 1330 1580; x_wconf 86' lang='lat' dir='ltr'>comitiis</span> <span class='ocrx_word' id='word_1_201' title='bbox 1363 1553 1509 1580; x_wconf 89' lang='lat' dir='ltr'>consu-</span> 
     </span>
     <span class='ocr_line' id='line_1_26' title="bbox 170 1597 1562 1652; baseline 0.001 -15"><span class='ocrx_word' id='word_1_202' title='bbox 170 1597 333 1638; x_wconf 83' lang='lat' dir='ltr'>laribus</span> <span class='ocrx_word' id='word_1_203' title='bbox 381 1599 606 1652; x_wconf 84' lang='lat' dir='ltr'>repentina</span> <span class='ocrx_word' id='word_1_204' title='bbox 649 1599 921 1639; x_wconf 83' lang='lat' dir='ltr'>voluntatum</span> <span class='ocrx_word' id='word_1_205' title='bbox 965 1597 1207 1651; x_wconf 79' lang='lat' dir='ltr'>inclinatio,</span> <span class='ocrx_word' id='word_1_206' title='bbox 1254 1597 1508 1650; x_wconf 85' lang='lat' dir='ltr'>praesertim</span> <span class='ocrx_word' id='word_1_207' title='bbox 1529 1608 1562 1633; x_wconf 79' lang='lat'>25</span> 
     </span>
     <span class='ocr_line' id='line_1_27' title="bbox 171 1655 1510 1698; baseline 0 -2"><span class='ocrx_word' id='word_1_208' title='bbox 171 1670 266 1696; x_wconf 90' lang='lat' dir='ltr'>cum</span> <span class='ocrx_word' id='word_1_209' title='bbox 306 1656 498 1697; x_wconf 83' lang='lat' dir='ltr'>incubuit</span> <span class='ocrx_word' id='word_1_210' title='bbox 536 1656 588 1697; x_wconf 85' lang='lat' dir='ltr'>ad</span> <span class='ocrx_word' id='word_1_211' title='bbox 628 1656 767 1698; x_wconf 81' lang='lat' dir='ltr'>virum</span> <span class='ocrx_word' id='word_1_212' title='bbox 805 1656 965 1698; x_wconf 88' lang='lat' dir='ltr'>bonum</span> <span class='ocrx_word' id='word_1_213' title='bbox 1003 1658 1046 1697; x_wconf 87' lang='lat' dir='ltr'>et</span> <span class='ocrx_word' id='word_1_214' title='bbox 1084 1655 1232 1697; x_wconf 87' lang='lat' dir='ltr'>multis</span> <span class='ocrx_word' id='word_1_215' title='bbox 1266 1656 1362 1697; x_wconf 85' lang='lat' dir='ltr'>aliis</span> <span class='ocrx_word' id='word_1_216' title='bbox 1395 1655 1510 1696; x_wconf 43' lang='lat' dir='ltr'>adiu*</span> 
     </span>
     <span class='ocr_line' id='line_1_28' title="bbox 170 1713 1508 1768; baseline 0.001 -14"><span class='ocrx_word' id='word_1_217' title='bbox 170 1713 327 1754; x_wconf 79' lang='lat' dir='ltr'>mentis</span> <span class='ocrx_word' id='word_1_218' title='bbox 379 1715 601 1768; x_wconf 87' lang='lat' dir='ltr'>petitionis</span> <span class='ocrx_word' id='word_1_219' title='bbox 654 1718 865 1756; x_wconf 88' lang='lat' dir='ltr'>ornatum.</span> <span class='ocrx_word' id='word_1_220' title='bbox 939 1714 1019 1763; x_wconf 82' lang='lat' dir='ltr'>Qui</span> <span class='ocrx_word' id='word_1_221' title='bbox 1063 1729 1159 1756; x_wconf 85' lang='lat' dir='ltr'>cum</span> <span class='ocrx_word' id='word_1_222' title='bbox 1203 1713 1508 1755; x_wconf 86' lang='lat' dir='ltr'>honestissimo</span> 
     </span>
     <span class='ocr_line' id='line_1_29' title="bbox 170 1772 1509 1827; baseline 0 -15"><span class='ocrx_word' id='word_1_223' title='bbox 170 1775 293 1826; x_wconf 83' lang='lat' dir='ltr'>patre</span> <span class='ocrx_word' id='word_1_224' title='bbox 349 1775 477 1826; x_wconf 89' lang='lat' dir='ltr'>atque</span> <span class='ocrx_word' id='word_1_225' title='bbox 533 1773 784 1827; x_wconf 88' lang='lat' dir='ltr'>maioribus,</span> <span class='ocrx_word' id='word_1_226' title='bbox 843 1773 1160 1815; x_wconf 84' lang='lat' dir='ltr'>modestissima</span> <span class='ocrx_word' id='word_1_227' title='bbox 1210 1772 1509 1825; x_wconf 83' lang='lat' dir='ltr'>adulescentia,</span> 
     </span>
     <span class='ocr_line' id='line_1_30' title="bbox 171 1830 1509 1886; baseline 0.001 -16"><span class='ocrx_word' id='word_1_228' title='bbox 171 1830 412 1871; x_wconf 87' lang='lat' dir='ltr'>clarissima</span> <span class='ocrx_word' id='word_1_229' title='bbox 436 1831 665 1886; x_wconf 77' lang='lat' dir='ltr'>legatione,</span> <span class='ocrx_word' id='word_1_230' title='bbox 690 1834 892 1886; x_wconf 87' lang='lat' dir='ltr'>praetura</span> <span class='ocrx_word' id='word_1_231' title='bbox 918 1831 1100 1885; x_wconf 88' lang='lat' dir='ltr'>probata</span> <span class='ocrx_word' id='word_1_232' title='bbox 1123 1831 1168 1871; x_wconf 91' lang='lat' dir='ltr'>in</span> <span class='ocrx_word' id='word_1_233' title='bbox 1192 1831 1294 1883; x_wconf 88' lang='lat' dir='ltr'>iure,</span> <span class='ocrx_word' id='word_1_234' title='bbox 1320 1833 1446 1885; x_wconf 88' lang='lat' dir='ltr'>grata</span> <span class='ocrx_word' id='word_1_235' title='bbox 1465 1831 1509 1871; x_wconf 90' lang='lat' dir='ltr'>in</span> 
     </span>
     <span class='ocr_line' id='line_1_31' title="bbox 171 1889 1563 1944; baseline 0.001 -16"><span class='ocrx_word' id='word_1_236' title='bbox 171 1903 355 1942; x_wconf 88' lang='lat' dir='ltr'>munere,</span> <span class='ocrx_word' id='word_1_237' title='bbox 387 1892 541 1930; x_wconf 84' lang='lat' dir='ltr'>ornata</span> <span class='ocrx_word' id='word_1_238' title='bbox 571 1890 616 1930; x_wconf 90' lang='lat' dir='ltr'>in</span> <span class='ocrx_word' id='word_1_239' title='bbox 642 1890 860 1944; x_wconf 83' lang='lat' dir='ltr'>provincia</span> <span class='ocrx_word' id='word_1_240' title='bbox 892 1890 1071 1943; x_wconf 87' lang='lat' dir='ltr'>petisset</span> <span class='ocrx_word' id='word_1_241' title='bbox 1103 1889 1340 1943; x_wconf 88' lang='lat' dir='ltr'>diligenter,</span> <span class='ocrx_word' id='word_1_242' title='bbox 1372 1891 1415 1929; x_wconf 87' lang='lat' dir='ltr'>et</span> <span class='ocrx_word' id='word_1_243' title='bbox 1445 1889 1508 1930; x_wconf 84' lang='lat' dir='ltr'>ita</span> <span class='ocrx_word' id='word_1_244' title='bbox 1527 1900 1563 1925; x_wconf 81' lang='lat'>30</span> 
     </span>
     <span class='ocr_line' id='line_1_32' title="bbox 170 1946 1507 2001; baseline 0 -14"><span class='ocrx_word' id='word_1_245' title='bbox 170 1946 362 2001; x_wconf 85' lang='lat' dir='ltr'>petisset,</span> <span class='ocrx_word' id='word_1_246' title='bbox 387 1949 436 1987; x_wconf 92' lang='lat' dir='ltr'>ut</span> <span class='ocrx_word' id='word_1_247' title='bbox 462 1962 594 2001; x_wconf 89' lang='lat' dir='ltr'>neque</span> <span class='ocrx_word' id='word_1_248' title='bbox 618 1948 799 1989; x_wconf 89' lang='lat' dir='ltr'>minanti</span> <span class='ocrx_word' id='word_1_249' title='bbox 819 1949 985 1990; x_wconf 87' lang='lat' dir='ltr'>cederet</span> <span class='ocrx_word' id='word_1_250' title='bbox 1003 1961 1138 2001; x_wconf 88' lang='lat' dir='ltr'>neque</span> <span class='ocrx_word' id='word_1_251' title='bbox 1159 1947 1355 2001; x_wconf 85' lang='lat' dir='ltr'>cuiquam</span> <span class='ocrx_word' id='word_1_252' title='bbox 1375 1947 1507 1988; x_wconf 85' lang='lat' dir='ltr'>mina-</span> 
     </span>
     <span class='ocr_line' id='line_1_33' title="bbox 170 2004 1507 2062; baseline 0 -16"><span class='ocrx_word' id='word_1_253' title='bbox 170 2008 301 2058; x_wconf 90' lang='lat' dir='ltr'>retur,</span> <span class='ocrx_word' id='word_1_254' title='bbox 332 2005 432 2047; x_wconf 83' lang='lat' dir='ltr'>huic</span> <span class='ocrx_word' id='word_1_255' title='bbox 464 2006 702 2048; x_wconf 85' lang='lat' dir='ltr'>mirandum</span> <span class='ocrx_word' id='word_1_256' title='bbox 730 2010 797 2048; x_wconf 88' lang='lat' dir='ltr'>est</span> <span class='ocrx_word' id='word_1_257' title='bbox 828 2020 984 2062; x_wconf 88' lang='lat' dir='ltr'>magno</span> <span class='ocrx_word' id='word_1_258' title='bbox 1017 2005 1260 2047; x_wconf 89' lang='lat' dir='ltr'>adiumento</span> <span class='ocrx_word' id='word_1_259' title='bbox 1295 2004 1507 2047; x_wconf 86' lang='lat' dir='ltr'>Catilinae</span> 
     </span>
     <span class='ocr_line' id='line_1_34' title="bbox 172 2063 1274 2119; baseline 0.001 -15"><span class='ocrx_word' id='word_1_260' title='bbox 172 2063 360 2105; x_wconf 89' lang='lat' dir='ltr'>subitam</span> <span class='ocrx_word' id='word_1_261' title='bbox 393 2077 512 2117; x_wconf 87' lang='lat' dir='ltr'>spem</span> <span class='ocrx_word' id='word_1_262' title='bbox 539 2065 788 2105; x_wconf 84' lang='lat' dir='ltr'>consulatus</span> <span class='ocrx_word' id='word_1_263' title='bbox 822 2063 1082 2119; x_wconf 87' lang='lat' dir='ltr'>adipiscendi</span> <span class='ocrx_word' id='word_1_264' title='bbox 1113 2063 1274 2105; x_wconf 82' lang='lat' dir='ltr'>fuisse?</span> 
     </span>
    </p>

    <p class='ocr_par' dir='ltr' id='par_1_6' title="bbox 102 2121 1558 2352">
     <span class='ocr_line' id='line_1_35' title="bbox 102 2121 1505 2175; baseline -0.001 -11"><span class='ocrx_word' id='word_1_265' title='bbox 102 2133 146 2164; x_wconf 72' lang='lat'>54</span> <span class='ocrx_word' id='word_1_266' title='bbox 259 2122 383 2163; x_wconf 88' lang='lat' dir='ltr'>Nunc</span> <span class='ocrx_word' id='word_1_267' title='bbox 415 2121 521 2162; x_wconf 89' lang='lat' dir='ltr'>mihi</span> <span class='ocrx_word' id='word_1_268' title='bbox 552 2123 704 2163; x_wconf 87' lang='lat' dir='ltr'>tertius</span> <span class='ocrx_word' id='word_1_269' title='bbox 736 2123 811 2164; x_wconf 89' lang='lat' dir='ltr'>ille</span> <span class='ocrx_word' id='word_1_270' title='bbox 843 2124 961 2165; x_wconf 86' lang='lat' dir='ltr'>loeus</span> <span class='ocrx_word' id='word_1_271' title='bbox 994 2126 1060 2163; x_wconf 87' lang='lat' dir='ltr'>est</span> <span class='ocrx_word' id='word_1_272' title='bbox 1084 2122 1272 2175; x_wconf 88' lang='lat' dir='ltr'>reliquus</span> <span class='ocrx_word' id='word_1_273' title='bbox 1300 2122 1505 2164; x_wconf 88' lang='lat' dir='ltr'>orationis</span> 
     </span>
     <span class='ocr_line' id='line_1_36' title="bbox 172 2180 1558 2237; baseline 0.001 -16"><span class='ocrx_word' id='word_1_274' title='bbox 172 2180 221 2221; x_wconf 89' lang='lat' dir='ltr'>de</span> <span class='ocrx_word' id='word_1_275' title='bbox 260 2180 448 2222; x_wconf 85' lang='lat' dir='ltr'>ambitus</span> <span class='ocrx_word' id='word_1_276' title='bbox 488 2180 735 2222; x_wconf 88' lang='lat' dir='ltr'>criminibus</span> <span class='ocrx_word' id='word_1_277' title='bbox 774 2183 1059 2237; x_wconf 88' lang='lat' dir='ltr'>perpurgatus</span> <span class='ocrx_word' id='word_1_278' title='bbox 1093 2180 1146 2221; x_wconf 88' lang='lat' dir='ltr'>ab</span> <span class='ocrx_word' id='word_1_279' title='bbox 1179 2180 1264 2233; x_wconf 88' lang='lat' dir='ltr'>his,</span> <span class='ocrx_word' id='word_1_280' title='bbox 1304 2180 1376 2234; x_wconf 88' lang='lat' dir='ltr'>qui</span> <span class='ocrx_word' id='word_1_281' title='bbox 1407 2184 1505 2222; x_wconf 85' lang='lat' dir='ltr'>ante</span> <span class='ocrx_word' id='word_1_282' title='bbox 1524 2190 1558 2216; x_wconf 77' lang='lat'>35</span> 
     </span>
     <span class='ocr_line' id='line_1_37' title="bbox 172 2238 1506 2293; baseline 0.001 -14"><span class='ocrx_word' id='word_1_283' title='bbox 172 2254 239 2280; x_wconf 92' lang='lat' dir='ltr'>me</span> <span class='ocrx_word' id='word_1_284' title='bbox 265 2239 474 2293; x_wconf 83' lang='lat' dir='ltr'>dixerunt,</span> <span class='ocrx_word' id='word_1_285' title='bbox 506 2253 531 2279; x_wconf 91' lang='lat' dir='ltr'>a</span> <span class='ocrx_word' id='word_1_286' title='bbox 556 2253 635 2292; x_wconf 91' lang='lat' dir='ltr'>me,</span> <span class='ocrx_word' id='word_1_287' title='bbox 662 2240 862 2293; x_wconf 89' lang='lat' dir='ltr'>quoniam</span> <span class='ocrx_word' id='word_1_288' title='bbox 887 2240 950 2280; x_wconf 90' lang='lat' dir='ltr'>ita</span> <span class='ocrx_word' id='word_1_289' title='bbox 974 2238 1154 2280; x_wconf 88' lang='lat' dir='ltr'>Murena</span> <span class='ocrx_word' id='word_1_290' title='bbox 1179 2238 1326 2292; x_wconf 89' lang='lat' dir='ltr'>voluit,</span> <span class='ocrx_word' id='word_1_291' title='bbox 1350 2241 1506 2280; x_wconf 88' lang='lat' dir='ltr'>retrac-</span> 
     </span>
     <span class='ocr_line' id='line_1_38' title="bbox 171 2296 1504 2352; baseline 0 -14"><span class='ocrx_word' id='word_1_292' title='bbox 171 2297 347 2351; x_wconf 82' lang='lat' dir='ltr'>tandus3</span> <span class='ocrx_word' id='word_1_293' title='bbox 380 2311 463 2352; x_wconf 90' lang='lat' dir='ltr'>quo</span> <span class='ocrx_word' id='word_1_294' title='bbox 495 2297 540 2338; x_wconf 90' lang='lat' dir='ltr'>in</span> <span class='ocrx_word' id='word_1_295' title='bbox 570 2296 665 2338; x_wconf 90' lang='lat' dir='ltr'>loco</span> <span class='ocrx_word' id='word_1_296' title='bbox 699 2296 741 2339; x_wconf 79' lang='lat' dir='ltr'>G.</span> <span class='ocrx_word' id='word_1_297' title='bbox 762 2296 981 2352; x_wconf 88' lang='lat' dir='ltr'>Postumo,</span> <span class='ocrx_word' id='word_1_298' title='bbox 1011 2296 1216 2338; x_wconf 82' lang='lat' dir='ltr'>familiari</span> <span class='ocrx_word' id='word_1_299' title='bbox 1248 2311 1353 2351; x_wconf 89' lang='lat' dir='ltr'>meo,</span> <span class='ocrx_word' id='word_1_300' title='bbox 1385 2311 1504 2338; x_wconf 84' lang='lat' dir='ltr'>orna-</span> 
     </span>
    </p>
   </div>
  </div>
 </body>
</html>
