<?xml version="1.0" encoding="UTF-8"?>
<!DOCTYPE html PUBLIC "-//W3C//DTD XHTML 1.0 Transitional//EN"
    "http://www.w3.org/TR/xhtml1/DTD/xhtml1-transitional.dtd">
<html xmlns="http://www.w3.org/1999/xhtml" xml:lang="en" lang="en">
 <head>
  <title>
</title>
<meta http-equiv="Content-Type" content="text/html;charset=utf-8" />
  <meta name='ocr-system' content='tesseract 3.04.00' />
  <meta name='ocr-capabilities' content='ocr_page ocr_carea ocr_par ocr_line ocrx_word'/>
</head>
<body>
  <div class='ocr_page' id='page_1' title='image "./p2scriptaquaemanse02ciceuoft_0641.png"; bbox 0 0 1687 2533; ppageno 0'>
   <div class='ocr_carea' id='block_1_1' title="bbox 517 95 1405 138">
    <p class='ocr_par' dir='ltr' id='par_1_1' title="bbox 517 95 1405 138">
     <span class='ocr_line' id='line_1_1' title="bbox 517 95 1405 138; baseline 0.008 -9"><span class='ocrx_word' id='word_1_1' title='bbox 517 95 616 130; x_wconf 86' lang='lat' dir='ltr'>CAP.</span> <span class='ocrx_word' id='word_1_2' title='bbox 646 100 779 131; x_wconf 79' lang='lat'>18-21</span> <span class='ocrx_word' id='word_1_3' title='bbox 808 100 827 138; x_wconf 60' lang='grc' dir='ltr'>ἓ</span> <span class='ocrx_word' id='word_1_4' title='bbox 852 99 1002 131; x_wconf 85' lang='lat'>48—54.</span> <span class='ocrx_word' id='word_1_5' title='bbox 1320 96 1405 136; x_wconf 76' lang='grc'>477</span> 
     </span>
    </p>
   </div>
   <div class='ocr_carea' id='block_1_2' title="bbox 31 191 1407 716">
    <p class='ocr_par' dir='ltr' id='par_1_2' title="bbox 31 191 1407 716">
     <span class='ocr_line' id='line_1_2' title="bbox 65 191 1406 247; baseline -0.001 -13"><span class='ocrx_word' id='word_1_6' title='bbox 65 207 275 247; x_wconf 84' lang='lat' dir='ltr'>nusquam</span> <span class='ocrx_word' id='word_1_7' title='bbox 318 195 396 234; x_wconf 87' lang='lat' dir='ltr'>est.</span> <span class='ocrx_word' id='word_1_8' title='bbox 457 191 616 233; x_wconf 89' lang='lat' dir='ltr'>Verum</span> <span class='ocrx_word' id='word_1_9' title='bbox 649 192 722 246; x_wconf 80' lang='lat' dir='ltr'>sit3</span> <span class='ocrx_word' id='word_1_10' title='bbox 761 191 890 245; x_wconf 89' lang='lat' dir='ltr'>quid?</span> <span class='ocrx_word' id='word_1_11' title='bbox 928 206 1103 246; x_wconf 87' lang='lat' dir='ltr'>operum</span> <span class='ocrx_word' id='word_1_12' title='bbox 1136 191 1406 246; x_wconf 89' lang='lat' dir='ltr'>publicorum</span> 
     </span>
     <span class='ocr_line' id='line_1_3' title="bbox 67 250 1407 305; baseline -0.002 -12"><span class='ocrx_word' id='word_1_13' title='bbox 67 252 242 305; x_wconf 82' lang='lat' dir='ltr'>exactio,</span> <span class='ocrx_word' id='word_1_14' title='bbox 273 250 402 305; x_wconf 89' lang='lat' dir='ltr'>quid?</span> <span class='ocrx_word' id='word_1_15' title='bbox 429 251 615 292; x_wconf 89' lang='lat' dir='ltr'>nominis</span> <span class='ocrx_word' id='word_1_16' title='bbox 635 250 856 305; x_wconf 71' lang='lat' dir='ltr'>inscriptio</span> <span class='ocrx_word' id='word_1_17' title='bbox 878 250 959 291; x_wconf 88' lang='lat' dir='ltr'>tibi</span> <span class='ocrx_word' id='word_1_18' title='bbox 978 265 1081 291; x_wconf 90' lang='lat' dir='ltr'>num</span> <span class='ocrx_word' id='word_1_19' title='bbox 1101 250 1217 291; x_wconf 85' lang='lat' dir='ltr'>aliud</span> <span class='ocrx_word' id='word_1_20' title='bbox 1237 250 1407 291; x_wconf 89' lang='lat' dir='ltr'>videtur</span> 
     </span>
     <span class='ocr_line' id='line_1_4' title="bbox 67 308 1407 364; baseline -0.001 -14"><span class='ocrx_word' id='word_1_21' title='bbox 67 324 157 351; x_wconf 87' lang='lat' dir='ltr'>esse</span> <span class='ocrx_word' id='word_1_22' title='bbox 190 325 238 352; x_wconf 87' lang='lat' dir='ltr'>ac-</span> <span class='ocrx_word' id='word_1_23' title='bbox 271 324 461 351; x_wconf 90' lang='lat' dir='ltr'>meorum</span> <span class='ocrx_word' id='word_1_24' title='bbox 487 310 695 351; x_wconf 90' lang='lat' dir='ltr'>bonorum</span> <span class='ocrx_word' id='word_1_25' title='bbox 722 309 936 364; x_wconf 89' lang='lat' dir='ltr'>direptio?</span> <span class='ocrx_word' id='word_1_26' title='bbox 969 312 1268 364; x_wconf 67' lang='lat' dir='ltr'>praeterquam</span> <span class='ocrx_word' id='word_1_27' title='bbox 1295 308 1407 362; x_wconf 87' lang='lat' dir='ltr'>quod</span> 
     </span>
     <span class='ocr_line' id='line_1_5' title="bbox 65 367 1406 423; baseline -0.001 -14"><span class='ocrx_word' id='word_1_28' title='bbox 65 383 118 410; x_wconf 91' lang='lat' dir='ltr'>ne</span> <span class='ocrx_word' id='word_1_29' title='bbox 155 368 197 409; x_wconf 91' lang='lat' dir='ltr'>id</span> <span class='ocrx_word' id='word_1_30' title='bbox 229 369 398 423; x_wconf 88' lang='lat' dir='ltr'>quidem</span> <span class='ocrx_word' id='word_1_31' title='bbox 430 383 505 423; x_wconf 91' lang='lat' dir='ltr'>per</span> <span class='ocrx_word' id='word_1_32' title='bbox 537 369 676 423; x_wconf 83' lang='lat' dir='ltr'>legem</span> <span class='ocrx_word' id='word_1_33' title='bbox 707 367 934 421; x_wconf 73' lang='lat' dir='ltr'>Liciniam,</span> <span class='ocrx_word' id='word_1_34' title='bbox 972 371 1020 409; x_wconf 88' lang='lat' dir='ltr'>ut</span> <span class='ocrx_word' id='word_1_35' title='bbox 1051 368 1141 422; x_wconf 88' lang='lat' dir='ltr'>ipse</span> <span class='ocrx_word' id='word_1_36' title='bbox 1174 367 1255 409; x_wconf 87' lang='lat' dir='ltr'>tibi</span> <span class='ocrx_word' id='word_1_37' title='bbox 1288 381 1406 409; x_wconf 87' lang='lat' dir='ltr'>cura-</span> 
     </span>
     <span class='ocr_line' id='line_1_6' title="bbox 31 425 1407 481; baseline -0.001 -14"><span class='ocrx_word' id='word_1_38' title='bbox 31 440 48 466; x_wconf 83' lang='lat'>5</span> <span class='ocrx_word' id='word_1_39' title='bbox 67 428 227 468; x_wconf 88' lang='lat' dir='ltr'>tionem</span> <span class='ocrx_word' id='word_1_40' title='bbox 257 427 402 481; x_wconf 84' lang='lat' dir='ltr'>ferres,</span> <span class='ocrx_word' id='word_1_41' title='bbox 434 427 572 468; x_wconf 89' lang='lat' dir='ltr'>facere</span> <span class='ocrx_word' id='word_1_42' title='bbox 598 426 789 481; x_wconf 82' lang='lat' dir='ltr'>potuisti.</span> <span class='ocrx_word' id='word_1_43' title='bbox 834 425 970 475; x_wconf 76' lang='lat' dir='ltr'>Quid?</span> <span class='ocrx_word' id='word_1_44' title='bbox 1002 426 1083 468; x_wconf 90' lang='lat' dir='ltr'>hoc</span> <span class='ocrx_word' id='word_1_45' title='bbox 1108 426 1262 481; x_wconf 88' lang='lat' dir='ltr'>ipsum,</span> <span class='ocrx_word' id='word_1_46' title='bbox 1295 426 1407 480; x_wconf 90' lang='lat' dir='ltr'>quod</span> 
     </span>
     <span class='ocr_line' id='line_1_7' title="bbox 65 485 1406 540; baseline -0.001 -13"><span class='ocrx_word' id='word_1_47' title='bbox 65 500 176 527; x_wconf 87' lang='lat' dir='ltr'>nunc</span> <span class='ocrx_word' id='word_1_48' title='bbox 220 486 332 540; x_wconf 90' lang='lat' dir='ltr'>apud</span> <span class='ocrx_word' id='word_1_49' title='bbox 378 485 600 540; x_wconf 88' lang='lat' dir='ltr'>pontifices</span> <span class='ocrx_word' id='word_1_50' title='bbox 640 486 750 540; x_wconf 80' lang='lat' dir='ltr'>agis,</span> <span class='ocrx_word' id='word_1_51' title='bbox 793 488 836 526; x_wconf 90' lang='lat' dir='ltr'>te</span> <span class='ocrx_word' id='word_1_52' title='bbox 875 500 1014 526; x_wconf 89' lang='lat' dir='ltr'>meam</span> <span class='ocrx_word' id='word_1_53' title='bbox 1052 485 1225 526; x_wconf 90' lang='lat' dir='ltr'>domum</span> <span class='ocrx_word' id='word_1_54' title='bbox 1263 498 1406 526; x_wconf 90' lang='lat' dir='ltr'>conse-</span> 
     </span>
     <span class='ocr_line' id='line_1_8' title="bbox 67 543 1405 598; baseline -0.001 -12"><span class='ocrx_word' id='word_1_55' title='bbox 67 559 219 598; x_wconf 81' lang='lat' dir='ltr'>crasse,</span> <span class='ocrx_word' id='word_1_56' title='bbox 251 550 293 585; x_wconf 83' lang='lat' dir='ltr'>te</span> <span class='ocrx_word' id='word_1_57' title='bbox 325 548 647 586; x_wconf 71' lang='lat' dir='ltr'>monumentum</span> <span class='ocrx_word' id='word_1_58' title='bbox 678 544 830 585; x_wconf 83' lang='lat' dir='ltr'>fecisse</span> <span class='ocrx_word' id='word_1_59' title='bbox 856 544 901 584; x_wconf 91' lang='lat' dir='ltr'>in</span> <span class='ocrx_word' id='word_1_60' title='bbox 927 544 1032 585; x_wconf 89' lang='lat' dir='ltr'>meis</span> <span class='ocrx_word' id='word_1_61' title='bbox 1060 543 1247 596; x_wconf 86' lang='lat' dir='ltr'>aedibus,</span> <span class='ocrx_word' id='word_1_62' title='bbox 1279 545 1322 584; x_wconf 88' lang='lat' dir='ltr'>te</span> <span class='ocrx_word' id='word_1_63' title='bbox 1350 543 1405 584; x_wconf 90' lang='lat' dir='ltr'>si-</span> 
     </span>
     <span class='ocr_line' id='line_1_9' title="bbox 68 601 1405 658; baseline -0.001 -14"><span class='ocrx_word' id='word_1_64' title='bbox 68 617 199 658; x_wconf 85' lang='lat' dir='ltr'>gnum</span> <span class='ocrx_word' id='word_1_65' title='bbox 232 603 460 657; x_wconf 71' lang='lat' dir='ltr'>dedicasse,</span> <span class='ocrx_word' id='word_1_66' title='bbox 492 617 623 657; x_wconf 88' lang='lat' dir='ltr'>eaque</span> <span class='ocrx_word' id='word_1_67' title='bbox 656 606 698 643; x_wconf 88' lang='lat' dir='ltr'>te</span> <span class='ocrx_word' id='word_1_68' title='bbox 731 617 780 644; x_wconf 87' lang='lat' dir='ltr'>ex</span> <span class='ocrx_word' id='word_1_69' title='bbox 807 617 890 644; x_wconf 89' lang='lat' dir='ltr'>una</span> <span class='ocrx_word' id='word_1_70' title='bbox 916 603 1215 658; x_wconf 79' lang='lat' dir='ltr'>rogatiuncula</span> <span class='ocrx_word' id='word_1_71' title='bbox 1242 601 1405 655; x_wconf 84' lang='lat' dir='ltr'>fecisse,</span> 
     </span>
     <span class='ocr_line' id='line_1_10' title="bbox 66 660 1404 716; baseline -0.001 -14"><span class='ocrx_word' id='word_1_72' title='bbox 66 677 199 703; x_wconf 89' lang='lat' dir='ltr'>unum</span> <span class='ocrx_word' id='word_1_73' title='bbox 232 665 274 703; x_wconf 86' lang='lat' dir='ltr'>et</span> <span class='ocrx_word' id='word_1_74' title='bbox 305 662 416 703; x_wconf 89' lang='lat' dir='ltr'>idem</span> <span class='ocrx_word' id='word_1_75' title='bbox 448 661 615 703; x_wconf 83' lang='lat' dir='ltr'>videtur</span> <span class='ocrx_word' id='word_1_76' title='bbox 641 676 733 702; x_wconf 92' lang='lat' dir='ltr'>esse</span> <span class='ocrx_word' id='word_1_77' title='bbox 760 663 887 716; x_wconf 87' lang='lat' dir='ltr'>atque</span> <span class='ocrx_word' id='word_1_78' title='bbox 912 661 966 715; x_wconf 84' lang='lat' dir='ltr'>id,</span> <span class='ocrx_word' id='word_1_79' title='bbox 1000 661 1112 715; x_wconf 91' lang='lat' dir='ltr'>quod</span> <span class='ocrx_word' id='word_1_80' title='bbox 1140 661 1189 701; x_wconf 86' lang='lat' dir='ltr'>de</span> <span class='ocrx_word' id='word_1_81' title='bbox 1216 675 1283 702; x_wconf 90' lang='lat' dir='ltr'>me</span> <span class='ocrx_word' id='word_1_82' title='bbox 1309 660 1404 715; x_wconf 90' lang='lat' dir='ltr'>ipso</span> 
     </span>
    </p>
   </div>
   <div class='ocr_carea' id='block_1_3' title="bbox 16 719 1471 773">
    <p class='ocr_par' dir='ltr' id='par_1_3' title="bbox 16 719 1471 773">
     <span class='ocr_line' id='line_1_11' title="bbox 16 719 1471 773; baseline 0.001 -15"><span class='ocrx_word' id='word_1_83' title='bbox 16 733 49 758; x_wconf 92' lang='lat'>10</span> <span class='ocrx_word' id='word_1_84' title='bbox 67 720 321 762; x_wconf 87' lang='lat' dir='ltr'>nominatim</span> <span class='ocrx_word' id='word_1_85' title='bbox 365 720 532 762; x_wconf 90' lang='lat' dir='ltr'>tulisti?</span> <span class='ocrx_word' id='word_1_86' title='bbox 608 719 713 761; x_wconf 90' lang='lat' dir='ltr'>Tam</span> <span class='ocrx_word' id='word_1_87' title='bbox 757 720 930 761; x_wconf 82' lang='lat' dir='ltr'>hercule</span> <span class='ocrx_word' id='word_1_88' title='bbox 971 723 1036 761; x_wconf 89' lang='lat' dir='ltr'>est</span> <span class='ocrx_word' id='word_1_89' title='bbox 1081 734 1230 773; x_wconf 88' lang='lat' dir='ltr'>unum,</span> <span class='ocrx_word' id='word_1_90' title='bbox 1275 734 1405 773; x_wconf 86' lang='lat' dir='ltr'>quam</span> <span class='ocrx_word' id='word_1_91' title='bbox 1456 731 1471 752; x_wconf 49' lang='grc' dir='ltr'><strong><em>ἢ</em></strong></span> 
     </span>
    </p>
   </div>
   <div class='ocr_carea' id='block_1_4' title="bbox 15 778 1406 2063">
    <p class='ocr_par' dir='ltr' id='par_1_4' title="bbox 15 778 1406 2063">
     <span class='ocr_line' id='line_1_12' title="bbox 68 778 1403 835; baseline -0.001 -15"><span class='ocrx_word' id='word_1_92' title='bbox 68 779 180 833; x_wconf 89' lang='lat' dir='ltr'>quod</span> <span class='ocrx_word' id='word_1_93' title='bbox 211 779 323 820; x_wconf 91' lang='lat' dir='ltr'>idem</span> <span class='ocrx_word' id='word_1_94' title='bbox 355 781 402 820; x_wconf 93' lang='lat' dir='ltr'>tu</span> <span class='ocrx_word' id='word_1_95' title='bbox 434 779 529 835; x_wconf 83' lang='lat' dir='ltr'>lege</span> <span class='ocrx_word' id='word_1_96' title='bbox 560 794 645 820; x_wconf 91' lang='lat' dir='ltr'>una</span> <span class='ocrx_word' id='word_1_97' title='bbox 675 779 834 832; x_wconf 89' lang='lat' dir='ltr'>tulisti,</span> <span class='ocrx_word' id='word_1_98' title='bbox 866 781 914 820; x_wconf 89' lang='lat' dir='ltr'>ut</span> <span class='ocrx_word' id='word_1_99' title='bbox 946 778 1129 833; x_wconf 79' lang='lat' dir='ltr'>Cyprius</span> <span class='ocrx_word' id='word_1_100' title='bbox 1161 793 1252 830; x_wconf 72' lang='lat' dir='ltr'>reX,</span> <span class='ocrx_word' id='word_1_101' title='bbox 1285 778 1403 819; x_wconf 90' lang='lat' dir='ltr'>cuius</span> 
     </span>
     <span class='ocr_line' id='line_1_13' title="bbox 67 837 1405 892; baseline -0.001 -14"><span class='ocrx_word' id='word_1_102' title='bbox 67 838 251 879; x_wconf 87' lang='lat' dir='ltr'>maiores</span> <span class='ocrx_word' id='word_1_103' title='bbox 283 838 381 879; x_wconf 89' lang='lat' dir='ltr'>huic</span> <span class='ocrx_word' id='word_1_104' title='bbox 406 838 565 892; x_wconf 87' lang='lat' dir='ltr'>populo</span> <span class='ocrx_word' id='word_1_105' title='bbox 593 837 696 879; x_wconf 87' lang='lat' dir='ltr'>socii</span> <span class='ocrx_word' id='word_1_106' title='bbox 723 841 850 892; x_wconf 88' lang='lat' dir='ltr'>atque</span> <span class='ocrx_word' id='word_1_107' title='bbox 877 837 1002 878; x_wconf 87' lang='lat' dir='ltr'>amici</span> <span class='ocrx_word' id='word_1_108' title='bbox 1028 852 1196 892; x_wconf 83' lang='lat' dir='ltr'>semper</span> <span class='ocrx_word' id='word_1_109' title='bbox 1220 837 1405 889; x_wconf 89' lang='lat' dir='ltr'>fuerunt,</span> 
     </span>
     <span class='ocr_line' id='line_1_14' title="bbox 68 896 1406 951; baseline -0.001 -14"><span class='ocrx_word' id='word_1_110' title='bbox 68 911 162 938; x_wconf 89' lang='lat' dir='ltr'>cum</span> <span class='ocrx_word' id='word_1_111' title='bbox 211 896 335 937; x_wconf 91' lang='lat' dir='ltr'>bonis</span> <span class='ocrx_word' id='word_1_112' title='bbox 386 896 581 937; x_wconf 88' lang='lat' dir='ltr'>omnibus</span> <span class='ocrx_word' id='word_1_113' title='bbox 634 896 712 937; x_wconf 88' lang='lat' dir='ltr'>sub</span> <span class='ocrx_word' id='word_1_114' title='bbox 756 911 1010 951; x_wconf 85' lang='lat' dir='ltr'>praeconem</span> <span class='ocrx_word' id='word_1_115' title='bbox 1055 896 1320 937; x_wconf 86' lang='lat' dir='ltr'>subiceretur</span> <span class='ocrx_word' id='word_1_116' title='bbox 1363 898 1406 936; x_wconf 91' lang='lat' dir='ltr'>et</span> 
     </span>
     <span class='ocr_line' id='line_1_15' title="bbox 69 953 1405 1009; baseline -0.001 -13"><span class='ocrx_word' id='word_1_117' title='bbox 69 956 209 996; x_wconf 87' lang='lat' dir='ltr'>exules</span> <span class='ocrx_word' id='word_1_118' title='bbox 237 955 491 1009; x_wconf 84' lang='lat' dir='ltr'>Byzantium</span> <span class='ocrx_word' id='word_1_119' title='bbox 516 955 826 996; x_wconf 84' lang='lat' dir='ltr'>reducerentur.</span> <span class='ocrx_word' id='word_1_120' title='bbox 867 954 1062 1007; x_wconf 70' lang='lat' dir='ltr'>‘Eidem&#39;,</span> <span class='ocrx_word' id='word_1_121' title='bbox 1093 954 1245 1008; x_wconf 84' lang='lat' dir='ltr'>inquit,</span> <span class='ocrx_word' id='word_1_122' title='bbox 1277 953 1405 995; x_wconf 71' lang='lat' dir='ltr'>‘utra—</span> 
     </span>
     <span class='ocr_line' id='line_1_16' title="bbox 17 1012 1405 1068; baseline 0.001 -17"><span class='ocrx_word' id='word_1_123' title='bbox 17 1026 49 1051; x_wconf 89' lang='lat'>15</span> <span class='ocrx_word' id='word_1_124' title='bbox 70 1027 149 1067; x_wconf 88' lang='lat' dir='ltr'>que</span> <span class='ocrx_word' id='word_1_125' title='bbox 182 1013 232 1054; x_wconf 92' lang='lat' dir='ltr'>de</span> <span class='ocrx_word' id='word_1_126' title='bbox 263 1028 308 1055; x_wconf 90' lang='lat' dir='ltr'>re</span> <span class='ocrx_word' id='word_1_127' title='bbox 338 1014 557 1068; x_wconf 79' lang='lat' dir='ltr'>negotium</span> <span class='ocrx_word' id='word_1_128' title='bbox 589 1013 712 1054; x_wconf 66' lang='lat' dir='ltr'>dedi?</span> <span class='ocrx_word' id='word_1_129' title='bbox 775 1013 913 1063; x_wconf 89' lang='lat' dir='ltr'>Quid?</span> <span class='ocrx_word' id='word_1_130' title='bbox 947 1014 983 1054; x_wconf 88' lang='lat' dir='ltr'>si</span> <span class='ocrx_word' id='word_1_131' title='bbox 1016 1013 1151 1054; x_wconf 84' lang='lat' dir='ltr'>eidem</span> <span class='ocrx_word' id='word_1_132' title='bbox 1182 1012 1405 1068; x_wconf 83' lang='lat' dir='ltr'>negotium</span> 
     </span>
     <span class='ocr_line' id='line_1_17' title="bbox 69 1072 1406 1127; baseline -0.001 -15"><span class='ocrx_word' id='word_1_133' title='bbox 69 1072 270 1126; x_wconf 75' lang='lat' dir='ltr'>dedisset,</span> <span class='ocrx_word' id='word_1_134' title='bbox 307 1076 355 1113; x_wconf 88' lang='lat' dir='ltr'>ut</span> <span class='ocrx_word' id='word_1_135' title='bbox 384 1073 429 1113; x_wconf 89' lang='lat' dir='ltr'>in</span> <span class='ocrx_word' id='word_1_136' title='bbox 461 1072 566 1113; x_wconf 82' lang='lat' dir='ltr'>Asia</span> <span class='ocrx_word' id='word_1_137' title='bbox 597 1072 889 1127; x_wconf 88' lang='lat' dir='ltr'>cistophorum</span> <span class='ocrx_word' id='word_1_138' title='bbox 921 1072 1163 1127; x_wconf 79' lang='lat' dir='ltr'>flagitaret,</span> <span class='ocrx_word' id='word_1_139' title='bbox 1195 1072 1292 1112; x_wconf 88' lang='lat' dir='ltr'>inde</span> <span class='ocrx_word' id='word_1_140' title='bbox 1324 1072 1406 1111; x_wconf 88' lang='lat' dir='ltr'>iret</span> 
     </span>
     <span class='ocr_line' id='line_1_18' title="bbox 67 1129 1405 1186; baseline -0.001 -15"><span class='ocrx_word' id='word_1_141' title='bbox 67 1131 111 1172; x_wconf 86' lang='lat' dir='ltr'>in</span> <span class='ocrx_word' id='word_1_142' title='bbox 137 1131 404 1186; x_wconf 77' lang='lat' dir='ltr'>Hispaniam,</span> <span class='ocrx_word' id='word_1_143' title='bbox 435 1146 529 1172; x_wconf 90' lang='lat' dir='ltr'>cum</span> <span class='ocrx_word' id='word_1_144' title='bbox 556 1131 738 1172; x_wconf 85' lang='lat' dir='ltr'>Romam</span> <span class='ocrx_word' id='word_1_145' title='bbox 772 1131 1035 1184; x_wconf 84' lang='lat' dir='ltr'>decessisset,</span> <span class='ocrx_word' id='word_1_146' title='bbox 1068 1131 1339 1174; x_wconf 84' lang='lat' dir='ltr'>consulatum</span> <span class='ocrx_word' id='word_1_147' title='bbox 1367 1129 1405 1170; x_wconf 92' lang='lat' dir='ltr'>ei</span> 
     </span>
     <span class='ocr_line' id='line_1_19' title="bbox 68 1188 1404 1243; baseline -0.001 -13"><span class='ocrx_word' id='word_1_148' title='bbox 68 1192 210 1243; x_wconf 89' lang='lat' dir='ltr'>petere</span> <span class='ocrx_word' id='word_1_149' title='bbox 249 1190 413 1243; x_wconf 88' lang='lat' dir='ltr'>liceret,</span> <span class='ocrx_word' id='word_1_150' title='bbox 453 1205 549 1231; x_wconf 88' lang='lat' dir='ltr'>cum</span> <span class='ocrx_word' id='word_1_151' title='bbox 586 1190 727 1231; x_wconf 87' lang='lat' dir='ltr'>factus</span> <span class='ocrx_word' id='word_1_152' title='bbox 766 1193 896 1243; x_wconf 90' lang='lat' dir='ltr'>esset,</span> <span class='ocrx_word' id='word_1_153' title='bbox 934 1189 1199 1243; x_wconf 86' lang='lat' dir='ltr'>provinciam</span> <span class='ocrx_word' id='word_1_154' title='bbox 1232 1188 1404 1243; x_wconf 78' lang='lat' dir='ltr'>Syriam</span> 
     </span>
     <span class='ocr_line' id='line_1_20' title="bbox 70 1248 1404 1302; baseline -0.001 -13"><span class='ocrx_word' id='word_1_155' title='bbox 70 1249 296 1302; x_wconf 87' lang='lat' dir='ltr'>optineret,</span> <span class='ocrx_word' id='word_1_156' title='bbox 329 1248 533 1302; x_wconf 90' lang='lat' dir='ltr'>quoniam</span> <span class='ocrx_word' id='word_1_157' title='bbox 564 1249 613 1290; x_wconf 91' lang='lat' dir='ltr'>de</span> <span class='ocrx_word' id='word_1_158' title='bbox 645 1263 729 1289; x_wconf 91' lang='lat' dir='ltr'>uno</span> <span class='ocrx_word' id='word_1_159' title='bbox 760 1248 933 1289; x_wconf 84' lang='lat' dir='ltr'>homine</span> <span class='ocrx_word' id='word_1_160' title='bbox 966 1249 1189 1301; x_wconf 87' lang='lat' dir='ltr'>scriberet,</span> <span class='ocrx_word' id='word_1_161' title='bbox 1221 1262 1306 1288; x_wconf 89' lang='lat' dir='ltr'>una</span> <span class='ocrx_word' id='word_1_162' title='bbox 1337 1261 1404 1287; x_wconf 89' lang='lat' dir='ltr'>res</span> 
     </span>
     <span class='ocr_line' id='line_1_21' title="bbox 15 1305 1404 1361; baseline 0 -16"><span class='ocrx_word' id='word_1_163' title='bbox 15 1320 50 1344; x_wconf 84' lang='lat'>20</span> <span class='ocrx_word' id='word_1_164' title='bbox 70 1307 210 1347; x_wconf 87' lang='lat' dir='ltr'>esset?</span> <span class='ocrx_word' id='word_1_165' title='bbox 260 1305 419 1355; x_wconf 83' lang='lat' dir='ltr'>Quodsi</span> <span class='ocrx_word' id='word_1_166' title='bbox 449 1307 536 1348; x_wconf 88' lang='lat' dir='ltr'>iam</span> <span class='ocrx_word' id='word_1_167' title='bbox 567 1307 752 1361; x_wconf 89' lang='lat' dir='ltr'>populus</span> <span class='ocrx_word' id='word_1_168' title='bbox 783 1306 1001 1348; x_wconf 86' lang='lat' dir='ltr'>Romanus</span> <span class='ocrx_word' id='word_1_169' title='bbox 1034 1307 1084 1347; x_wconf 92' lang='lat' dir='ltr'>de</span> <span class='ocrx_word' id='word_1_170' title='bbox 1116 1307 1201 1347; x_wconf 90' lang='lat' dir='ltr'>ista</span> <span class='ocrx_word' id='word_1_171' title='bbox 1232 1320 1277 1346; x_wconf 89' lang='lat' dir='ltr'>re</span> <span class='ocrx_word' id='word_1_172' title='bbox 1310 1320 1404 1346; x_wconf 90' lang='lat' dir='ltr'>con-</span> 
     </span>
     <span class='ocr_line' id='line_1_22' title="bbox 71 1365 1404 1419; baseline -0.002 -13"><span class='ocrx_word' id='word_1_173' title='bbox 71 1365 206 1406; x_wconf 89' lang='lat' dir='ltr'>sultus</span> <span class='ocrx_word' id='word_1_174' title='bbox 255 1369 368 1406; x_wconf 87' lang='lat' dir='ltr'>esset</span> <span class='ocrx_word' id='word_1_175' title='bbox 416 1368 459 1406; x_wconf 91' lang='lat' dir='ltr'>et</span> <span class='ocrx_word' id='word_1_176' title='bbox 506 1379 592 1406; x_wconf 88' lang='lat' dir='ltr'>non</span> <span class='ocrx_word' id='word_1_177' title='bbox 637 1366 779 1406; x_wconf 90' lang='lat' dir='ltr'>omnia</span> <span class='ocrx_word' id='word_1_178' title='bbox 821 1380 896 1419; x_wconf 86' lang='lat' dir='ltr'>per</span> <span class='ocrx_word' id='word_1_179' title='bbox 940 1379 1086 1406; x_wconf 84' lang='lat' dir='ltr'>servos</span> <span class='ocrx_word' id='word_1_180' title='bbox 1130 1365 1404 1418; x_wconf 86' lang='lat' dir='ltr'>latronesque</span> 
     </span>
     <span class='ocr_line' id='line_1_23' title="bbox 70 1422 1404 1478; baseline -0.001 -14"><span class='ocrx_word' id='word_1_181' title='bbox 70 1423 293 1478; x_wconf 82' lang='lat' dir='ltr'>gessisses,</span> <span class='ocrx_word' id='word_1_182' title='bbox 337 1438 476 1465; x_wconf 90' lang='lat' dir='ltr'>nonne</span> <span class='ocrx_word' id='word_1_183' title='bbox 514 1424 606 1464; x_wconf 90' lang='lat' dir='ltr'>fieri</span> <span class='ocrx_word' id='word_1_184' title='bbox 643 1426 831 1478; x_wconf 85' lang='lat' dir='ltr'>poterat,</span> <span class='ocrx_word' id='word_1_185' title='bbox 871 1426 918 1464; x_wconf 88' lang='lat' dir='ltr'>ut</span> <span class='ocrx_word' id='word_1_186' title='bbox 953 1424 1112 1478; x_wconf 89' lang='lat' dir='ltr'>populo</span> <span class='ocrx_word' id='word_1_187' title='bbox 1151 1423 1200 1463; x_wconf 91' lang='lat' dir='ltr'>de</span> <span class='ocrx_word' id='word_1_188' title='bbox 1244 1422 1404 1476; x_wconf 75' lang='lat' dir='ltr'>Cyprio</span> 
     </span>
     <span class='ocr_line' id='line_1_24' title="bbox 69 1480 1404 1537; baseline -0.001 -14"><span class='ocrx_word' id='word_1_189' title='bbox 69 1495 170 1537; x_wconf 83' lang='lat' dir='ltr'>rege</span> <span class='ocrx_word' id='word_1_190' title='bbox 194 1483 393 1536; x_wconf 86' lang='lat' dir='ltr'>placeret,</span> <span class='ocrx_word' id='word_1_191' title='bbox 418 1483 468 1523; x_wconf 89' lang='lat' dir='ltr'>de</span> <span class='ocrx_word' id='word_1_192' title='bbox 495 1482 689 1523; x_wconf 82' lang='lat' dir='ltr'>exulibus</span> <span class='ocrx_word' id='word_1_193' title='bbox 716 1482 937 1536; x_wconf 80' lang='lat' dir='ltr'>Byzantiis</span> <span class='ocrx_word' id='word_1_194' title='bbox 965 1481 1237 1536; x_wconf 72' lang='lat' dir='ltr'>displiceret?</span> <span class='ocrx_word' id='word_1_195' title='bbox 1288 1480 1404 1529; x_wconf 83' lang='lat' dir='ltr'>Quae</span> 
     </span>
     <span class='ocr_line' id='line_1_25' title="bbox 71 1540 1406 1595; baseline 0 -15"><span class='ocrx_word' id='word_1_196' title='bbox 71 1543 147 1594; x_wconf 84' lang='lat' dir='ltr'>est,</span> <span class='ocrx_word' id='word_1_197' title='bbox 179 1555 348 1595; x_wconf 88' lang='lat' dir='ltr'>quaeso,</span> <span class='ocrx_word' id='word_1_198' title='bbox 382 1541 466 1582; x_wconf 90' lang='lat' dir='ltr'>alia</span> <span class='ocrx_word' id='word_1_199' title='bbox 497 1541 573 1594; x_wconf 83' lang='lat' dir='ltr'>vis,</span> <span class='ocrx_word' id='word_1_200' title='bbox 606 1555 712 1595; x_wconf 86' lang='lat' dir='ltr'>quae</span> <span class='ocrx_word' id='word_1_201' title='bbox 745 1541 958 1582; x_wconf 87' lang='lat' dir='ltr'>sententia</span> <span class='ocrx_word' id='word_1_202' title='bbox 985 1540 1195 1582; x_wconf 85' lang='lat' dir='ltr'>Caeciliae</span> <span class='ocrx_word' id='word_1_203' title='bbox 1227 1540 1334 1594; x_wconf 80' lang='lat' dir='ltr'>legis</span> <span class='ocrx_word' id='word_1_204' title='bbox 1363 1542 1406 1580; x_wconf 90' lang='lat' dir='ltr'>et</span> 
     </span>
     <span class='ocr_line' id='line_1_26' title="bbox 17 1598 1404 1654; baseline 0.001 -16"><span class='ocrx_word' id='word_1_205' title='bbox 17 1612 50 1637; x_wconf 80' lang='lat'>25</span> <span class='ocrx_word' id='word_1_206' title='bbox 70 1599 222 1640; x_wconf 88' lang='lat' dir='ltr'>Didiae</span> <span class='ocrx_word' id='word_1_207' title='bbox 252 1600 336 1640; x_wconf 90' lang='lat' dir='ltr'>nisi</span> <span class='ocrx_word' id='word_1_208' title='bbox 366 1599 488 1652; x_wconf 89' lang='lat' dir='ltr'>haec,</span> <span class='ocrx_word' id='word_1_209' title='bbox 524 1614 576 1640; x_wconf 91' lang='lat' dir='ltr'>ne</span> <span class='ocrx_word' id='word_1_210' title='bbox 608 1600 769 1654; x_wconf 90' lang='lat' dir='ltr'>populo</span> <span class='ocrx_word' id='word_1_211' title='bbox 801 1614 971 1641; x_wconf 88' lang='lat' dir='ltr'>necesse</span> <span class='ocrx_word' id='word_1_212' title='bbox 1004 1600 1061 1640; x_wconf 88' lang='lat' dir='ltr'>sit</span> <span class='ocrx_word' id='word_1_213' title='bbox 1091 1599 1136 1639; x_wconf 91' lang='lat' dir='ltr'>in</span> <span class='ocrx_word' id='word_1_214' title='bbox 1167 1598 1404 1640; x_wconf 87' lang='lat' dir='ltr'>coniunctis</span> 
     </span>
     <span class='ocr_line' id='line_1_27' title="bbox 69 1656 1404 1712; baseline -0.001 -14"><span class='ocrx_word' id='word_1_215' title='bbox 69 1658 195 1699; x_wconf 85' lang='lat' dir='ltr'>rebus</span> <span class='ocrx_word' id='word_1_216' title='bbox 228 1658 502 1712; x_wconf 88' lang='lat' dir='ltr'>conpluribus</span> <span class='ocrx_word' id='word_1_217' title='bbox 535 1660 609 1698; x_wconf 90' lang='lat' dir='ltr'>aut</span> <span class='ocrx_word' id='word_1_218' title='bbox 640 1658 694 1712; x_wconf 90' lang='lat' dir='ltr'>id,</span> <span class='ocrx_word' id='word_1_219' title='bbox 726 1658 838 1712; x_wconf 83' lang='lat' dir='ltr'>quod</span> <span class='ocrx_word' id='word_1_220' title='bbox 869 1658 992 1711; x_wconf 84' lang='lat' dir='ltr'>nolit,</span> <span class='ocrx_word' id='word_1_221' title='bbox 1025 1657 1215 1711; x_wconf 89' lang='lat' dir='ltr'>accipere</span> <span class='ocrx_word' id='word_1_222' title='bbox 1248 1659 1321 1698; x_wconf 90' lang='lat' dir='ltr'>aut</span> <span class='ocrx_word' id='word_1_223' title='bbox 1349 1656 1404 1710; x_wconf 90' lang='lat' dir='ltr'>id,</span> 
     </span>
     <span class='ocr_line' id='line_1_28' title="bbox 69 1716 615 1771; baseline -0.002 -13"><span class='ocrx_word' id='word_1_224' title='bbox 69 1716 181 1771; x_wconf 84' lang='lat' dir='ltr'>quod</span> <span class='ocrx_word' id='word_1_225' title='bbox 213 1717 333 1770; x_wconf 84' lang='lat' dir='ltr'>velit,</span> <span class='ocrx_word' id='word_1_226' title='bbox 364 1716 615 1770; x_wconf 87' lang='lat' dir='ltr'>repudiare?</span> 
     </span>
     <span class='ocr_line' id='line_1_29' title="bbox 158 1774 1406 1829; baseline 0 -14"><span class='ocrx_word' id='word_1_227' title='bbox 158 1774 294 1823; x_wconf 86' lang='lat' dir='ltr'>Quid?</span> <span class='ocrx_word' id='word_1_228' title='bbox 339 1775 376 1816; x_wconf 93' lang='lat' dir='ltr'>si</span> <span class='ocrx_word' id='word_1_229' title='bbox 417 1790 493 1829; x_wconf 85' lang='lat' dir='ltr'>per</span> <span class='ocrx_word' id='word_1_230' title='bbox 535 1775 621 1815; x_wconf 88' lang='lat' dir='ltr'>vim</span> <span class='ocrx_word' id='word_1_231' title='bbox 659 1775 816 1828; x_wconf 86' lang='lat' dir='ltr'>tulisti,</span> <span class='ocrx_word' id='word_1_232' title='bbox 861 1778 1059 1816; x_wconf 90' lang='lat' dir='ltr'>tamenne</span> <span class='ocrx_word' id='word_1_233' title='bbox 1098 1775 1165 1815; x_wconf 81' lang='lat' dir='ltr'>lex</span> <span class='ocrx_word' id='word_1_234' title='bbox 1203 1777 1286 1828; x_wconf 89' lang='lat' dir='ltr'>est,</span> <span class='ocrx_word' id='word_1_235' title='bbox 1331 1776 1406 1815; x_wconf 90' lang='lat' dir='ltr'>aut</span> 
     </span>
     <span class='ocr_line' id='line_1_30' title="bbox 71 1833 1404 1889; baseline 0 -15"><span class='ocrx_word' id='word_1_236' title='bbox 71 1833 296 1887; x_wconf 87' lang='lat' dir='ltr'>quicquam</span> <span class='ocrx_word' id='word_1_237' title='bbox 337 1834 427 1874; x_wconf 88' lang='lat' dir='ltr'>iure</span> <span class='ocrx_word' id='word_1_238' title='bbox 472 1836 641 1889; x_wconf 83' lang='lat' dir='ltr'>gestum</span> <span class='ocrx_word' id='word_1_239' title='bbox 678 1833 812 1874; x_wconf 83' lang='lat' dir='ltr'>videri</span> <span class='ocrx_word' id='word_1_240' title='bbox 850 1835 1010 1887; x_wconf 86' lang='lat' dir='ltr'>potest,</span> <span class='ocrx_word' id='word_1_241' title='bbox 1055 1833 1167 1887; x_wconf 87' lang='lat' dir='ltr'>quod</span> <span class='ocrx_word' id='word_1_242' title='bbox 1205 1847 1280 1887; x_wconf 89' lang='lat' dir='ltr'>per</span> <span class='ocrx_word' id='word_1_243' title='bbox 1317 1833 1404 1874; x_wconf 87' lang='lat' dir='ltr'>vim</span> 
     </span>
     <span class='ocr_line' id='line_1_31' title="bbox 16 1892 1404 1947; baseline 0.001 -17"><span class='ocrx_word' id='word_1_244' title='bbox 16 1904 51 1930; x_wconf 83' lang='lat'>30</span> <span class='ocrx_word' id='word_1_245' title='bbox 72 1894 238 1947; x_wconf 78' lang='lat' dir='ltr'>gestum</span> <span class='ocrx_word' id='word_1_246' title='bbox 270 1906 361 1933; x_wconf 87' lang='lat' dir='ltr'>esse</span> <span class='ocrx_word' id='word_1_247' title='bbox 387 1893 581 1933; x_wconf 82' lang='lat' dir='ltr'>constet?</span> <span class='ocrx_word' id='word_1_248' title='bbox 626 1892 706 1945; x_wconf 86' lang='lat' dir='ltr'>An,</span> <span class='ocrx_word' id='word_1_249' title='bbox 739 1892 775 1932; x_wconf 89' lang='lat' dir='ltr'>si</span> <span class='ocrx_word' id='word_1_250' title='bbox 799 1892 845 1932; x_wconf 90' lang='lat' dir='ltr'>in</span> <span class='ocrx_word' id='word_1_251' title='bbox 869 1892 964 1946; x_wconf 88' lang='lat' dir='ltr'>ipsa</span> <span class='ocrx_word' id='word_1_252' title='bbox 989 1892 1152 1933; x_wconf 88' lang='lat' dir='ltr'>latione</span> <span class='ocrx_word' id='word_1_253' title='bbox 1178 1895 1252 1932; x_wconf 66' lang='lat' dir='ltr'>tria</span> <span class='ocrx_word' id='word_1_254' title='bbox 1278 1894 1404 1945; x_wconf 85' lang='lat' dir='ltr'>capta</span> 
     </span>
     <span class='ocr_line' id='line_1_32' title="bbox 69 1950 1403 2004; baseline 0 -14"><span class='ocrx_word' id='word_1_255' title='bbox 69 1950 157 1990; x_wconf 89' lang='lat' dir='ltr'>iam</span> <span class='ocrx_word' id='word_1_256' title='bbox 201 1951 307 1991; x_wconf 88' lang='lat' dir='ltr'>urbe</span> <span class='ocrx_word' id='word_1_257' title='bbox 352 1951 516 2004; x_wconf 87' lang='lat' dir='ltr'>lapides</span> <span class='ocrx_word' id='word_1_258' title='bbox 560 1951 680 2004; x_wconf 87' lang='lat' dir='ltr'>iacti,</span> <span class='ocrx_word' id='word_1_259' title='bbox 725 1951 761 1991; x_wconf 95' lang='lat' dir='ltr'>si</span> <span class='ocrx_word' id='word_1_260' title='bbox 799 1964 949 1991; x_wconf 88' lang='lat' dir='ltr'>manus</span> <span class='ocrx_word' id='word_1_261' title='bbox 994 1951 1151 1991; x_wconf 86' lang='lat' dir='ltr'>collata</span> <span class='ocrx_word' id='word_1_262' title='bbox 1194 1965 1281 1991; x_wconf 90' lang='lat' dir='ltr'>non</span> <span class='ocrx_word' id='word_1_263' title='bbox 1327 1952 1403 2003; x_wconf 91' lang='lat' dir='ltr'>est,</span> 
     </span>
     <span class='ocr_line' id='line_1_33' title="bbox 69 2008 1402 2063; baseline -0.001 -15"><span class='ocrx_word' id='word_1_264' title='bbox 69 2008 223 2050; x_wconf 88' lang='lat' dir='ltr'>idcirco</span> <span class='ocrx_word' id='word_1_265' title='bbox 254 2011 302 2050; x_wconf 90' lang='lat' dir='ltr'>tu</span> <span class='ocrx_word' id='word_1_266' title='bbox 330 2009 380 2049; x_wconf 91' lang='lat' dir='ltr'>ad</span> <span class='ocrx_word' id='word_1_267' title='bbox 412 2010 530 2049; x_wconf 89' lang='lat' dir='ltr'>illam</span> <span class='ocrx_word' id='word_1_268' title='bbox 562 2010 702 2050; x_wconf 88' lang='lat' dir='ltr'>labem</span> <span class='ocrx_word' id='word_1_269' title='bbox 736 2012 862 2063; x_wconf 88' lang='lat' dir='ltr'>atque</span> <span class='ocrx_word' id='word_1_270' title='bbox 889 2009 1069 2050; x_wconf 85' lang='lat' dir='ltr'>eluviem</span> <span class='ocrx_word' id='word_1_271' title='bbox 1097 2008 1284 2050; x_wconf 78' lang='lat' dir='ltr'>civitatis</span> <span class='ocrx_word' id='word_1_272' title='bbox 1312 2008 1402 2048; x_wconf 89' lang='lat' dir='ltr'>sine</span> 
     </span>
    </p>
   </div>
   <div class='ocr_carea' id='block_1_5' title="bbox 71 2052 1470 2122">
    <p class='ocr_par' dir='ltr' id='par_1_5' title="bbox 71 2052 1470 2122">
     <span class='ocr_line' id='line_1_34' title="bbox 71 2052 1470 2122; baseline -0.001 -16"><span class='ocrx_word' id='word_1_273' title='bbox 71 2081 235 2107; x_wconf 90' lang='lat' dir='ltr'>summa</span> <span class='ocrx_word' id='word_1_274' title='bbox 253 2068 296 2108; x_wconf 88' lang='lat' dir='ltr'>vi</span> <span class='ocrx_word' id='word_1_275' title='bbox 315 2068 535 2121; x_wconf 87' lang='lat' dir='ltr'>pervenire</span> <span class='ocrx_word' id='word_1_276' title='bbox 555 2068 765 2122; x_wconf 88' lang='lat' dir='ltr'>potuisti?</span> <span class='ocrx_word' id='word_1_277' title='bbox 810 2066 916 2108; x_wconf 89' lang='lat' dir='ltr'>Cum</span> <span class='ocrx_word' id='word_1_278' title='bbox 936 2067 980 2108; x_wconf 91' lang='lat' dir='ltr'>in</span> <span class='ocrx_word' id='word_1_279' title='bbox 998 2067 1206 2108; x_wconf 85' lang='lat' dir='ltr'>tribunali</span> <span class='ocrx_word' id='word_1_280' title='bbox 1227 2066 1401 2106; x_wconf 86' lang='lat' dir='ltr'>Aurelio</span> <span class='ocrx_word' id='word_1_281' title='bbox 1418 2052 1470 2092; x_wconf 71' lang='lat'>21</span> 
     </span>
    </p>
   </div>
   <div class='ocr_carea' id='block_1_6' title="bbox 18 2125 1404 2356">
    <p class='ocr_par' dir='ltr' id='par_1_6' title="bbox 18 2125 1404 2356">
     <span class='ocr_line' id='line_1_35' title="bbox 72 2125 1402 2179; baseline -0.001 -14"><span class='ocrx_word' id='word_1_282' title='bbox 72 2125 369 2166; x_wconf 85' lang='lat' dir='ltr'>conscribebas</span> <span class='ocrx_word' id='word_1_283' title='bbox 401 2127 543 2179; x_wconf 89' lang='lat' dir='ltr'>palam</span> <span class='ocrx_word' id='word_1_284' title='bbox 574 2141 661 2168; x_wconf 91' lang='lat' dir='ltr'>non</span> <span class='ocrx_word' id='word_1_285' title='bbox 691 2126 816 2167; x_wconf 88' lang='lat' dir='ltr'>modo</span> <span class='ocrx_word' id='word_1_286' title='bbox 849 2126 1019 2179; x_wconf 88' lang='lat' dir='ltr'>liberos,</span> <span class='ocrx_word' id='word_1_287' title='bbox 1052 2126 1125 2166; x_wconf 86' lang='lat' dir='ltr'>sed</span> <span class='ocrx_word' id='word_1_288' title='bbox 1158 2125 1285 2165; x_wconf 86' lang='lat' dir='ltr'>etiam</span> <span class='ocrx_word' id='word_1_289' title='bbox 1320 2138 1402 2164; x_wconf 90' lang='lat' dir='ltr'>ser-</span> 
     </span>
     <span class='ocr_line' id='line_1_36' title="bbox 18 2183 1404 2237; baseline 0 -15"><span class='ocrx_word' id='word_1_290' title='bbox 18 2194 51 2220; x_wconf 80' lang='lat'>35</span> <span class='ocrx_word' id='word_1_291' title='bbox 71 2198 147 2224; x_wconf 81' lang='lat' dir='ltr'>vos</span> <span class='ocrx_word' id='word_1_292' title='bbox 192 2198 241 2223; x_wconf 84' lang='lat' dir='ltr'>ex</span> <span class='ocrx_word' id='word_1_293' title='bbox 279 2184 474 2224; x_wconf 89' lang='lat' dir='ltr'>omnibus</span> <span class='ocrx_word' id='word_1_294' title='bbox 513 2185 616 2226; x_wconf 85' lang='lat' dir='ltr'>vicis</span> <span class='ocrx_word' id='word_1_295' title='bbox 655 2185 910 2237; x_wconf 87' lang='lat' dir='ltr'>concitatos,</span> <span class='ocrx_word' id='word_1_296' title='bbox 953 2185 1040 2225; x_wconf 87' lang='lat' dir='ltr'>vim</span> <span class='ocrx_word' id='word_1_297' title='bbox 1078 2188 1170 2224; x_wconf 87' lang='lat' dir='ltr'>tum</span> <span class='ocrx_word' id='word_1_298' title='bbox 1208 2183 1404 2223; x_wconf 85' lang='lat' dir='ltr'>videlicet</span> 
     </span>
     <span class='ocr_line' id='line_1_37' title="bbox 70 2241 1404 2295; baseline -0.001 -14"><span class='ocrx_word' id='word_1_299' title='bbox 70 2256 157 2282; x_wconf 91' lang='lat' dir='ltr'>non</span> <span class='ocrx_word' id='word_1_300' title='bbox 180 2242 380 2295; x_wconf 73' lang='lat' dir='ltr'>parabas,</span> <span class='ocrx_word' id='word_1_301' title='bbox 413 2257 507 2283; x_wconf 87' lang='lat' dir='ltr'>cum</span> <span class='ocrx_word' id='word_1_302' title='bbox 534 2243 682 2284; x_wconf 87' lang='lat' dir='ltr'>edictis</span> <span class='ocrx_word' id='word_1_303' title='bbox 708 2243 793 2284; x_wconf 88' lang='lat' dir='ltr'>tuis</span> <span class='ocrx_word' id='word_1_304' title='bbox 818 2243 1023 2284; x_wconf 87' lang='lat' dir='ltr'>tabernas</span> <span class='ocrx_word' id='word_1_305' title='bbox 1050 2241 1188 2283; x_wconf 87' lang='lat' dir='ltr'>claudi</span> <span class='ocrx_word' id='word_1_306' title='bbox 1213 2241 1404 2293; x_wconf 86' lang='lat' dir='ltr'>iubebas,</span> 
     </span>
     <span class='ocr_line' id='line_1_38' title="bbox 70 2299 1404 2356; baseline -0.001 -16"><span class='ocrx_word' id='word_1_307' title='bbox 70 2314 156 2341; x_wconf 91' lang='lat' dir='ltr'>non</span> <span class='ocrx_word' id='word_1_308' title='bbox 191 2300 277 2340; x_wconf 88' lang='lat' dir='ltr'>vim</span> <span class='ocrx_word' id='word_1_309' title='bbox 313 2300 534 2355; x_wconf 87' lang='lat' dir='ltr'>imperitae</span> <span class='ocrx_word' id='word_1_310' title='bbox 573 2302 880 2356; x_wconf 86' lang='lat' dir='ltr'>multitudinis,</span> <span class='ocrx_word' id='word_1_311' title='bbox 920 2301 991 2342; x_wconf 89' lang='lat' dir='ltr'>sed</span> <span class='ocrx_word' id='word_1_312' title='bbox 1023 2301 1244 2342; x_wconf 89' lang='lat' dir='ltr'>hominum</span> <span class='ocrx_word' id='word_1_313' title='bbox 1276 2299 1404 2340; x_wconf 88' lang='lat' dir='ltr'>hone·</span> 
     </span>
    </p>
   </div>
   <div class='ocr_carea' id='block_1_7' title="bbox 1430 2104 1475 2134">
    <p class='ocr_par' dir='ltr' id='par_1_7' title="bbox 1430 2104 1475 2134">
     <span class='ocr_line' id='line_1_39' title="bbox 1430 2104 1475 2134; baseline 0.022 -1"><span class='ocrx_word' id='word_1_314' title='bbox 1430 2104 1475 2134; x_wconf 75' lang='lat'>54</span> 
     </span>
    </p>
   </div>
  </div>
 </body>
</html>
