1687 2533
114 396 158 427 13

119 1135 164 1218 3

189 113 277 154 344
583 112 678 148 PRO
705 112 743 147 P.
772 112 924 147 SULLA
945 112 1134 148 ORATIO.

185 224 293 264 quae
324 209 438 251 facta
470 211 619 251 contra
650 223 738 261 vos,
771 209 914 250 delata
946 209 997 250 ad
1029 223 1117 261 vos,
1149 223 1174 250 a
1205 209 1327 252 vobis
1357 211 1530 265 prolata

183 282 277 310 esse
320 268 492 321 dicitur,
536 282 614 322 ego
659 267 783 308 testis
829 282 920 308 esse
962 282 1047 309 non
1091 267 1232 322 potui3
1276 282 1360 310 non
1401 269 1527 311 modo

185 327 328 369 animo
371 327 480 368 nihil
518 327 721 380 comperi,
766 326 837 367 sed
882 325 952 367 vix
990 326 1044 368 ad
1082 340 1205 368 aures
1248 341 1364 368 meas
1403 327 1528 369 istius

186 385 439 440 suspicionis
495 386 610 427 fama
664 385 869 439 pervenit.
950 383 1030 433 Qui
1079 385 1202 426 vobis
1254 385 1299 426 in
1348 386 1527 428 consilio

183 445 374 496 fuerunt,
419 444 490 498 qui
534 443 756 485 vobiscum
799 443 876 485 illa
921 446 1180 498 cognorunt,
1224 444 1378 498 quibus
1421 445 1564 499 ipsis5

184 503 419 558 periculum
456 505 548 544 tum
586 502 761 543 conflari
798 502 1053 557 putabatur,
1092 503 1165 557 qui
1196 502 1410 546 Autronio
1442 518 1529 546 non

187 562 434 615 adfuerunt,
478 561 551 615 qui
594 561 638 602 in
683 561 806 602 illum
843 561 1093 602 testimonia
1131 561 1280 617 gravia
1320 562 1530 617 dixerunt,

184 621 298 662 hunc
331 620 574 671 defendunt,
605 619 704 661 huic
737 619 904 673 adsunt,
935 620 980 661 in
1011 620 1138 662 huius
1170 621 1362 675 periculo
1394 621 1529 663 decla-

186 682 285 720 rant
318 693 362 720 se
393 694 480 720 non
506 679 683 720 crimine
710 678 1029 732 coniurationis,
1061 694 1112 720 ne
1141 679 1339 721 adessent
1363 679 1529 734 ceteris,

187 738 260 780 sed
302 738 527 779 hominum
570 737 780 779 maleficio
819 737 1045 779 deterritos
1084 752 1186 780 esse.
1254 737 1341 780 Mei
1379 753 1526 780 consu·
1548 749 1582 775 10

185 797 301 838 latus
333 799 476 838 autem
508 799 678 851 tempus
711 799 754 837 et
785 796 945 838 crimen
977 796 1187 838 maximae
1220 797 1528 839 coniurationis

188 870 213 897 a
264 871 330 896 me
382 855 640 896 defendetur.
717 854 860 909 Atque
910 854 1016 897 haec
1065 855 1177 897 inter
1227 870 1307 898 nos
1349 856 1528 910 partitio

188 914 484 967 [defensionis]
536 928 621 955 non
667 916 732 955 est
775 914 972 964 fortuito,
1021 914 1200 969 iudices,
1250 929 1327 957 neo
1370 917 1528 956 temere

188 974 322 1025 facta3
357 973 442 1026 sed,
474 987 569 1014 cum
595 972 833 1013 videremus
861 987 1006 1013 eorum
1034 973 1257 1014 criminum
1283 988 1361 1015 nos
1389 976 1529 1028 patro-

187 1046 267 1073 nos
306 1031 518 1084 adhiberi,
558 1045 738 1085 quorum
776 1033 908 1072 testes
942 1045 1033 1072 esse
1066 1046 1308 1086 possemus,
1348 1035 1527 1087 uterque
1548 1042 1582 1069 15

187 1093 383 1131 nostrum
414 1090 457 1130 id
490 1089 573 1131 sibi
605 1089 919 1143 suscipiendum
950 1090 1138 1144 putavit,
1170 1090 1220 1131 de
1253 1105 1336 1145 quo
1369 1091 1530 1145 aliquid

191 1149 298 1190 scire
342 1148 432 1202 ipse
478 1152 605 1202 atque
650 1148 895 1189 existimare
933 1149 1155 1202 potuisset.
1222 1148 1282 1190 Et
1326 1150 1529 1203 quoniam

191 1207 241 1248 de
267 1207 516 1248 criminibus
545 1207 776 1261 superioris
803 1207 1111 1249 coniurationis
1132 1207 1411 1249 Hortensium
1438 1208 1529 1249 dili-

191 1268 342 1321 genter
375 1266 567 1320 audisffis,
600 1266 649 1306 de
681 1265 762 1307 hac
789 1265 1096 1319 coniuratione,
1128 1280 1236 1320 quae
1262 1281 1329 1308 me
1355 1268 1528 1308 consule

189 1326 305 1366 facta
339 1327 420 1377 est,
452 1325 532 1366 hoc
564 1324 749 1379 primum
782 1325 1002 1366 attendite.
1546 1337 1582 1362 20

277 1382 428 1436 Multa,
461 1398 555 1424 cum
588 1397 725 1424 essem
758 1383 918 1435 consul,
950 1384 1000 1425 de
1034 1384 1212 1425 summis
1244 1383 1306 1425 rei
1330 1384 1528 1440 publicae

190 1441 392 1497 periculis
419 1442 572 1495 audivi,
605 1442 743 1483 multa
769 1442 971 1496 quaesivi,
997 1443 1134 1484 multa
1159 1443 1358 1497 cognovi3
1385 1443 1529 1485 nullus

190 1515 393 1554 umquam
432 1501 481 1542 de
521 1499 642 1542 Sulla
678 1501 851 1542 nuntius
890 1500 943 1542 ad
981 1516 1066 1555 me,
1109 1501 1276 1542 nullum
1313 1501 1529 1556 indicium,

189 1560 334 1600 nullae
373 1560 541 1600 litterae
579 1562 880 1614 pervenerunt,
924 1559 1043 1600 nulla
1081 1560 1276 1614 suspicio.
1343 1559 1529 1602 Multum

189 1618 295 1659 haec
332 1633 414 1659 vox
456 1617 643 1659 fortasse
681 1618 823 1659 valere
867 1618 1040 1660 deberet
1084 1618 1173 1660 eius
1211 1618 1414 1673 hominis,
1458 1619 1529 1674 qui
1549 1629 1583 1657 25

191 1677 340 1718 consul
396 1676 574 1718 insidias
630 1678 691 1718 rei
740 1677 937 1731 publicae
987 1677 1164 1718 consilio
1214 1677 1529 1732 investigasset,

190 1734 373 1776 veritate
424 1735 679 1789 aperuisset,
735 1735 1028 1790 magnitudine
1079 1735 1209 1777 animi
1260 1735 1529 1789 vindicasset,

191 1807 287 1834 cum
320 1793 356 1833 is
384 1807 427 1834 se
459 1794 567 1834 nihil
600 1794 768 1835 audisse
800 1794 850 1835 de
882 1794 927 1836 P.
961 1793 1092 1848 Sulla,
1122 1794 1232 1835 nihil
1264 1794 1528 1848 suspicatum

191 1865 284 1893 esse
316 1851 485 1892 diceret.
531 1851 611 1893 Sed
645 1867 723 1908 ego
756 1853 945 1894 nondum
977 1855 1075 1894 utor
1106 1852 1185 1894 hac
1209 1866 1312 1894 voce
1339 1852 1392 1893 ad
1416 1852 1528 1894 hunc

191 1909 516 1962 defendendum3
542 1911 593 1951 ad
618 1911 888 1966 purgandum
914 1925 981 1952 me
1006 1911 1150 1965 potius
1175 1913 1284 1964 utar,
1309 1913 1357 1952 ut
1381 1911 1527 1952 mirari
1547 1923 1583 1948 3⁰

192 1968 436 2022 Torquatus
483 1968 649 2010 desinat
695 1985 780 2023 me,
824 1970 896 2024 qui
935 1968 1148 2010 Autronio
1184 1983 1270 2010 non
1308 1969 1528 2023 adfuerim,

197 2026 362 2069 Sullam
414 2027 647 2068 defendere.
721 2027 838 2076 Quae
883 2028 994 2069 enim
1037 2027 1223 2069 Autroni
1264 2027 1346 2069 fuit
1389 2042 1529 2081 causa,

194 2100 300 2140 quae
340 2084 484 2127 Sullae
526 2086 619 2127 est?
687 2084 767 2127 Ille
813 2086 1000 2128 ambitus
1043 2085 1244 2126 iudicium
1290 2086 1442 2128 tollere
1479 2101 1527 2128 ac

195 2143 439 2186 disturbare
487 2143 676 2199 primum
730 2145 916 2186 conflato
966 2144 1104 2186 voluit
1156 2144 1448 2198 gladiatorum
1480 2160 1529 2187 ac

190 2203 474 2258 fugitivorum
505 2203 712 2254 tumultu,
745 2203 905 2257 deinde,
936 2202 979 2243 id
1012 2202 1124 2257 quod
1154 2202 1338 2245 vidimus
1370 2217 1528 2257 omnes,
1547 2213 1581 2240 35

191 2260 457 2316 lapidatione
491 2263 618 2315 atque
650 2275 877 2315 concursu3
911 2260 1046 2314 Sulla,
1079 2261 1115 2301 si
1147 2260 1229 2302 sibi
1262 2276 1361 2303 suus
1392 2262 1529 2316 pudor

192 2335 242 2362 ac
274 2319 460 2374 dignitas
492 2334 578 2361 non
604 2319 839 2374 prodesset,
870 2320 1036 2360 nullum
1062 2318 1268 2360 auxilium
1293 2320 1527 2375 requisivit.
