1619 2542
519 91 619 126 CAP.
647 95 786 126 41-43
814 95 833 132 s
864 95 1059 126 116-1-21.
1369 91 1452 132 145

106 188 232 230 huius
273 186 531 230 defensionis
570 187 721 229 relicta
751 202 887 242 neque
920 186 1171 241 cuiusquam
1209 188 1284 228 aut
1317 186 1453 243 digni-

107 250 174 289 tas
207 247 325 288 laesa
358 250 432 288 aut
465 246 653 288 amicitia
685 246 849 288 violata
882 260 973 287 esse
1005 245 1214 287 videatur.

194 305 330 347 Video
369 305 521 360 igitur,
558 305 736 359 iudices,
778 304 1133 346 animadvertisse
1167 318 1364 346 censores
1396 305 1440 347 in
1457 317 1521 347 119

108 364 268 406 iudices
290 364 496 418 quosdam
516 364 634 405 illius
657 364 824 405 consilii
844 363 1024 418 Iuniani,
1045 378 1140 405 cum
1160 363 1291 404 istam
1311 363 1454 419 ipsam

73 434 285 465 5causam
324 423 654 464 subscriberent.
725 422 808 464 Hic
856 422 966 464 illud
1002 422 1187 477 primum
1229 436 1454 464 commune

107 496 358 537 proponam,
384 495 617 535 numquam
645 481 1088 522 animadversionibus
1115 481 1321 522 censoriis
1342 481 1453 523 hanc

109 541 327 582 civitatem
359 540 422 581 ita
449 542 696 582 contentam
722 543 770 580 ut
796 540 924 581 rebus
950 540 1148 581 iudicatis
1174 539 1318 581 fuisse.
1367 540 1409 582 N
1414 555 1454 582 0-

109 613 189 654 que
220 599 266 640 in
297 613 342 640 re
373 602 478 640 nota
509 613 759 640 consumam
793 601 981 653 tempus3
1015 599 1199 652 exempli
1227 613 1355 641 causa
1380 614 1454 654 po-

107 673 209 699 nam
239 672 372 699 unum
396 657 521 711 illud,
555 656 599 699 C.
632 657 799 711 Getam,
833 672 927 698 cum
961 672 985 699 a
1015 657 1062 699 L.
1094 657 1270 699 Metello
1303 661 1347 699 et
1379 657 1455 700 Cn.

56 728 90 753 10
108 716 301 758 Domitio
336 716 584 758 censoribus
619 731 669 757 ex
701 718 852 757 senatu
885 716 1042 758 eiectus
1077 719 1202 770 esset,
1235 730 1456 759 censorem

109 790 201 817 esse
241 775 382 828 ipsum
423 779 576 830 postea
615 775 794 829 factum,
837 777 895 828 et,
937 775 1055 816 cuius
1094 790 1235 816 1110105
1276 778 1398 816 erant
1430 791 1456 817 a

109 834 357 876 censoribus
389 834 654 900 reprehensi,
693 834 805 875 hunc
836 836 989 888 postea
1016 836 1058 875 et
1090 834 1239 889 populi
1270 834 1456 876 Romani

109 896 152 934 et
197 907 360 947 eorum,
411 893 482 946 qui
525 893 570 934 in
613 893 754 947 ipsum
800 893 1211 946 animadvertelQant
1262 893 1454 935 moribus

108 952 358 1007 praefuisse.
411 951 572 1001 Quodsi
602 952 711 993 illud
742 951 944 993 iudicium
976 926 1212 1006 putaretur}
1244 954 1293 992 ut
1325 952 1457 994 ceteri

55 1021 89 1047 15
108 1010 226 1065 turpi
264 1011 418 1053 iudicio
458 1011 651 1052 damnati
688 1011 732 1052 in
771 1013 1026 1065 perpetuum
1066 1011 1182 1052 omni
1214 1010 1375 1052 honore
1409 1025 1457 1052 ac

110 1069 322 1123 dignitate
360 1069 604 1124 privantur,
646 1069 707 1111 sic
744 1069 989 1110 hominibus
1022 1069 1261 1124 ignominia
1291 1070 1455 1110 notatis

108 1142 246 1182 neque
291 1128 344 1170 ad
386 1129 592 1170 honorem
639 1129 778 1170 aditus
823 1143 959 1183 neque
1003 1128 1048 1168 in
1092 1128 1256 1169 curiam
1290 1128 1453 1169 reditus

110 1190 234 1228 esset.
294 1186 432 1242 Nunc,
465 1187 500 1228 si
533 1202 658 1242 quem
691 1186 764 1228 Cn.
787 1186 960 1228 Lentuli
992 1189 1066 1228 aut
1097 1185 1285 1233 L.,Gelli
1317 1187 1442 1228 liber·
1460 1197 1526 1229 120

108 1248 179 1287 tus
211 1245 315 1287 furti
347 1246 654 1299 condemnarit,
686 1246 722 1286 is
756 1246 954 1287 omnibus
988 1246 1252 1287 ornamentis
1286 1245 1456 1287 amissis

57 1315 91 1342 20
109 1319 343 1358 numquam
381 1305 516 1346 ullam
551 1304 792 1346 honestatis
834 1319 934 1346 suae
965 1306 1135 1358 partem
1167 1304 1456 1358 recuperabit3

111 1378 217 1417 quos
250 1366 391 1404 autem
424 1364 515 1418 ipse
546 1363 592 1404 L.
625 1363 790 1404 Gellius
823 1366 867 1404 et
899 1361 972 1404 Cn.
998 1362 1219 1416 Lentulus,
1252 1362 1334 1403 duo
1362 1377 1457 1404 0011-

113 1436 242 1474 sores,
269 1422 497 1463 clarissimi
522 1422 603 1463 viri
629 1421 1020 1476 sapientissimique
1046 1421 1256 1473 homines,
1281 1420 1387 1462 furti
1414 1424 1457 1461 et

112 1482 335 1534 captarum
361 1481 639 1534 pecuniarum
664 1480 836 1521 nomine
860 1482 1132 1533 notaverunt,
1158 1479 1189 1519 ii
1214 1493 1301 1519 non
1328 1479 1455 1520 modo

110 1538 155 1578 in
182 1541 378 1579 senatum
398 1538 626 1592 redierunt,
654 1539 726 1580 sed
753 1539 882 1579 etiam
910 1538 1081 1578 illarum
1102 1537 1294 1591 ipsarum
1313 1552 1455 1579 rerum

57 1607 91 1634 25
110 1596 277 1638 iudiciis
325 1597 511 1638 absoluti
556 1599 666 1638 sunt.
728 1596 955 1637 Neminem
993 1596 1222 1637 voluerunt
1268 1596 1453 1638 maiores
1469 1596 1526 1638 43

110 1655 249 1697 nostri
286 1670 373 1696 non
405 1655 530 1696 modo
565 1655 614 1696 de
647 1655 961 1696 existimatione
993 1654 1260 1708 cuiusquam,
1299 1655 1372 1696 sed
1402 1669 1456 1696 ne

110 1714 359 1768 pecuniaria
398 1714 568 1768 quidem
607 1714 656 1755 (10
694 1728 739 1754 re
777 1713 954 1754 minima
993 1727 1084 1754 esse
1123 1713 1323 1767 iudicem,
1371 1714 1456 1755 nisi

112 1773 181 1827 qui
216 1773 328 1814 inter
361 1773 627 1814 adversarios
661 1772 939 1814 convenisset.
997 1770 1268 1827 Quapropter
1293 1773 1338 1813 in
1370 1787 1456 1814 om-

110 1832 236 1872 nibus
270 1831 455 1887 legibus,
488 1832 641 1886 quibus
674 1833 897 1885 exceptum
930 1832 1013 1884 est,
1046 1830 1096 1871 de
1129 1831 1282 1885 quibus
1315 1831 1455 1872 causis

58 1901 94 1928 30
112 1893 187 1931 aut
224 1891 527 1946 magistratum
570 1904 719 1945 capere
757 1904 843 1930 non
880 1889 1007 1930 liceat
1046 1891 1120 1930 aut
1153 1889 1335 1930 iudicem
1367 1890 1456 1945 legi

113 1951 187 1991 aut
219 1949 402 1990 alterum
436 1964 645 2002 accusare,
677 1948 783 1989 haec
813 1947 1075 2003 ignominiae
1108 1962 1236 1989 causa
1267 1952 1455 2002 praeter-

112 2008 245 2049 missa
266 2010 342 2048 est.
386 2007 570 2049 Timoris
598 2007 710 2048 enim
737 2021 919 2060 causam,
949 2021 1037 2047 non
1061 2006 1175 2048 vitae
1200 2021 1384 2061 poenam
1410 2006 1455 2047 in

111 2065 189 2107 illa
219 2068 434 2120 potestate
468 2081 559 2108 esse
590 2067 828 2108 voluerunt.
871 2063 1024 2119 Itaque
1055 2079 1142 2107 non
1169 2065 1308 2106 solum
1334 2065 1442 2105 illud
1460 2074 1519 2105 121

113 2124 349 2178 ostendam,
382 2125 492 2179 quod
524 2125 611 2166 iam
643 2124 808 2176 videtis,
839 2124 988 2178 populi
1018 2123 1204 2165 Romani
1236 2123 1453 2176 suffragiis

59 2193 94 2220 35
114 2197 418 2237 saepenumero
469 2184 683 2225 censorias
729 2182 1066 2237 subscriptiones
1112 2197 1203 2224 esse
1249 2182 1453 2234 sublatas,

112 2255 261 2282 verum
289 2241 418 2282 etiam
445 2241 611 2284 iudiciis
639 2256 796 2294 eorum,
824 2241 896 2295 qui
921 2241 1050 2282 iurati
1077 2243 1265 2282 statuere
1291 2239 1453 2281 maiore

113 2314 209 2341 cum
252 2299 460 2355 religione
502 2303 545 2342 et
584 2299 808 2356 diligentia
845 2298 1093 2341 debuerunt.
1161 2299 1355 2340 Primum
1393 2298 1454 2338 iu-

185 2374 256 2401 010.
275 2375 317 2400 Π.
338 2375 353 2400 2
1199 2371 1241 2402 10
