1619 2542
502 581 565 629 M.
605 581 793 628 TULLI
831 580 1156 629 CICERONIS

291 690 542 746 ORATIO
585 691 660 745 IN
704 689 1078 745 CATILINAM
1121 687 1374 744 TERTIA

621 805 705 851 AD
742 804 1052 851 POPULUM.

634 982 895 1020 ARGUMEN
900 982 1022 1020 TUM.

258 1060 459 1105 Aliquanto
490 1059 576 1104 post
607 1069 718 1102 quam
748 1059 840 1093 haec
865 1059 973 1103 gesta
993 1059 1114 1100 erant,
1149 1069 1232 1092 cum
1256 1057 1373 1103 legat-i
1397 1057 1499 1093 Allo-

164 1109 331 1152 brogum,
358 1108 421 1151 qui
446 1118 469 1141 a
501 1105 658 1141 Lentulo
685 1106 858 1149 temptati
877 1106 924 1139 u
940 1105 1114 1140 Cicerone
1140 1107 1291 1140 auctore
1317 1105 1440 1140 favere
1460 1115 1501 1139 se

166 1154 413 1190 coniurationi
439 1153 714 1194 simulaverant,
743 1154 916 1187 exeuntes
943 1163 986 1186 ex
1010 1152 1101 1186 urbe
1128 1164 1211 1186 cum
1235 1152 1275 1187 T.
1295 1152 1500 1194 Volturcio,

166 1202 230 1247 qui
254 1203 335 1237 era-t
360 1212 383 1236 a
400 1200 557 1235 Lentulo
585 1199 633 1234 ad
654 1181 764 1234 Catili
752 1210 851 1234 nam
871 1199 1015 1242 missus,
1039 1201 1078 1233 in
1097 1201 1210 1243 ponte
1230 1199 1369 1233 Mulvio
1390 1199 1500 1233 nocte

165 1248 421 1294 comprehensi
452 1249 576 1282 essent
605 1246 835 1290 litteiqaeque
863 1257 957 1290 quae
989 1228 1035 1280 a’b
1062 1246 1231 1288 Lentulo,
1259 1245 1435 1290 Cethego,
1460 1245 1499 1280 P

167 1297 326 1331 Gabinio
365 1295 511 1329 Cimbro
547 1294 595 1328 acl
634 1293 832 1329 Catilinam
869 1293 1098 1335 ferebantui,
1132 1293 1298 1328 Ciceroni
1328 1273 1500 1336 1111οᾶ11599,

166 1344 197 1378 13
230 1353 330 1377 arsce
316 1342 416 1376 <sitis
451 1340 715 1376 coniurationis
740 1341 968 1385 principibus
996 1342 1163 1374 senatum
1187 1341 1226 1374 in
1252 1339 1381 1374 aedem
1408 1340 1500 1374 Con

167 1390 315 1425 cordiae
341 1388 465 1434 coegit
490 1388 541 1422 III
566 1388 662 1423 Non.
683 1387 914 1422 Decembres.
965 1387 1020 1421 lbi
1045 1398 1128 1421 cum
1152 1387 1271 1431 legati
1295 1388 1334 1421 et
1351 1386 1500 1421 Voltur-

167 1438 245 1472 cius
271 1446 418 1472 omnem
442 1447 521 1470 rem
545 1434 783 1478 indicassent,
810 1435 991 1469 coniurati
1014 1434 1151 1468 litteris
1172 1434 1247 1468 suis
1274 1433 1436 1468 convicti
1460 1433 1500 1468 in

167 1484 374 1519 custodiam
407 1482 486 1517 dati
517 1485 618 1524 sunt,
652 1481 819 1517 019910111
851 1483 975 1516 autem
1005 1481 1150 1525 giatiae
1185 1492 1207 1516 a
1239 1482 1370 1516 senatu
1397 1481 1501 1515 actae

168 1530 463 1576 supplicatioque
494 1529 644 1564 decreta
674 1529 739 1564 est
797 1527 936 1569 Quibus
967 1529 1074 1562 rebus
1105 1527 1267 1573 peractis
1301 1528 1428 1563 Cicero
1463 1527 1503 1561 in

168 1578 379 1613 contionem
404 1576 544 1621 prodiit
569 1578 608 1611 et
631 1575 786 1620 populo,
819 1586 912 1619 quae
939 1578 1024 1610 acta
1051 1577 1191 1618 essent,
1225 1575 1397 1620 exposuit
1421 1574 1502 1618 hac,

169 1635 263 1669 quae
287 1625 340 1659 111
329 1624 385 1658 ‘'i-a
410 1625 563 1668 legitur,
590 1623 767 1658 oratione.

123 1781 143 1821 l
259 1790 366 1831 Rem
384 1790 613 1844 publicam,
633 1790 832 1841 Quiiites,
855 1789 1073 1844 vitamque
1094 1788 1283 1830 omnium
1302 1789 1504 1840 vestrum,

127 1832 296 1901 ¹,bona
326 1848 534 1900 fortunas,
566 1849 768 1902 coniuges
799 1848 1044 1913 liberosque
1075 1850 1241 1888 vestros
1271 1849 1398 1900 atque
1424 1846 1504 1887 hoc

173 1907 437 1949 domicilium
481 1906 723 1947 clarissumi
759 1906 945 1961 imperii,
987 1904 1375 1947 fortunatissimam
1413 1905 1504 1958 pul-

173 1966 511 2018 cherrimamque
531 1965 690 2018 urbem,
708 1966 912 2006 hodierno
933 1965 998 2005 die
1018 1964 1190 2004 deorum
1211 1962 1504 2003 inmortalium

173 2038 340 2066 summo
373 2036 475 2077 erga
506 2037 582 2064 vos
610 2038 769 2076 amore,
801 2023 1039 2075 laboribus,
1071 2022 1273 2075 consiliis,
1304 2021 1503 2075 periculis
1522 2032 1540 2058 5

174 2085 279 2125 meis
311 2096 333 2123 e
363 2081 536 2122 flamma
568 2085 694 2135 atque
724 2082 839 2123 ferro
874 2097 922 2123 ac
953 2095 1086 2136 paene
1119 2095 1168 2121 ex
1200 2080 1392 2121 faucibus
1422 2079 1504 2119 fati

175 2145 365 2196 ereptam
403 2143 446 2181 et
484 2140 606 2180 vobis
644 2143 935 2181 conservatam
976 2153 1023 2181 ac
1060 2139 1306 2179 restitutam
1336 2137 1504 2179 videtis.

128 2212 147 2243 2
173 2200 232 2241 Et
264 2201 300 2241 si
329 2213 417 2240 non
447 2199 585 2239 minus
617 2198 740 2238 nobis
771 2198 941 2240 iucundi
967 2200 1094 2251 atque
1118 2197 1322 2238 inlustres
1349 2198 1448 2237 sunt
1472 2196 1504 2236 ii

175 2260 275 2311 dies,
301 2257 453 2312 quibus
485 2270 796 2309 conservamur,
828 2271 956 2310 quam
986 2255 1062 2309 illi,
1095 2256 1247 2309 quibus
1278 2254 1503 2308 nascimur,

176 2317 288 2372 quod
325 2315 476 2358 salutis
513 2317 629 2356 certa
666 2314 832 2356 laetitia
864 2318 944 2369 est,
984 2314 1184 2355 nascendi
1214 2314 1376 2355 incerta
1407 2326 1501 2354 con-
1525 2323 1558 2348 10
