1619 2542
481 93 583 129 CAP.
610 96 748 129 68—70
774 97 793 136 s
822 85 1016 129 193—199.
1317 93 1399 134 175

56 190 261 232 traditum
294 189 354 231 sic
385 191 547 243 tuetur,
578 192 625 230 ut
657 189 867 230 maiorum
900 188 1168 244 gravitatem,
1201 191 1398 230 constan-

55 249 180 302 tiam,
225 248 429 304 gratiam,
472 248 776 289 liberalitatem
824 248 1092 302 adsequatur.
1159 246 1309 302 Itaque
1346 248 1398 288 iis

57 323 153 349 eum
180 307 321 349 verbis
348 306 517 360 publice
543 307 731 360 laudant,
757 309 804 347 ut
828 321 915 348 non
941 307 1080 347 solum
1100 306 1398 347 testimonium

58 381 182 408 suum
231 365 516 419 iudiciumque
567 365 827 419 significent,
876 380 1024 406 verum
1075 366 1204 406 etiam
1253 379 1397 406 curam

21 434 37 460 5
59 425 192 466 animi
224 439 272 466 ac
305 424 507 465 dolorem.
559 424 675 472 Quae
708 424 807 464 dum
840 424 1028 465 laudatio
1060 424 1278 478 recitatur,
1309 438 1398 477 VOS,

58 498 235 538 quaeso,
267 483 339 537 qui
371 497 465 523 eam
499 482 732 535 detulistis,
765 482 995 537 adsurgite.

144 542 211 582 Ex
255 540 443 582 lacrimis
480 541 651 594 horum,
688 541 866 594 iudices,
911 541 1157 582 existimare
1202 541 1466 596 potestisi97

57 615 203 643 omnes
246 600 351 641 haec
389 599 636 641 decuriones
676 600 911 641 decrevisse
948 600 1234 641 lacrimantes.
1302 600 1395 654 Age

55 674 174 712 vem,
212 659 449 701 vicinorum
491 662 696 713 quantum
729 658 934 711 studium,
973 673 1102 713 quam
1133 658 1395 700 incredibilis

3 729 37 754 10
56 717 362 770 benivolentia,
406 720 566 771 quanta
609 732 711 758 cura
754 718 838 758 est!
906 716 1006 758 Non
1048 717 1116 758 illi
1154 717 1200 758 in
1236 717 1395 758 libellis

56 777 347 818 laudationem
374 775 587 817 decretam
613 776 834 829 miserunt,
866 775 938 817 sed
964 776 1158 817 homines
1183 776 1396 817 honestis-

57 837 199 889 simos,
231 849 336 889 quos
361 849 583 876 nossemus
611 849 769 888 omnes,
800 835 883 875 huc
908 833 1152 889 frequentes
1180 835 1326 876 adesse
1353 837 1396 875 et

55 894 167 936 hunc
197 895 444 948 praesentes
477 893 651 934 laudare
676 894 919 935 voluerunt.
960 893 1130 934 Adsunt
1155 893 1396 947 Ferentani,

26 953 248 994 *homines
286 952 564 1003 nobilissimi,
607 951 842 994 Marrucini
879 952 985 993 item
1021 952 1117 1007 pari
1161 952 1394 1007 dignitate3

8 1021 37 1048 15
57 1011 200 1052 Teano
227 1011 369 1065 Apulo
398 1013 525 1064 atque
551 1010 730 1052 Luceria
757 1011 921 1065 equites
942 1010 1173 1065 Romanos,
1198 1010 1394 1052 homines

54 1069 400 1122 honestissimos,
432 1070 676 1110 laudatores
708 1069 878 1123 videtis3
910 1068 1102 1111 Boviano
1134 1072 1312 1124 totoque
1345 1083 1395 1110 ex

57 1127 229 1170 Samnio
274 1143 369 1169 cum
413 1127 682 1169 laudationes
719 1127 1049 1170 honestissimae
1087 1128 1245 1169 missae
1283 1131 1395 1181 sunt,

55 1190 148 1228 tum
172 1187 367 1228 homines
395 1187 648 1241 amplissimi
668 1187 1010 1241 nobilissimique
1030 1189 1249 1234 venerunt.
1290 1185 1381 1227 Iam
1401 1198 1465 1229 198

57 1246 130 1300 qui
160 1246 205 1287 in
237 1259 341 1300 agro
368 1245 561 1286 Larinati
591 1245 778 1300 praedia,
812 1246 884 1300 qui
915 1247 1102 1301 negotia,
1134 1245 1208 1300 qui
1234 1259 1300 1286 res
1326 1260 1394 1300 pe-

13 1315 38 1340 Ε0
58 1304 222 1346 cuarias
253 1304 433 1357 habent,
465 1304 635 1345 honesti
665 1304 862 1346 homines
895 1306 938 1346 et
971 1319 1137 1346 summo
1171 1304 1395 1357 splendore

56 1363 255 1417 praediti,
297 1362 469 1404 difficile
507 1363 622 1404 dictu
661 1365 725 1403 est
757 1378 884 1417 quam
916 1363 1004 1404 sint
1036 1362 1229 1415 solliciti,
1269 1377 1396 1416 quam

57 1421 267 1463 laborent.
310 1420 411 1462 Non
441 1421 567 1462 multi
599 1422 704 1462 mihi
736 1422 789 1462 ab
822 1436 905 1462 uno
941 1422 1001 1463 sic
1037 1421 1159 1475 diligi
1184 1420 1396 1473 videntur,

57 1483 106 1521 ut
136 1479 206 1520 hic
238 1479 290 1520 ab
323 1479 390 1520 his
422 1480 644 1520 universis.

147 1536 282 1585 Quam
309 1537 430 1578 doleo
459 1538 606 1578 abesse
632 1538 685 1578 ab
705 1537 830 1578 huius
850 1537 1004 1579 iudicio
1025 1537 1071 1579 L.
1085 1537 1381 1591 Volusienum,
1411 1539 1464 1580 70

23 1607 40 1633 5
60 1611 226 1638 summo
286 1595 510 1650 splendore
560 1597 778 1637 hominem
828 1611 876 1637 ac
925 1596 1085 1637 virtute
1134 1596 1394 1649 praeditum!

57 1655 226 1697 Vellem
246 1657 514 1708 praesentem
528 1669 695 1708 possem
711 1653 1013 1696 RHelvidium
1027 1654 1196 1708 Rufum,
1210 1655 1395 1709 equitem

58 1713 301 1755 Romanum
334 1713 523 1755 omnium
551 1712 884 1766 ornatissimum,
914 1713 1148 1754 nominare.
1188 1713 1270 1762 Qui
1299 1728 1394 1754 cum

58 1772 183 1813 huius
216 1787 343 1814 eausa
376 1771 463 1812 dies
496 1774 727 1825 noctesque
759 1771 961 1826 vigilaret
991 1774 1034 1812 et
1064 1787 1160 1813 cum
1191 1786 1258 1813 me
1284 1772 1395 1813 hanc

60 1845 230 1872 causam
269 1830 456 1883 doceret,
499 1830 543 1871 in
582 1830 777 1871 morbum
816 1843 988 1884 gravem
1026 1831 1394 1884 periculosumque

24 1899 41 1925 0
59 1889 228 1943 incidit3
253 1889 298 1930 in
323 1903 406 1943 quo
431 1891 578 1930 tamen
600 1903 685 1929 non
713 1889 853 1929 minus
881 1889 931 1929 de
958 1889 1095 1943 capite
1120 1889 1245 1930 huius
1267 1904 1394 1943 quam

61 1947 112 1989 de
143 1962 220 1989 sua
251 1948 341 1988 vita
371 1948 554 1988 laborat.
605 1945 679 1988 Cn.
700 1946 847 1988 Tudici
880 1948 1104 2002 senatoris,
1135 1947 1217 1988 viri
1243 1948 1395 2002 optimi

61 2009 103 2047 et
139 2006 449 2057 honestissimi,
486 2020 566 2060 par
597 2006 784 2046 studium
817 2020 867 2046 ex
897 2005 1145 2048 testimonio
1179 2009 1221 2047 et
1251 2006 1395 2047 lauda-

61 2064 178 2106 tione
210 2064 488 2119 cognoscetiS.
538 2064 699 2105 Eadem
732 2078 818 2118 spe,
850 2064 923 2105 sed
954 2064 1116 2105 maiore
1141 2064 1394 2105 verecundia

62 2123 112 2164 de
143 2126 197 2174 te,
222 2122 268 2163 P.
287 2122 505 2174 Volumni,
536 2124 737 2177 quoniam
768 2122 893 2163 iudex
926 2137 969 2164 es
994 2123 1040 2164 in
1066 2123 1115 2164 A.
1137 2122 1394 2175 Cluentium,

0 2209 7 2238 5
32 2181 253 2222 3dicimus.
301 2181 371 2231 Et,
402 2195 456 2222 ne
487 2181 667 2236 longum
700 2181 767 2234 sit,
799 2181 988 2222 omnium
1013 2181 1252 2223 vicinorum
1285 2195 1393 2221 sum-

62 2254 176 2280 mam
203 2253 294 2280 esse
314 2240 356 2279 in
376 2239 489 2281 hunc
509 2239 843 2281 benivolentiam
864 2239 1176 2281 confirmamus.
1216 2239 1381 2280 Horum
1398 2250 1462 2280 199

63 2297 252 2338 omnium
291 2297 497 2353 studium,
539 2312 703 2352 curam,
744 2297 1009 2353 diligentiam
1050 2311 1273 2353 meumque
1309 2311 1394 2338 una
