1687 2533
239 109 324 150 506
427 108 490 144 DE
521 109 658 144 DOMO
687 109 776 144 SUA
802 110 865 144 AD
893 109 1174 145 PONTIFICES
1202 111 1388 147 ORATIO.

238 205 522 260 perditorum,
561 205 750 260 apsentis
790 207 998 247 exercitus
1030 209 1192 249 terrore
1225 209 1268 248 et
1299 207 1442 262 minis,
1479 223 1575 250 con-

240 265 380 306 sulum
413 265 618 306 societate
645 267 688 305 et-
712 263 877 305 nefario
903 264 1072 306 foedere
1098 265 1301 307 servitute
1328 281 1576 321 oppressam

240 323 457 365 civitatem
484 326 663 376 teneres
694 322 926 364 Libertatis
955 324 1122 378 signum
1149 325 1333 378 posuisti
1358 325 1496 381 magis
1523 325 1576 367 ad

239 382 472 423 ludibrium
492 382 764 436 inpudentiae
786 396 911 435 quam
932 382 983 422 ad
1005 383 1322 424 simulationem
1342 384 1576 439 religionis.

238 439 319 481 Ille
350 441 393 481 in
427 441 554 493 curia,
587 455 694 495 quae
720 443 892 494 poterat
917 441 1007 481 sine
1033 441 1281 495 cuiusquam
1306 442 1576 485 incommodo
1596 453 1612 479 5

242 499 428 541 dedicari
461 498 511 523 *Ψ
541 503 596 540 tu·
632 499 676 540 in
714 499 816 540 civis
857 500 1014 553 optime
1055 500 1105 541 de
1145 515 1190 542 re
1227 501 1398 554 publica
1435 502 1578 543 meriti

242 572 390 599 cruore
436 572 483 599 ac
527 572 660 612 paene
705 559 870 599 ossibus
916 559 1190 600 simulacrum
1232 574 1321 601 non
1361 560 1577 602 libertatis

172 617 454 670 132publicae‚
493 616 566 657 sed
606 617 803 658 licentiae
849 617 1080 659 collocasti.
1143 618 1284 672 Atque
1321 618 1392 659 ille
1430 621 1576 660 tamen

172 673 335 730 (132)ad
368 675 596 730 collegium
622 675 801 728 rettulit,
832 678 879 716 tu
906 676 957 716 ad
984 691 1108 730 quem
1134 677 1370 718 rettulisti?
1408 676 1453 719 Si
1478 677 1579 732 quid

242 734 516 787 deliberares,
549 734 584 775 si
611 734 712 788 quid
737 734 818 775 tibi
846 738 919 775 aut
944 735 1144 789 piandum
1172 738 1246 776 aut
1270 736 1577 777 instituendum
1598 748 1631 772 10

240 792 397 833 fuisset
429 793 636 847 religione
671 793 917 844 domestica,
949 796 1092 835 tamen
1117 795 1318 836 instituto
1344 798 1578 837 ceterorum

240 855 383 892 vetere
416 851 468 892 ad
499 851 743 906 pontificem
779 852 1015 907 retulisses,
1046 867 1203 894 novum
1230 853 1454 895 delubrum
1485 868 1580 896 cum

241 910 286 951 in
327 910 446 950 urbis
479 910 717 952 clarissimo
750 911 843 952 loco
875 911 1057 952 nefando
1091 912 1273 965 quodam
1307 916 1432 967 atque
1462 912 1579 954 inau-

245 968 335 1010 dito
367 968 567 1010 instituto
600 969 835 1022 inchoares,
865 970 1131 1011 referendum
1165 971 1217 1011 ad
1243 972 1482 1012 sacerdotes
1507 986 1579 1025 pu·

243 1027 377 1068 blicos
415 1041 503 1068 non
540 1028 734 1081 putasti?
796 1029 866 1077 At,
899 1029 934 1068 si
965 1029 1190 1083 collegium
1226 1029 1475 1083 pontificum
1510 1030 1580 1071 ad·
1599 1042 1633 1067 15

243 1085 476 1126 hibendum
508 1100 593 1127 non
625 1086 867 1139 videbatur,
897 1101 1076 1128 nemone
1107 1087 1261 1128 horum
1293 1088 1375 1129 tibi
1404 1088 1580 1130 idoneus

244 1145 361 1184 visus
395 1147 478 1197 est,
516 1144 588 1198 qui
620 1147 779 1198 aetate,
817 1144 995 1198 honore,
1028 1146 1280 1187 auctoritate
1313 1147 1580 1201 antecellunt,

242 1217 336 1243 cum
370 1217 452 1256 quo
484 1203 531 1244 de
562 1202 826 1244 dedicatione
858 1204 1221 1245 communicares?
1270 1203 1460 1253 Quorum
1492 1207 1580 1259 qui-

244 1261 338 1302 dem
370 1265 417 1302 tu
449 1276 536 1301 non
567 1262 880 1315 contempsisti,
918 1263 989 1303 sed
1021 1263 1279 1316 pertimuisti
1313 1263 1580 1319 dignitatem.

172 1319 228 1360 52
245 1319 312 1360 An
344 1322 391 1360 tu
424 1320 600 1361 auderes
635 1335 836 1374 quaerere
868 1335 919 1362 ex
949 1321 994 1362 P.
1026 1319 1206 1362 Servilio
1240 1324 1314 1363 aut
1339 1336 1389 1363 ex
1419 1321 1474 1364 M.
1500 1322 1580 1364 Lu·
1599 1335 1634 1360 20

244 1379 374 1432 cullo,
407 1393 586 1432 quorum
620 1393 698 1434 ego
732 1379 908 1421 consilio
937 1382 1064 1434 atque
1097 1381 1351 1422 auctoritate
1382 1395 1471 1422 rem
1504 1396 1580 1435 pu-

243 1437 399 1478 blicam
438 1438 585 1478 consul
624 1452 674 1479 ex
713 1439 865 1479 vestris
899 1439 1095 1479 manibus
1129 1453 1177 1480 ac
1207 1439 1400 1480 faucibus
1433 1440 1581 1494 eripui,

244 1495 499 1549 quibusnam
541 1496 682 1537 verbis
716 1499 790 1537 aut
822 1511 904 1550 quo
936 1498 1021 1538 ritu
1054 1522 1107 1527 —
1140 1498 1325 1551 primum
1357 1497 1439 1539 hoc
1471 1498 1580 1540 dico:

243 1554 346 1596 civis
379 1554 552 1596 domum
586 1569 870 1609 consecrares,
910 1556 1056 1596 deinde
1090 1556 1192 1597 civis
1224 1556 1330 1610 eius,
1369 1556 1435 1598 cui
1465 1558 1581 1610 prin-

244 1627 342 1667 ceps
377 1616 563 1667 senatus,
596 1616 686 1654 tum
721 1617 862 1655 autem
892 1615 1060 1655 ordines
1088 1629 1247 1668 omnes,
1280 1615 1427 1656 deinde
1451 1614 1581 1657 Italia
1599 1626 1634 1653 25

245 1674 355 1724 tota,
399 1675 497 1725 post
541 1676 716 1713 cunctae
761 1675 910 1727 gentes
954 1673 1247 1714 testimonium
1292 1673 1416 1715 huius
1461 1674 1580 1716 urbis

176 1732 374 1782 133atque
413 1730 581 1784 imperii
619 1732 861 1772 conservati
894 1731 1137 1772 dedissent?
1200 1731 1310 1780 Quid
1341 1732 1518 1785 diceres,
1555 1747 1580 1774 o

244 1788 427 1828 nefanda
460 1791 502 1829 et
533 1789 774 1842 perniciosa
807 1790 926 1831 labes
953 1790 1168 1831 civitatis?
1219 1789 1364 1844 ‘Ades,
1394 1790 1580 1844 Luculle,

244 1844 414 1899 Servili,
453 1846 552 1887 dum
592 1847 737 1889 dedico
771 1848 943 1889 domum
975 1847 1209 1901 Ciceronis,
1247 1851 1296 1889 ut
1328 1848 1431 1889 mihi
1464 1864 1580 1902 prae·

243 1905 351 1946 eatis
377 1907 628 1959 postemque
654 1906 870 1947 teneatis?
916 1907 975 1948 Es
1001 1909 1048 1948 tu
1075 1907 1244 1961 quidem
1271 1922 1365 1948 cum
1392 1908 1578 1962 audacia,
1599 1920 1634 1946 30

245 1967 336 2004 tum
362 1963 614 2017 inpudentia
641 1965 859 2020 singulari,
892 1965 964 2006 sed
990 1965 1070 2006 tibi
1096 1968 1241 2006 tamen
1267 1965 1391 2019 oculi,
1422 1966 1579 2020 voltus,

244 2022 377 2063 verba
409 2022 677 2075 cecidissent,
710 2038 803 2064 cum
835 2027 878 2064 te
910 2024 1003 2077 viri,
1035 2024 1107 2077 qui
1140 2038 1215 2064 sua
1248 2023 1457 2078 dignitate
1488 2039 1579 2078 per-

245 2094 392 2121 sonam
419 2081 567 2135 populi
589 2080 770 2122 Romani
796 2084 922 2136 atque
943 2082 1244 2123 auctoritatem
1264 2082 1434 2137 imperii
1454 2083 1579 2124 susti-

242 2142 404 2191 nerent,
431 2139 572 2180 verbis
600 2140 866 2194 gravissimis
896 2140 1230 2194 proterruissent
1255 2155 1390 2195 neque
1410 2141 1490 2182 sibi
1511 2142 1578 2183 fas

246 2211 338 2238 esse
359 2197 566 2239 dixissent
584 2197 719 2239 furori
740 2198 946 2240 interesse
966 2201 1040 2239 tuo
1062 2201 1188 2253 atque
1208 2199 1252 2239 in
1267 2200 1432 2253 patriae
1446 2200 1579 2254 parri·
1598 2211 1634 2236 35

175 2255 354 2296 134cidio
393 2257 617 2297 exsultare.
681 2256 795 2305 Quae
834 2271 928 2298 cum
961 2256 1142 2307 videres,
1179 2260 1270 2298 tum
1301 2260 1344 2299 te
1377 2257 1428 2299 ad
1460 2261 1580 2299 tuum

245 2314 426 2355 adfinem
470 2329 556 2356 non
600 2314 808 2356 delectum
854 2329 879 2356 a
920 2318 980 2368 te,
1023 2315 1097 2356 sed
1134 2315 1329 2357 relictum
1368 2330 1392 2357 a
1430 2316 1580 2358 ceteris
