1687 2533
518 88 618 123 CAP.
645 92 783 123 44—46
811 92 829 131 ς
858 92 1051 124 115—1‘21.
1345 89 1428 129 501

95 198 198 239 ergo
250 183 418 225 adfuit?
499 183 697 236 eFrater’,
746 183 901 238 inquit,
953 182 1110 224 ‘uxoris
1161 183 1306 225 meae.’
1387 182 1432 225 Si

95 243 395 284 auctoritatem
423 243 675 297 quaerimus,
707 243 788 283 etsi
812 243 855 284 id
882 244 947 284 est
973 243 1139 296 aetatis,
1170 245 1218 283 ut
1243 242 1432 284 nondum

94 304 345 344 consecutus
373 301 440 354 sit,
464 304 621 354 tamen,
648 303 807 356 quanta
833 303 898 342 est
922 301 967 341 in
993 301 1261 343 adulescente
1287 304 1433 343 aucto-

95 361 222 415 ritas,
270 375 319 402 ea
367 363 544 415 propter
594 363 762 401 tantam
807 360 1150 401 coniunctionem
1195 359 1431 401 adfinitatis

59 439 75 454 ›
95 420 234 461 minor
273 422 340 461 est
377 419 579 473 putanda.
641 417 715 459 Sin
747 421 889 460 autem
922 418 1100 461 scientia
1131 421 1195 460 est
1228 419 1434 473 quaesita,

95 478 188 532 quis
216 481 308 519 erat
334 478 474 519 minus
500 477 662 531 peritus
690 492 817 531 quam
843 478 892 530 is,
920 477 991 531 qui
1012 477 1157 531 paucis
1177 477 1263 518 illis
1284 477 1431 519 diebus

93 537 137 577 in
175 537 404 592 collegium
444 537 645 578 venerat?
684 537 755 590 qui
787 536 917 577 etiam
948 536 1029 576 tibi
1062 540 1154 577 erat
1186 536 1325 591 magis
1358 536 1433 578 ob-

95 595 268 637 strictus
301 595 505 637 beneficio
538 595 715 649 recenti,
747 609 840 636 cum
874 610 918 636 se
949 594 1126 636 fratrem
1158 596 1302 636 uxoris
1333 598 1432 636 tuae

93 654 220 695 fratri
263 657 336 696 tuo
382 668 585 710 germano
631 654 869 695 antelatum
914 654 1097 695 videbat.
1165 653 1260 695 Etsi
1299 654 1343 694 in
1383 668 1431 695 eo

41 724 74 748 10
93 713 319 767 providisti
351 728 404 754 ne
435 712 569 754 frater
594 715 636 753 te
664 727 861 754 accusare
887 713 1035 767 possit.
1080 712 1201 754 Hanc
1227 716 1275 753 tu
1300 713 1433 768 igitur

95 772 406 813 dedicationem
446 772 656 826 appellas,
695 771 747 812 ad
787 786 915 825 quam
946 786 1032 813 non
1064 771 1309 826 collegium,
1347 786 1433 812 non

93 831 328 872 honoribus
372 831 521 885 populi
564 830 748 871 Romani
793 832 992 871 ornatum
1034 831 1297 884 pontificem,
1346 845 1433 871 non

93 889 273 944 denique
307 889 621 931 adulescentem
655 904 911 943 quemquam
943 890 1090 942 alium,
1124 904 1219 930 cum
1251 889 1431 930 haberes

92 948 136 989 in
168 949 350 1003 collegio
383 948 755 1001 familiarissimos,
788 948 988 988 adhibere
1021 948 1229 1001 potuisti?
1281 947 1433 988 Adfuit

40 1018 72 1043 15
93 1007 147 1060 is,
189 1007 225 1048 si
257 1007 381 1048 modo
415 1007 568 1060 adfuit,
608 1021 734 1061 quem
766 1009 813 1047 tu
846 1006 1060 1060 impulisti,
1098 1021 1218 1048 soror
1250 1007 1433 1061 rogavit,

93 1068 231 1107 mater
263 1066 415 1121 coegit.
468 1064 620 1106 Videte
652 1065 796 1120 igitur,
829 1066 1064 1119 pontifices,
1097 1065 1198 1119 quid
1231 1065 1502 1108 statuatisllf)

91 1127 135 1165 in
168 1139 262 1165 mea
293 1139 422 1165 causa
454 1124 503 1165 de
536 1124 725 1165 omnium
757 1123 960 1174 fortunis,
998 1124 1184 1177 verbone
1216 1124 1430 1178 pontificis

91 1184 263 1238 putetis,
291 1183 327 1224 si
351 1184 387 1224 is
414 1185 582 1237 postem
609 1182 796 1224 tenuerit
823 1185 864 1223 et
885 1183 1045 1237 aliquid
1067 1182 1232 1234 dixerit,
1259 1183 1432 1223 domum

91 1242 215 1283 unius
249 1241 450 1296 cuiusque
483 1241 722 1283 consecrari
754 1256 892 1295 posse,
925 1256 979 1282 an
1010 1241 1118 1282 istae
1146 1241 1432 1283 dedicationes

39 1312 73 1336 20
94 1303 136 1341 et
172 1301 434 1355 templorum
476 1303 518 1341 et
560 1300 831 1340 delubrorum
870 1300 1100 1354 religiones
1141 1300 1193 1340 ad
1226 1300 1432 1341 honorem

94 1359 268 1400 deorum
312 1358 621 1399 immortalium
668 1359 758 1399 sine
803 1358 893 1399 ulla
930 1358 1084 1399 civium
1124 1359 1368 1399 calamitate
1408 1374 1433 1400 a

94 1417 328 1458 maioribus
366 1417 526 1457 nostris
561 1417 820 1458 constitutae
855 1417 952 1457 sint.
1014 1417 1095 1458 Est
1126 1417 1323 1458 inventus
1356 1417 1432 1457 tri-

91 1477 228 1517 bunus
273 1476 348 1530 pl.,
399 1476 469 1529 qui
517 1475 812 1517 consularibus
858 1475 990 1529 copiis
1035 1476 1270 1517 instructus
1316 1476 1432 1516 omni

92 1535 255 1589 impetu
281 1534 437 1575 furoris
463 1534 507 1574 in
535 1549 629 1575 eum
656 1534 787 1575 civem
815 1534 1003 1587 inruerit,
1037 1549 1162 1588 quem
1188 1534 1430 1589 perculsum

39 1605 71 1630 25
92 1594 186 1647 ipsa
229 1607 295 1633 res
340 1593 512 1647 publica
556 1593 642 1634 suis
682 1593 878 1633 manibus
917 1593 1154 1633 extolleret.
1218 1591 1356 1641 Quid?
1395 1579 1500 1661 Si14260

93 1653 165 1706 qui
205 1651 356 1693 similis
396 1651 519 1692 istius
553 1648 707 1707 (neque
741 1651 853 1692 enim
884 1651 970 1692 iam
1004 1651 1197 1705 deerunt,
1237 1651 1308 1705 qui
1340 1651 1429 1692 imi-

91 1711 175 1752 tari
214 1710 365 1765 velint)
407 1709 591 1763 aliquem
630 1710 714 1750 mei
755 1709 1023 1762 dissimilem,
1062 1710 1129 1751 cui
1160 1724 1227 1751 res
1259 1710 1432 1764 publica

90 1784 176 1811 non
214 1771 381 1810 tantum
420 1768 589 1821 debeat,
626 1782 702 1822 per
739 1769 826 1809 vim
867 1767 1095 1822 adflixerit,
1136 1768 1308 1810 domum
1342 1769 1431 1810 eius

92 1843 167 1882 per
200 1827 444 1881 pontificem
472 1826 741 1879 dedicaverit,
774 1827 816 1867 id
845 1841 917 1867 vos
944 1827 1029 1867 ista
1056 1828 1311 1869 auctoritate
1337 1842 1431 1869 con-

39 1898 73 1922 30
94 1887 282 1927 stituetis
309 1888 449 1926 ratum
478 1900 570 1926 esse
597 1885 823 1939 oportere?
867 1885 1040 1926 Dicitis:
1074 1885 1222 1934 ‘Quem
1249 1886 1432 1940 reperiet

91 1944 382 1999 pontificem?’
440 1943 578 1992 Quid?
621 1946 663 1984 et
693 1944 881 1997 pontifex
917 1948 953 1985 et
989 1944 1186 1986 tribunus
1225 1945 1282 1999 pl.
1320 1944 1432 1985 idem

93 2017 184 2044 esse
215 2017 302 2044 non
333 2003 504 2057 potest?
555 2001 611 2043 M.
644 2001 821 2055 Drusus,
853 2002 926 2043 ille
959 2003 1220 2044 clarissimus
1254 2003 1328 2055 vir,
1359 2003 1432 2043 tri-

92 2061 231 2102 bunus
276 2061 345 2115 pl„
377 2061 569 2116 pontifex
614 2060 705 2101 fuit.
778 2060 909 2116 Ergo,
951 2061 987 2102 si
1030 2062 1066 2103 is
1113 2060 1159 2109 Q.
1192 2060 1432 2115 Caepionis,

92 2119 252 2160 inimici
292 2119 377 2173 sui,
413 2122 580 2173 postem
620 2119 787 2160 aedium
819 2120 1028 2161 tenuisset
1061 2122 1103 2161 et
1135 2134 1270 2174 pauca
1300 2120 1432 2160 verba

41 2190 74 2215 35
95 2178 284 2231 fecisset,
335 2177 458 2219 aedes
511 2177 737 2232 Caepionis
791 2180 933 2219 essent
982 2178 1229 2219 dedicatae?
1308 2177 1494 2218 Nihil1‘21

92 2237 245 2290 loquor
277 2235 326 2277 de
358 2236 575 2289 pontificio
608 2236 715 2289 iure,
754 2236 861 2277 nihil
896 2236 945 2277 de
978 2237 1112 2290 ipsius
1145 2235 1286 2277 verbis
1320 2236 1429 2277 dedi-

93 2294 291 2347 cationis,
337 2294 446 2334 nihil
491 2294 540 2335 de
584 2295 811 2350 religione,
855 2295 1140 2349 caerimoniis,
1185 2308 1269 2336 non
1311 2294 1429 2335 dissi-
