<?xml version="1.0" encoding="UTF-8"?>
<!DOCTYPE html PUBLIC "-//W3C//DTD XHTML 1.0 Transitional//EN"
    "http://www.w3.org/TR/xhtml1/DTD/xhtml1-transitional.dtd">
<html xmlns="http://www.w3.org/1999/xhtml" xml:lang="en" lang="en">
 <head>
  <title>
</title>
<meta http-equiv="Content-Type" content="text/html;charset=utf-8" />
  <meta name='ocr-system' content='tesseract 3.04.00' />
  <meta name='ocr-capabilities' content='ocr_page ocr_carea ocr_par ocr_line ocrx_word'/>
</head>
<body>
  <div class='ocr_page' id='page_1' title='image "./p2scriptaquaemanse02ciceuoft_0673.png"; bbox 0 0 1687 2533; ppageno 0'>
   <div class='ocr_carea' id='block_1_1' title="bbox 511 85 1429 128">
    <p class='ocr_par' dir='ltr' id='par_1_1' title="bbox 511 85 1429 128">
     <span class='ocr_line' id='line_1_1' title="bbox 511 85 1429 128; baseline -0.002 -7"><span class='ocrx_word' id='word_1_1' title='bbox 511 86 612 122; x_wconf 87' lang='lat' dir='ltr'>CAP.</span> <span class='ocrx_word' id='word_1_2' title='bbox 639 89 776 121; x_wconf 86' lang='lat'>49—51</span> <span class='ocrx_word' id='word_1_3' title='bbox 804 90 823 128; x_wconf 65' lang='grc' dir='ltr'><em>ξ</em></span> <span class='ocrx_word' id='word_1_4' title='bbox 851 89 1047 120; x_wconf 83' lang='grc'>127-131.</span> <span class='ocrx_word' id='word_1_5' title='bbox 1339 85 1429 127; x_wconf 77' lang='grc'>505</span> 
     </span>
    </p>
   </div>
   <div class='ocr_carea' id='block_1_2' title="bbox 40 182 1508 2346">
    <p class='ocr_par' dir='ltr' id='par_1_2' title="bbox 91 182 1432 412">
     <span class='ocr_line' id='line_1_2' title="bbox 92 182 1430 236; baseline -0.002 -11"><span class='ocrx_word' id='word_1_6' title='bbox 92 185 233 225; x_wconf 88' lang='lat' dir='ltr'>animo</span> <span class='ocrx_word' id='word_1_7' title='bbox 271 183 354 225; x_wconf 81' lang='lat' dir='ltr'>tibi</span> <span class='ocrx_word' id='word_1_8' title='bbox 392 183 478 225; x_wconf 88' lang='lat' dir='ltr'>ista</span> <span class='ocrx_word' id='word_1_9' title='bbox 514 197 601 224; x_wconf 92' lang='lat' dir='ltr'>non</span> <span class='ocrx_word' id='word_1_10' title='bbox 633 183 758 236; x_wconf 83' lang='lat' dir='ltr'>scita,</span> <span class='ocrx_word' id='word_1_11' title='bbox 796 182 868 224; x_wconf 79' lang='lat' dir='ltr'>sed</span> <span class='ocrx_word' id='word_1_12' title='bbox 900 183 1102 236; x_wconf 85' lang='lat' dir='ltr'>portenta</span> <span class='ocrx_word' id='word_1_13' title='bbox 1134 182 1430 233; x_wconf 87' lang='lat' dir='ltr'>conscriberet,</span> 
     </span>
     <span class='ocr_line' id='line_1_3' title="bbox 92 239 1432 295; baseline -0.003 -11"><span class='ocrx_word' id='word_1_14' title='bbox 92 257 205 284; x_wconf 85' lang='lat' dir='ltr'>esses</span> <span class='ocrx_word' id='word_1_15' title='bbox 244 243 387 284; x_wconf 84' lang='lat' dir='ltr'>onmia</span> <span class='ocrx_word' id='word_1_16' title='bbox 426 243 462 283; x_wconf 87' lang='lat' dir='ltr'>si</span> <span class='ocrx_word' id='word_1_17' title='bbox 499 242 640 283; x_wconf 88' lang='lat' dir='ltr'>minus</span> <span class='ocrx_word' id='word_1_18' title='bbox 679 256 741 294; x_wconf 90' lang='lat' dir='ltr'>re,</span> <span class='ocrx_word' id='word_1_19' title='bbox 779 243 824 282; x_wconf 87' lang='lat' dir='ltr'>at</span> <span class='ocrx_word' id='word_1_20' title='bbox 861 240 1004 282; x_wconf 90' lang='lat' dir='ltr'>verbis</span> <span class='ocrx_word' id='word_1_21' title='bbox 1044 239 1250 295; x_wconf 76' lang='lat' dir='ltr'>legitimis</span> <span class='ocrx_word' id='word_1_22' title='bbox 1289 254 1432 281; x_wconf 87' lang='lat' dir='ltr'>conse-</span> 
     </span>
     <span class='ocr_line' id='line_1_4' title="bbox 91 299 1431 355; baseline -0.002 -13"><span class='ocrx_word' id='word_1_23' title='bbox 91 305 225 343; x_wconf 86' lang='lat' dir='ltr'>cutus.</span> <span class='ocrx_word' id='word_1_24' title='bbox 276 300 356 342; x_wconf 82' lang='lat' dir='ltr'>Sed</span> <span class='ocrx_word' id='word_1_25' title='bbox 386 316 468 342; x_wconf 91' lang='lat' dir='ltr'>uno</span> <span class='ocrx_word' id='word_1_26' title='bbox 496 303 688 355; x_wconf 82' lang='lat' dir='ltr'>tempore</span> <span class='ocrx_word' id='word_1_27' title='bbox 715 300 932 341; x_wconf 89' lang='lat' dir='ltr'>cautiones</span> <span class='ocrx_word' id='word_1_28' title='bbox 957 299 1119 340; x_wconf 84' lang='lat' dir='ltr'>fiebant</span> <span class='ocrx_word' id='word_1_29' title='bbox 1144 299 1431 353; x_wconf 79' lang='lat' dir='ltr'>pecuniarum,</span> 
     </span>
     <span class='ocr_line' id='line_1_5' title="bbox 91 358 1431 412; baseline -0.003 -11"><span class='ocrx_word' id='word_1_30' title='bbox 91 360 265 402; x_wconf 80' lang='lat' dir='ltr'>foedera</span> <span class='ocrx_word' id='word_1_31' title='bbox 289 360 555 401; x_wconf 87' lang='lat' dir='ltr'>feriebantur</span> <span class='ocrx_word' id='word_1_32' title='bbox 580 359 910 412; x_wconf 82' lang='lat' dir='ltr'>provinciarum,</span> <span class='ocrx_word' id='word_1_33' title='bbox 942 371 1091 411; x_wconf 88' lang='lat' dir='ltr'>regum</span> <span class='ocrx_word' id='word_1_34' title='bbox 1119 358 1431 412; x_wconf 77' lang='lat' dir='ltr'>appellationes</span> 
     </span>
    </p>

    <p class='ocr_par' dir='ltr' id='par_1_3' title="bbox 57 416 1434 708">
     <span class='ocr_line' id='line_1_6' title="bbox 57 416 1432 472; baseline -0.003 -12"><span class='ocrx_word' id='word_1_35' title='bbox 57 427 72 454; x_wconf 85' lang='lat'>5</span> <span class='ocrx_word' id='word_1_36' title='bbox 93 419 262 460; x_wconf 88' lang='lat' dir='ltr'>venales</span> <span class='ocrx_word' id='word_1_37' title='bbox 296 421 427 472; x_wconf 86' lang='lat' dir='ltr'>erant,</span> <span class='ocrx_word' id='word_1_38' title='bbox 461 432 679 459; x_wconf 88' lang='lat' dir='ltr'>servorum</span> <span class='ocrx_word' id='word_1_39' title='bbox 713 417 901 458; x_wconf 89' lang='lat' dir='ltr'>omnium</span> <span class='ocrx_word' id='word_1_40' title='bbox 934 416 1107 458; x_wconf 83' lang='lat' dir='ltr'>vicatim</span> <span class='ocrx_word' id='word_1_41' title='bbox 1135 417 1432 458; x_wconf 73' lang='lat' dir='ltr'>celebrabatur</span> 
     </span>
     <span class='ocr_line' id='line_1_7' title="bbox 92 475 1432 531; baseline -0.003 -12"><span class='ocrx_word' id='word_1_42' title='bbox 92 480 185 519; x_wconf 82' lang='lat' dir='ltr'>tota</span> <span class='ocrx_word' id='word_1_43' title='bbox 206 478 308 519; x_wconf 89' lang='lat' dir='ltr'>urbe</span> <span class='ocrx_word' id='word_1_44' title='bbox 330 477 566 531; x_wconf 74' lang='lat' dir='ltr'>discriptio,</span> <span class='ocrx_word' id='word_1_45' title='bbox 587 476 748 517; x_wconf 90' lang='lat' dir='ltr'>inimici</span> <span class='ocrx_word' id='word_1_46' title='bbox 768 477 811 516; x_wconf 95' lang='lat' dir='ltr'>in</span> <span class='ocrx_word' id='word_1_47' title='bbox 833 476 1018 531; x_wconf 89' lang='lat' dir='ltr'>gratiam</span> <span class='ocrx_word' id='word_1_48' title='bbox 1033 475 1432 526; x_wconf 84' lang='lat' dir='ltr'>reconciliabantur,</span> 
     </span>
     <span class='ocr_line' id='line_1_8' title="bbox 94 532 1433 590; baseline -0.002 -13"><span class='ocrx_word' id='word_1_49' title='bbox 94 536 271 590; x_wconf 89' lang='lat' dir='ltr'>imperia</span> <span class='ocrx_word' id='word_1_50' title='bbox 305 536 601 578; x_wconf 73' lang='lat' dir='ltr'>scribebantur</span> <span class='ocrx_word' id='word_1_51' title='bbox 631 549 744 576; x_wconf 87' lang='lat' dir='ltr'>nova</span> <span class='ocrx_word' id='word_1_52' title='bbox 774 535 999 588; x_wconf 88' lang='lat' dir='ltr'>iuventuti,</span> <span class='ocrx_word' id='word_1_53' title='bbox 1033 534 1080 583; x_wconf 84' lang='lat' dir='ltr'>Q.</span> <span class='ocrx_word' id='word_1_54' title='bbox 1101 532 1197 575; x_wconf 83' lang='lat' dir='ltr'>Seio</span> <span class='ocrx_word' id='word_1_55' title='bbox 1224 548 1433 575; x_wconf 88' lang='lat' dir='ltr'>venenum</span> 
     </span>
     <span class='ocr_line' id='line_1_9' title="bbox 93 592 1434 649; baseline -0.002 -13"><span class='ocrx_word' id='word_1_56' title='bbox 93 595 247 636; x_wconf 89' lang='lat' dir='ltr'>misero</span> <span class='ocrx_word' id='word_1_57' title='bbox 286 595 539 649; x_wconf 88' lang='lat' dir='ltr'>parabatur,</span> <span class='ocrx_word' id='word_1_58' title='bbox 578 594 627 634; x_wconf 87' lang='lat' dir='ltr'>de</span> <span class='ocrx_word' id='word_1_59' title='bbox 667 592 741 635; x_wconf 88' lang='lat' dir='ltr'>Cn.</span> <span class='ocrx_word' id='word_1_60' title='bbox 773 593 994 648; x_wconf 89' lang='lat' dir='ltr'>Pompeio,</span> <span class='ocrx_word' id='word_1_61' title='bbox 1031 595 1351 648; x_wconf 82' lang='lat' dir='ltr'>propugnatore</span> <span class='ocrx_word' id='word_1_62' title='bbox 1390 595 1434 633; x_wconf 87' lang='lat' dir='ltr'>et</span> 
     </span>
     <span class='ocr_line' id='line_1_10' title="bbox 93 651 1433 708; baseline -0.003 -12"><span class='ocrx_word' id='word_1_63' title='bbox 93 654 267 696; x_wconf 86' lang='lat' dir='ltr'>custode</span> <span class='ocrx_word' id='word_1_64' title='bbox 288 654 467 708; x_wconf 89' lang='lat' dir='ltr'>imperii,</span> <span class='ocrx_word' id='word_1_65' title='bbox 492 652 783 694; x_wconf 88' lang='lat' dir='ltr'>interficiendo</span> <span class='ocrx_word' id='word_1_66' title='bbox 805 652 983 694; x_wconf 90' lang='lat' dir='ltr'>consilia</span> <span class='ocrx_word' id='word_1_67' title='bbox 1001 651 1233 705; x_wconf 82' lang='lat' dir='ltr'>inibantur,</span> <span class='ocrx_word' id='word_1_68' title='bbox 1261 653 1433 693; x_wconf 88' lang='lat' dir='ltr'>senatus</span> 
     </span>
    </p>

    <p class='ocr_par' dir='ltr' id='par_1_4' title="bbox 41 710 1435 990">
     <span class='ocr_line' id='line_1_11' title="bbox 41 710 1433 767; baseline -0.003 -13"><span class='ocrx_word' id='word_1_69' title='bbox 41 722 74 748; x_wconf 84' lang='lat'>10</span> <span class='ocrx_word' id='word_1_70' title='bbox 92 727 144 754; x_wconf 87' lang='lat' dir='ltr'>ne</span> <span class='ocrx_word' id='word_1_71' title='bbox 177 712 277 767; x_wconf 87' lang='lat' dir='ltr'>quid</span> <span class='ocrx_word' id='word_1_72' title='bbox 310 715 433 766; x_wconf 86' lang='lat' dir='ltr'>esset,</span> <span class='ocrx_word' id='word_1_73' title='bbox 465 714 512 753; x_wconf 88' lang='lat' dir='ltr'>ut</span> <span class='ocrx_word' id='word_1_74' title='bbox 543 712 742 767; x_wconf 87' lang='lat' dir='ltr'>lugerent</span> <span class='ocrx_word' id='word_1_75' title='bbox 781 725 948 766; x_wconf 87' lang='lat' dir='ltr'>semper</span> <span class='ocrx_word' id='word_1_76' title='bbox 978 710 1097 764; x_wconf 90' lang='lat' dir='ltr'>boni,</span> <span class='ocrx_word' id='word_1_77' title='bbox 1129 713 1178 751; x_wconf 87' lang='lat' dir='ltr'>ut</span> <span class='ocrx_word' id='word_1_78' title='bbox 1209 712 1334 764; x_wconf 90' lang='lat' dir='ltr'>capta</span> <span class='ocrx_word' id='word_1_79' title='bbox 1366 724 1433 750; x_wconf 88' lang='lat' dir='ltr'>res</span> 
     </span>
     <span class='ocr_line' id='line_1_12' title="bbox 92 768 1435 826; baseline -0.003 -13"><span class='ocrx_word' id='word_1_80' title='bbox 92 772 265 826; x_wconf 88' lang='lat' dir='ltr'>publica</span> <span class='ocrx_word' id='word_1_81' title='bbox 309 771 531 813; x_wconf 89' lang='lat' dir='ltr'>consulum</span> <span class='ocrx_word' id='word_1_82' title='bbox 573 770 815 824; x_wconf 84' lang='lat' dir='ltr'>proditione</span> <span class='ocrx_word' id='word_1_83' title='bbox 858 771 908 811; x_wconf 58' lang='lat' dir='ltr'>vi‘</span> <span class='ocrx_word' id='word_1_84' title='bbox 937 768 1169 810; x_wconf 90' lang='lat' dir='ltr'>tribunicia</span> <span class='ocrx_word' id='word_1_85' title='bbox 1207 771 1435 810; x_wconf 85' lang='lat' dir='ltr'>teneretur.</span> 
     </span>
     <span class='ocr_line' id='line_1_13' title="bbox 92 828 1435 884; baseline -0.004 -12"><span class='ocrx_word' id='word_1_86' title='bbox 92 830 210 872; x_wconf 87' lang='lat' dir='ltr'>Haec</span> <span class='ocrx_word' id='word_1_87' title='bbox 254 845 349 872; x_wconf 90' lang='lat' dir='ltr'>cum</span> <span class='ocrx_word' id='word_1_88' title='bbox 393 832 459 872; x_wconf 87' lang='lat' dir='ltr'>tot</span> <span class='ocrx_word' id='word_1_89' title='bbox 502 832 709 883; x_wconf 85' lang='lat' dir='ltr'>tantaque</span> <span class='ocrx_word' id='word_1_90' title='bbox 748 831 995 884; x_wconf 78' lang='lat' dir='ltr'>agerentur,</span> <span class='ocrx_word' id='word_1_91' title='bbox 1038 843 1124 869; x_wconf 90' lang='lat' dir='ltr'>non</span> <span class='ocrx_word' id='word_1_92' title='bbox 1163 828 1316 868; x_wconf 90' lang='lat' dir='ltr'>mirum</span> <span class='ocrx_word' id='word_1_93' title='bbox 1358 830 1435 877; x_wconf 85' lang='lat' dir='ltr'>est,</span> 
     </span>
     <span class='ocr_line' id='line_1_14' title="bbox 92 886 1434 944; baseline -0.004 -13"><span class='ocrx_word' id='word_1_94' title='bbox 92 889 343 944; x_wconf 81' lang='lat' dir='ltr'>praesertim</span> <span class='ocrx_word' id='word_1_95' title='bbox 382 889 427 930; x_wconf 91' lang='lat' dir='ltr'>in</span> <span class='ocrx_word' id='word_1_96' title='bbox 466 888 607 930; x_wconf 87' lang='lat' dir='ltr'>furore</span> <span class='ocrx_word' id='word_1_97' title='bbox 646 887 778 928; x_wconf 88' lang='lat' dir='ltr'>animi</span> <span class='ocrx_word' id='word_1_98' title='bbox 811 890 853 929; x_wconf 88' lang='lat' dir='ltr'>et</span> <span class='ocrx_word' id='word_1_99' title='bbox 885 889 1108 941; x_wconf 80' lang='lat' dir='ltr'>caecitate,</span> <span class='ocrx_word' id='word_1_100' title='bbox 1147 887 1283 928; x_wconf 86' lang='lat' dir='ltr'>multa</span> <span class='ocrx_word' id='word_1_101' title='bbox 1313 886 1434 927; x_wconf 89' lang='lat' dir='ltr'>illum</span> 
     </span>
     <span class='ocr_line' id='line_1_15' title="bbox 93 947 454 990; baseline 0 0"><span class='ocrx_word' id='word_1_102' title='bbox 93 951 136 990; x_wconf 89' lang='lat' dir='ltr'>et</span> <span class='ocrx_word' id='word_1_103' title='bbox 166 951 209 989; x_wconf 89' lang='lat' dir='ltr'>te</span> <span class='ocrx_word' id='word_1_104' title='bbox 241 947 454 990; x_wconf 86' lang='lat' dir='ltr'>fefellisse.</span> 
     </span>
    </p>

    <p class='ocr_par' dir='ltr' id='par_1_5' title="bbox 40 1003 1506 1294">
     <span class='ocr_line' id='line_1_16' title="bbox 40 1003 1506 1061; baseline -0.002 -13"><span class='ocrx_word' id='word_1_105' title='bbox 40 1016 73 1041; x_wconf 79' lang='lat'>15</span> <span class='ocrx_word' id='word_1_106' title='bbox 181 1007 242 1047; x_wconf 90' lang='lat' dir='ltr'>At</span> <span class='ocrx_word' id='word_1_107' title='bbox 279 1006 436 1061; x_wconf 86' lang='lat' dir='ltr'>videte,</span> <span class='ocrx_word' id='word_1_108' title='bbox 475 1008 635 1060; x_wconf 84' lang='lat' dir='ltr'>quanta</span> <span class='ocrx_word' id='word_1_109' title='bbox 673 1005 729 1046; x_wconf 88' lang='lat' dir='ltr'>sit</span> <span class='ocrx_word' id='word_1_110' title='bbox 760 1005 825 1046; x_wconf 88' lang='lat' dir='ltr'>vis</span> <span class='ocrx_word' id='word_1_111' title='bbox 864 1005 990 1046; x_wconf 88' lang='lat' dir='ltr'>huius</span> <span class='ocrx_word' id='word_1_112' title='bbox 1022 1004 1218 1057; x_wconf 82' lang='lat' dir='ltr'>Papiriae</span> <span class='ocrx_word' id='word_1_113' title='bbox 1251 1003 1358 1058; x_wconf 91' lang='lat' dir='ltr'>legis</span> <span class='ocrx_word' id='word_1_114' title='bbox 1392 1004 1506 1045; x_wconf 84' lang='lat' dir='ltr'>inl30</span> 
     </span>
     <span class='ocr_line' id='line_1_17' title="bbox 93 1062 1437 1119; baseline -0.003 -13"><span class='ocrx_word' id='word_1_115' title='bbox 93 1080 139 1107; x_wconf 92' lang='lat' dir='ltr'>re</span> <span class='ocrx_word' id='word_1_116' title='bbox 167 1066 258 1119; x_wconf 84' lang='lat' dir='ltr'>tali,</span> <span class='ocrx_word' id='word_1_117' title='bbox 284 1079 370 1106; x_wconf 92' lang='lat' dir='ltr'>non</span> <span class='ocrx_word' id='word_1_118' title='bbox 397 1065 565 1119; x_wconf 90' lang='lat' dir='ltr'>qualem</span> <span class='ocrx_word' id='word_1_119' title='bbox 586 1068 634 1105; x_wconf 88' lang='lat' dir='ltr'>tu</span> <span class='ocrx_word' id='word_1_120' title='bbox 655 1064 795 1105; x_wconf 83' lang='lat' dir='ltr'>adfers</span> <span class='ocrx_word' id='word_1_121' title='bbox 817 1064 988 1105; x_wconf 86' lang='lat' dir='ltr'>sceleris</span> <span class='ocrx_word' id='word_1_122' title='bbox 1010 1064 1183 1117; x_wconf 85' lang='lat' dir='ltr'>plenam</span> <span class='ocrx_word' id='word_1_123' title='bbox 1205 1064 1247 1103; x_wconf 87' lang='lat' dir='ltr'>et</span> <span class='ocrx_word' id='word_1_124' title='bbox 1266 1062 1437 1103; x_wconf 86' lang='lat' dir='ltr'>furoris.</span> 
     </span>
     <span class='ocr_line' id='line_1_18' title="bbox 94 1121 1438 1178; baseline -0.004 -12"><span class='ocrx_word' id='word_1_125' title='bbox 94 1122 141 1173; x_wconf 83' lang='lat' dir='ltr'>Q.</span> <span class='ocrx_word' id='word_1_126' title='bbox 172 1123 355 1166; x_wconf 80' lang='lat' dir='ltr'>Marcius</span> <span class='ocrx_word' id='word_1_127' title='bbox 388 1138 536 1165; x_wconf 90' lang='lat' dir='ltr'>censor</span> <span class='ocrx_word' id='word_1_128' title='bbox 568 1124 740 1178; x_wconf 86' lang='lat' dir='ltr'>signum</span> <span class='ocrx_word' id='word_1_129' title='bbox 767 1121 1030 1164; x_wconf 82' lang='lat' dir='ltr'>Concordiae</span> <span class='ocrx_word' id='word_1_130' title='bbox 1056 1122 1216 1176; x_wconf 82' lang='lat' dir='ltr'>fecerat</span> <span class='ocrx_word' id='word_1_131' title='bbox 1241 1121 1366 1174; x_wconf 86' lang='lat' dir='ltr'>idque</span> <span class='ocrx_word' id='word_1_132' title='bbox 1394 1121 1438 1160; x_wconf 91' lang='lat' dir='ltr'>in</span> 
     </span>
     <span class='ocr_line' id='line_1_19' title="bbox 94 1179 1438 1237; baseline -0.004 -13"><span class='ocrx_word' id='word_1_133' title='bbox 94 1183 265 1237; x_wconf 88' lang='lat' dir='ltr'>publico</span> <span class='ocrx_word' id='word_1_134' title='bbox 311 1183 566 1224; x_wconf 86' lang='lat' dir='ltr'>conlocarat.</span> <span class='ocrx_word' id='word_1_135' title='bbox 633 1181 726 1223; x_wconf 89' lang='lat' dir='ltr'>Hoc</span> <span class='ocrx_word' id='word_1_136' title='bbox 774 1181 943 1236; x_wconf 90' lang='lat' dir='ltr'>signum</span> <span class='ocrx_word' id='word_1_137' title='bbox 991 1179 1035 1222; x_wconf 92' lang='lat' dir='ltr'>C.</span> <span class='ocrx_word' id='word_1_138' title='bbox 1069 1179 1242 1221; x_wconf 88' lang='lat' dir='ltr'>Cassius</span> <span class='ocrx_word' id='word_1_139' title='bbox 1289 1193 1438 1220; x_wconf 86' lang='lat' dir='ltr'>censor</span> 
     </span>
     <span class='ocr_line' id='line_1_20' title="bbox 94 1239 1437 1294; baseline -0.004 -11"><span class='ocrx_word' id='word_1_140' title='bbox 94 1256 189 1283; x_wconf 86' lang='lat' dir='ltr'>cum</span> <span class='ocrx_word' id='word_1_141' title='bbox 226 1242 271 1282; x_wconf 91' lang='lat' dir='ltr'>in</span> <span class='ocrx_word' id='word_1_142' title='bbox 312 1241 472 1283; x_wconf 86' lang='lat' dir='ltr'>curiam</span> <span class='ocrx_word' id='word_1_143' title='bbox 505 1240 817 1294; x_wconf 78' lang='lat' dir='ltr'>transtulisset,</span> <span class='ocrx_word' id='word_1_144' title='bbox 858 1239 1086 1293; x_wconf 84' lang='lat' dir='ltr'>collegium</span> <span class='ocrx_word' id='word_1_145' title='bbox 1119 1240 1310 1279; x_wconf 85' lang='lat' dir='ltr'>vestrum</span> <span class='ocrx_word' id='word_1_146' title='bbox 1344 1252 1437 1279; x_wconf 87' lang='lat' dir='ltr'>con-</span> 
     </span>
    </p>

    <p class='ocr_par' dir='ltr' id='par_1_6' title="bbox 44 1296 1504 1589">
     <span class='ocr_line' id='line_1_21' title="bbox 44 1296 1437 1353; baseline -0.004 -12"><span class='ocrx_word' id='word_1_147' title='bbox 44 1308 78 1334; x_wconf 77' lang='grc'>20</span> <span class='ocrx_word' id='word_1_148' title='bbox 98 1300 242 1353; x_wconf 86' lang='lat' dir='ltr'>suluit,</span> <span class='ocrx_word' id='word_1_149' title='bbox 269 1315 370 1341; x_wconf 91' lang='lat' dir='ltr'>num</span> <span class='ocrx_word' id='word_1_150' title='bbox 399 1299 500 1353; x_wconf 84' lang='lat' dir='ltr'>quid</span> <span class='ocrx_word' id='word_1_151' title='bbox 527 1313 618 1340; x_wconf 89' lang='lat' dir='ltr'>esse</span> <span class='ocrx_word' id='word_1_152' title='bbox 646 1313 797 1340; x_wconf 87' lang='lat' dir='ltr'>causae</span> <span class='ocrx_word' id='word_1_153' title='bbox 824 1298 1051 1349; x_wconf 86' lang='lat' dir='ltr'>videretur,</span> <span class='ocrx_word' id='word_1_154' title='bbox 1077 1297 1177 1350; x_wconf 91' lang='lat' dir='ltr'>quin</span> <span class='ocrx_word' id='word_1_155' title='bbox 1203 1296 1246 1336; x_wconf 88' lang='lat' dir='ltr'>id</span> <span class='ocrx_word' id='word_1_156' title='bbox 1268 1297 1437 1350; x_wconf 88' lang='lat' dir='ltr'>signum</span> 
     </span>
     <span class='ocr_line' id='line_1_22' title="bbox 95 1354 1504 1412; baseline -0.003 -12"><span class='ocrx_word' id='word_1_157' title='bbox 95 1358 340 1412; x_wconf 89' lang='lat' dir='ltr'>curiamque</span> <span class='ocrx_word' id='word_1_158' title='bbox 379 1357 641 1399; x_wconf 84' lang='lat' dir='ltr'>Concordiae</span> <span class='ocrx_word' id='word_1_159' title='bbox 680 1357 904 1398; x_wconf 85' lang='lat' dir='ltr'>dedicaret.</span> <span class='ocrx_word' id='word_1_160' title='bbox 973 1355 1159 1408; x_wconf 81' lang='lat' dir='ltr'>Quaeso,</span> <span class='ocrx_word' id='word_1_161' title='bbox 1204 1354 1504 1408; x_wconf 68' lang='lat' dir='ltr'>pontifices,4&#39;)l</span> 
     </span>
     <span class='ocr_line' id='line_1_23' title="bbox 98 1415 1438 1468; baseline -0.004 -10"><span class='ocrx_word' id='word_1_162' title='bbox 98 1420 140 1458; x_wconf 85' lang='lat' dir='ltr'>et</span> <span class='ocrx_word' id='word_1_163' title='bbox 177 1417 394 1458; x_wconf 88' lang='lat' dir='ltr'>hominem</span> <span class='ocrx_word' id='word_1_164' title='bbox 434 1431 527 1457; x_wconf 89' lang='lat' dir='ltr'>cum</span> <span class='ocrx_word' id='word_1_165' title='bbox 559 1415 731 1456; x_wconf 88' lang='lat' dir='ltr'>homine</span> <span class='ocrx_word' id='word_1_166' title='bbox 765 1418 807 1455; x_wconf 87' lang='lat' dir='ltr'>et</span> <span class='ocrx_word' id='word_1_167' title='bbox 838 1417 1007 1468; x_wconf 87' lang='lat' dir='ltr'>tempus</span> <span class='ocrx_word' id='word_1_168' title='bbox 1042 1428 1136 1455; x_wconf 88' lang='lat' dir='ltr'>cum</span> <span class='ocrx_word' id='word_1_169' title='bbox 1169 1416 1362 1466; x_wconf 83' lang='lat' dir='ltr'>tempore</span> <span class='ocrx_word' id='word_1_170' title='bbox 1396 1418 1438 1453; x_wconf 87' lang='lat' dir='ltr'>et</span> 
     </span>
     <span class='ocr_line' id='line_1_24' title="bbox 98 1471 1438 1529; baseline -0.004 -13"><span class='ocrx_word' id='word_1_171' title='bbox 98 1490 188 1517; x_wconf 86' lang='lat' dir='ltr'>rem</span> <span class='ocrx_word' id='word_1_172' title='bbox 222 1489 316 1517; x_wconf 88' lang='lat' dir='ltr'>cum</span> <span class='ocrx_word' id='word_1_173' title='bbox 348 1489 393 1515; x_wconf 90' lang='lat' dir='ltr'>re</span> <span class='ocrx_word' id='word_1_174' title='bbox 425 1477 682 1529; x_wconf 86' lang='lat' dir='ltr'>comparate.</span> <span class='ocrx_word' id='word_1_175' title='bbox 732 1473 809 1514; x_wconf 91' lang='lat' dir='ltr'>Ille</span> <span class='ocrx_word' id='word_1_176' title='bbox 843 1476 934 1514; x_wconf 88' lang='lat' dir='ltr'>erat</span> <span class='ocrx_word' id='word_1_177' title='bbox 967 1487 1131 1514; x_wconf 88' lang='lat' dir='ltr'>summa</span> <span class='ocrx_word' id='word_1_178' title='bbox 1158 1471 1369 1512; x_wconf 89' lang='lat' dir='ltr'>modestia</span> <span class='ocrx_word' id='word_1_179' title='bbox 1396 1474 1438 1511; x_wconf 88' lang='lat' dir='ltr'>et</span> 
     </span>
     <span class='ocr_line' id='line_1_25' title="bbox 97 1529 1438 1589; baseline -0.004 -14"><span class='ocrx_word' id='word_1_180' title='bbox 97 1534 309 1589; x_wconf 85' lang='lat' dir='ltr'>gravitate</span> <span class='ocrx_word' id='word_1_181' title='bbox 349 1547 515 1586; x_wconf 88' lang='lat' dir='ltr'>censor,</span> <span class='ocrx_word' id='word_1_182' title='bbox 553 1532 621 1574; x_wconf 88' lang='lat' dir='ltr'>hic</span> <span class='ocrx_word' id='word_1_183' title='bbox 659 1532 856 1573; x_wconf 88' lang='lat' dir='ltr'>tribunus</span> <span class='ocrx_word' id='word_1_184' title='bbox 894 1532 951 1586; x_wconf 86' lang='lat' dir='ltr'>pl.</span> <span class='ocrx_word' id='word_1_185' title='bbox 985 1531 1141 1572; x_wconf 88' lang='lat' dir='ltr'>scelere</span> <span class='ocrx_word' id='word_1_186' title='bbox 1181 1533 1223 1571; x_wconf 84' lang='lat' dir='ltr'>et</span> <span class='ocrx_word' id='word_1_187' title='bbox 1261 1529 1438 1570; x_wconf 86' lang='lat' dir='ltr'>audacia</span> 
     </span>
    </p>

    <p class='ocr_par' dir='ltr' id='par_1_7' title="bbox 44 1588 1508 1882">
     <span class='ocr_line' id='line_1_26' title="bbox 44 1588 1437 1647; baseline -0.004 -13"><span class='ocrx_word' id='word_1_188' title='bbox 44 1602 78 1627; x_wconf 84' lang='lat'>25</span> <span class='ocrx_word' id='word_1_189' title='bbox 99 1592 319 1647; x_wconf 86' lang='lat' dir='ltr'>singulari.</span> <span class='ocrx_word' id='word_1_190' title='bbox 375 1591 560 1646; x_wconf 87' lang='lat' dir='ltr'>Tempus</span> <span class='ocrx_word' id='word_1_191' title='bbox 593 1591 701 1632; x_wconf 89' lang='lat' dir='ltr'>illud</span> <span class='ocrx_word' id='word_1_192' title='bbox 733 1593 825 1632; x_wconf 86' lang='lat' dir='ltr'>erat</span> <span class='ocrx_word' id='word_1_193' title='bbox 857 1590 1137 1644; x_wconf 87' lang='lat' dir='ltr'>tranquillum</span> <span class='ocrx_word' id='word_1_194' title='bbox 1171 1591 1214 1629; x_wconf 88' lang='lat' dir='ltr'>et</span> <span class='ocrx_word' id='word_1_195' title='bbox 1244 1589 1287 1629; x_wconf 91' lang='lat' dir='ltr'>in</span> <span class='ocrx_word' id='word_1_196' title='bbox 1313 1588 1437 1628; x_wconf 88' lang='lat' dir='ltr'>liber-</span> 
     </span>
     <span class='ocr_line' id='line_1_27' title="bbox 97 1649 1438 1706; baseline -0.004 -14"><span class='ocrx_word' id='word_1_197' title='bbox 97 1654 186 1692; x_wconf 86' lang='lat' dir='ltr'>tate</span> <span class='ocrx_word' id='word_1_198' title='bbox 230 1650 379 1706; x_wconf 88' lang='lat' dir='ltr'>populi</span> <span class='ocrx_word' id='word_1_199' title='bbox 424 1653 466 1691; x_wconf 91' lang='lat' dir='ltr'>et</span> <span class='ocrx_word' id='word_1_200' title='bbox 504 1650 813 1705; x_wconf 88' lang='lat' dir='ltr'>gubernatione</span> <span class='ocrx_word' id='word_1_201' title='bbox 851 1650 1040 1702; x_wconf 85' lang='lat' dir='ltr'>positum</span> <span class='ocrx_word' id='word_1_202' title='bbox 1079 1649 1273 1700; x_wconf 88' lang='lat' dir='ltr'>senatus,</span> <span class='ocrx_word' id='word_1_203' title='bbox 1317 1649 1438 1687; x_wconf 89' lang='lat' dir='ltr'>tuum</span> 
     </span>
     <span class='ocr_line' id='line_1_28' title="bbox 95 1707 1437 1766; baseline -0.004 -15"><span class='ocrx_word' id='word_1_204' title='bbox 95 1724 223 1766; x_wconf 89' lang='lat' dir='ltr'>porro</span> <span class='ocrx_word' id='word_1_205' title='bbox 251 1712 419 1764; x_wconf 89' lang='lat' dir='ltr'>tempus</span> <span class='ocrx_word' id='word_1_206' title='bbox 440 1709 637 1749; x_wconf 83' lang='lat' dir='ltr'>libertate</span> <span class='ocrx_word' id='word_1_207' title='bbox 658 1708 807 1762; x_wconf 91' lang='lat' dir='ltr'>populi</span> <span class='ocrx_word' id='word_1_208' title='bbox 824 1707 1006 1748; x_wconf 84' lang='lat' dir='ltr'>Romani</span> <span class='ocrx_word' id='word_1_209' title='bbox 1028 1720 1243 1760; x_wconf 77' lang='lat' dir='ltr'>oppressa,</span> <span class='ocrx_word' id='word_1_210' title='bbox 1265 1708 1437 1746; x_wconf 88' lang='lat' dir='ltr'>senatus</span> 
     </span>
     <span class='ocr_line' id='line_1_29' title="bbox 97 1763 1508 1819; baseline -0.004 -10"><span class='ocrx_word' id='word_1_211' title='bbox 97 1768 352 1810; x_wconf 84' lang='lat' dir='ltr'>auctoritate</span> <span class='ocrx_word' id='word_1_212' title='bbox 380 1767 531 1808; x_wconf 84' lang='lat' dir='ltr'>deleta.</span> <span class='ocrx_word' id='word_1_213' title='bbox 570 1766 653 1807; x_wconf 84' lang='lat' dir='ltr'>Res</span> <span class='ocrx_word' id='word_1_214' title='bbox 674 1767 748 1807; x_wconf 86' lang='lat' dir='ltr'>illa</span> <span class='ocrx_word' id='word_1_215' title='bbox 767 1766 892 1819; x_wconf 89' lang='lat' dir='ltr'>plena</span> <span class='ocrx_word' id='word_1_216' title='bbox 911 1766 1116 1816; x_wconf 84' lang='lat' dir='ltr'>iustitiae,</span> <span class='ocrx_word' id='word_1_217' title='bbox 1143 1763 1508 1818; x_wconf 84' lang='lat' dir='ltr'>sapientiae,(131)</span> 
     </span>
     <span class='ocr_line' id='line_1_30' title="bbox 99 1822 1491 1882; baseline -0.004 -14"><span class='ocrx_word' id='word_1_218' title='bbox 99 1827 325 1882; x_wconf 83' lang='lat' dir='ltr'>dignitatis</span> <span class='ocrx_word' id='word_1_219' title='bbox 367 1824 536 1882; x_wconf 82' lang='lat' dir='ltr'>(censor</span> <span class='ocrx_word' id='word_1_220' title='bbox 575 1825 705 1877; x_wconf 87' lang='lat' dir='ltr'>enim,</span> <span class='ocrx_word' id='word_1_221' title='bbox 743 1838 872 1879; x_wconf 89' lang='lat' dir='ltr'>penes</span> <span class='ocrx_word' id='word_1_222' title='bbox 911 1838 1035 1878; x_wconf 90' lang='lat' dir='ltr'>quem</span> <span class='ocrx_word' id='word_1_223' title='bbox 1074 1823 1256 1864; x_wconf 88' lang='lat' dir='ltr'>maiores</span> <span class='ocrx_word' id='word_1_224' title='bbox 1288 1822 1438 1873; x_wconf 70' lang='lat' dir='ltr'>nostri,</span> <span class='ocrx_word' id='word_1_225' title='bbox 1488 1860 1491 1863; x_wconf 82' lang='lat'>.</span> 
     </span>
    </p>

    <p class='ocr_par' dir='ltr' id='par_1_8' title="bbox 44 1881 1507 2166">
     <span class='ocr_line' id='line_1_31' title="bbox 44 1881 1438 1940; baseline -0.005 -13"><span class='ocrx_word' id='word_1_226' title='bbox 44 1895 78 1920; x_wconf 74' lang='lat'>30</span> <span class='ocrx_word' id='word_1_227' title='bbox 97 1884 140 1926; x_wconf 87' lang='lat' dir='ltr'>id</span> <span class='ocrx_word' id='word_1_228' title='bbox 184 1885 295 1940; x_wconf 89' lang='lat' dir='ltr'>quod</span> <span class='ocrx_word' id='word_1_229' title='bbox 331 1888 379 1925; x_wconf 84' lang='lat' dir='ltr'>tu</span> <span class='ocrx_word' id='word_1_230' title='bbox 417 1884 649 1933; x_wconf 85' lang='lat' dir='ltr'>sustulisti,</span> <span class='ocrx_word' id='word_1_231' title='bbox 693 1883 894 1924; x_wconf 89' lang='lat' dir='ltr'>iudicium</span> <span class='ocrx_word' id='word_1_232' title='bbox 933 1882 1172 1923; x_wconf 87' lang='lat' dir='ltr'>senatoriae</span> <span class='ocrx_word' id='word_1_233' title='bbox 1215 1881 1438 1935; x_wconf 79' lang='lat' dir='ltr'>dignitatis</span> 
     </span>
     <span class='ocr_line' id='line_1_32' title="bbox 99 1939 1439 1996; baseline -0.005 -11"><span class='ocrx_word' id='word_1_234' title='bbox 99 1957 190 1984; x_wconf 82' lang='lat' dir='ltr'>esse</span> <span class='ocrx_word' id='word_1_235' title='bbox 228 1944 475 1996; x_wconf 89' lang='lat' dir='ltr'>voluerunt,</span> <span class='ocrx_word' id='word_1_236' title='bbox 514 1941 776 1984; x_wconf 83' lang='lat' dir='ltr'>Concordiae</span> <span class='ocrx_word' id='word_1_237' title='bbox 817 1942 987 1996; x_wconf 87' lang='lat' dir='ltr'>signum</span> <span class='ocrx_word' id='word_1_238' title='bbox 1025 1940 1200 1981; x_wconf 83' lang='lat' dir='ltr'>volebat</span> <span class='ocrx_word' id='word_1_239' title='bbox 1239 1939 1283 1979; x_wconf 91' lang='lat' dir='ltr'>in</span> <span class='ocrx_word' id='word_1_240' title='bbox 1322 1939 1439 1980; x_wconf 84' lang='lat' dir='ltr'>curia</span> 
     </span>
     <span class='ocr_line' id='line_1_33' title="bbox 98 1998 1507 2056; baseline -0.003 -13"><span class='ocrx_word' id='word_1_241' title='bbox 98 2002 341 2056; x_wconf 88' lang='lat' dir='ltr'>curiamque</span> <span class='ocrx_word' id='word_1_242' title='bbox 374 2002 412 2043; x_wconf 92' lang='lat' dir='ltr'>ei</span> <span class='ocrx_word' id='word_1_243' title='bbox 444 2001 545 2042; x_wconf 87' lang='lat' dir='ltr'>deae</span> <span class='ocrx_word' id='word_1_244' title='bbox 578 1998 804 2054; x_wconf 87' lang='lat' dir='ltr'>dedicare),</span> <span class='ocrx_word' id='word_1_245' title='bbox 829 2000 1047 2054; x_wconf 85' lang='lat' dir='ltr'>praeclara</span> <span class='ocrx_word' id='word_1_246' title='bbox 1078 1999 1277 2040; x_wconf 88' lang='lat' dir='ltr'>voluntas</span> <span class='ocrx_word' id='word_1_247' title='bbox 1311 2000 1507 2050; x_wconf 83' lang='lat' dir='ltr'>atque131</span> 
     </span>
     <span class='ocr_line' id='line_1_34' title="bbox 99 2055 1440 2115; baseline -0.004 -14"><span class='ocrx_word' id='word_1_248' title='bbox 99 2061 214 2102; x_wconf 92' lang='lat' dir='ltr'>omni</span> <span class='ocrx_word' id='word_1_249' title='bbox 246 2060 370 2101; x_wconf 88' lang='lat' dir='ltr'>laude</span> <span class='ocrx_word' id='word_1_250' title='bbox 402 2060 551 2115; x_wconf 82' lang='lat' dir='ltr'>digna3</span> <span class='ocrx_word' id='word_1_251' title='bbox 590 2059 880 2112; x_wconf 83' lang='lat' dir='ltr'>praescribere</span> <span class='ocrx_word' id='word_1_252' title='bbox 913 2057 1025 2098; x_wconf 90' lang='lat' dir='ltr'>enim</span> <span class='ocrx_word' id='word_1_253' title='bbox 1057 2071 1102 2099; x_wconf 90' lang='lat' dir='ltr'>se</span> <span class='ocrx_word' id='word_1_254' title='bbox 1135 2055 1440 2108; x_wconf 83' lang='lat' dir='ltr'>arbitrabatur,</span> 
     </span>
     <span class='ocr_line' id='line_1_35' title="bbox 99 2114 1439 2166; baseline -0.005 -6"><span class='ocrx_word' id='word_1_255' title='bbox 99 2122 146 2159; x_wconf 90' lang='lat' dir='ltr'>ut</span> <span class='ocrx_word' id='word_1_256' title='bbox 184 2119 273 2160; x_wconf 87' lang='lat' dir='ltr'>sine</span> <span class='ocrx_word' id='word_1_257' title='bbox 313 2118 466 2159; x_wconf 87' lang='lat' dir='ltr'>studiis</span> <span class='ocrx_word' id='word_1_258' title='bbox 507 2117 784 2159; x_wconf 83' lang='lat' dir='ltr'>dissensionis</span> <span class='ocrx_word' id='word_1_259' title='bbox 825 2116 1061 2157; x_wconf 89' lang='lat' dir='ltr'>sententiae</span> <span class='ocrx_word' id='word_1_260' title='bbox 1100 2115 1357 2166; x_wconf 85' lang='lat' dir='ltr'>dicerentur,</span> <span class='ocrx_word' id='word_1_261' title='bbox 1403 2114 1439 2154; x_wconf 87' lang='lat' dir='ltr'>si</span> 
     </span>
    </p>

    <p class='ocr_par' dir='ltr' id='par_1_9' title="bbox 47 2172 1440 2346">
     <span class='ocr_line' id='line_1_36' title="bbox 47 2172 1438 2230; baseline -0.005 -12"><span class='ocrx_word' id='word_1_262' title='bbox 47 2187 80 2213; x_wconf 84' lang='grc'>35</span> <span class='ocrx_word' id='word_1_263' title='bbox 101 2177 242 2218; x_wconf 88' lang='lat' dir='ltr'>sedem</span> <span class='ocrx_word' id='word_1_264' title='bbox 286 2177 425 2229; x_wconf 89' lang='lat' dir='ltr'>ipsam</span> <span class='ocrx_word' id='word_1_265' title='bbox 470 2191 517 2218; x_wconf 91' lang='lat' dir='ltr'>ac</span> <span class='ocrx_word' id='word_1_266' title='bbox 562 2176 773 2230; x_wconf 87' lang='lat' dir='ltr'>templum</span> <span class='ocrx_word' id='word_1_267' title='bbox 817 2174 976 2229; x_wconf 90' lang='lat' dir='ltr'>publici</span> <span class='ocrx_word' id='word_1_268' title='bbox 1020 2173 1187 2216; x_wconf 87' lang='lat' dir='ltr'>consilii</span> <span class='ocrx_word' id='word_1_269' title='bbox 1231 2172 1438 2226; x_wconf 88' lang='lat' dir='ltr'>religione</span> 
     </span>
     <span class='ocr_line' id='line_1_37' title="bbox 102 2232 1440 2284; baseline -0.005 -8"><span class='ocrx_word' id='word_1_270' title='bbox 102 2234 362 2277; x_wconf 87' lang='lat' dir='ltr'>Concordiae</span> <span class='ocrx_word' id='word_1_271' title='bbox 407 2234 676 2276; x_wconf 81' lang='lat' dir='ltr'>devinxisset.</span> <span class='ocrx_word' id='word_1_272' title='bbox 749 2233 813 2274; x_wconf 92' lang='lat' dir='ltr'>Tu</span> <span class='ocrx_word' id='word_1_273' title='bbox 858 2248 952 2275; x_wconf 90' lang='lat' dir='ltr'>cum</span> <span class='ocrx_word' id='word_1_274' title='bbox 995 2232 1127 2284; x_wconf 88' lang='lat' dir='ltr'>ferro,</span> <span class='ocrx_word' id='word_1_275' title='bbox 1172 2244 1266 2272; x_wconf 90' lang='lat' dir='ltr'>cum</span> <span class='ocrx_word' id='word_1_276' title='bbox 1311 2232 1440 2282; x_wconf 88' lang='lat' dir='ltr'>metu,</span> 
     </span>
     <span class='ocr_line' id='line_1_38' title="bbox 102 2287 1438 2346; baseline -0.005 -12"><span class='ocrx_word' id='word_1_277' title='bbox 102 2308 195 2335; x_wconf 89' lang='lat' dir='ltr'>cum</span> <span class='ocrx_word' id='word_1_278' title='bbox 230 2292 397 2346; x_wconf 87' lang='lat' dir='ltr'>edictis,</span> <span class='ocrx_word' id='word_1_279' title='bbox 436 2307 529 2334; x_wconf 90' lang='lat' dir='ltr'>cum</span> <span class='ocrx_word' id='word_1_280' title='bbox 562 2292 819 2346; x_wconf 88' lang='lat' dir='ltr'>privilegiis,</span> <span class='ocrx_word' id='word_1_281' title='bbox 851 2306 943 2333; x_wconf 90' lang='lat' dir='ltr'>cum</span> <span class='ocrx_word' id='word_1_282' title='bbox 977 2289 1272 2345; x_wconf 84' lang='lat' dir='ltr'>praesentibus</span> <span class='ocrx_word' id='word_1_283' title='bbox 1305 2287 1438 2341; x_wconf 91' lang='lat' dir='ltr'>copiis</span> 
     </span>
    </p>
   </div>
  </div>
 </body>
</html>
