1619 2542
514 94 614 130 CAP.
641 99 779 130 27—29
807 99 826 138 g
854 99 1002 130 15-51.
1377 95 1434 136 65

92 206 174 248 quo
207 206 258 233 ex
290 191 383 234 1060
417 191 628 233 deiectum
667 206 758 234 esse
791 191 1036 246 Caecinam,
1077 191 1113 233 is
1147 192 1350 247 quoniam
1390 206 1435 232 se

91 250 334 292 restituisse
366 250 484 303 dixit,
515 265 687 292 necesse
719 253 785 292 est
816 251 926 292 male
957 250 1106 292 fecerit
1133 249 1434 305 sponsionem.2

93 308 203 358 Quid
231 311 308 360 est,
334 308 463 351 Piso?
492 309 636 364 placet
661 309 742 350 tibi
767 324 845 351 nos
872 323 1065 364 pugnare
1091 310 1263 351 verbis?
1295 310 1436 364 placet
1462 319 1504 349 81

94 382 268 409 causam
293 368 396 408 iuris
430 370 472 408 et
499 368 730 422 aequitatis
764 371 806 409 et
830 383 917 409 non
940 371 1113 409 nostrae
1139 368 1438 423 possessionis,

58 439 75 464 5
96 426 170 467 sed
190 427 363 468 omnino
385 428 705 480 possessionum
726 427 918 468 omnium
937 427 1197 468 constituere
1216 427 1262 468 in
1274 426 1437 469 verbo?

94 485 202 541 Ego,
229 484 329 538 quid
357 485 464 525 mihi
488 485 717 539 videretur,
744 485 845 539 quid
872 501 895 526 a
920 486 1155 527 maioribus
1179 486 1438 540 factitatum,

99 543 199 598 quid
236 543 391 585 horum
433 544 708 598 auctoritate,
751 545 905 598 quibus
942 544 1214 586 iudicandum
1254 548 1336 599 est,
1380 544 1439 585 di-

95 617 226 656 gnum
252 606 377 657 esset,
404 602 588 656 ostendi,
613 603 656 644 id
682 617 842 651 verum,
869 603 911 644 id
938 617 1134 658 aequum,
1163 603 1206 644 id
1225 604 1330 644 utile
1351 617 1438 644 om-

94 661 220 702 nibus
248 675 339 702 esse
367 662 562 715 spectari,
595 676 677 716 quo
705 661 883 703 consilio
918 664 959 702 et
986 677 1069 716 qua
1096 662 1321 715 sententia,
1351 676 1440 703 11011

0 721 2 750 1
43 732 76 757 10
97 719 251 774 quibus
291 719 473 774 quidque
510 720 653 761 verbis
693 723 806 761 esset
844 722 998 762 actum.
1069 720 1133 762 Tu
1164 735 1231 762 me
1264 720 1317 762 ad
1347 735 1439 762 ver-

95 779 197 819 bum
229 792 372 833 vocas3
404 793 491 820 non
523 781 623 820 ante
655 779 842 833 veniam,
884 794 1011 833 quam
1044 794 1253 821 recusaro.
1314 778 1439 834 Nego

96 839 312 891 oportere,
350 851 462 892 nego
496 838 681 891 optineri
712 852 856 891 posse,
893 852 1005 892 nego
1038 838 1172 879 ullam
1210 853 1300 879 rem
1336 853 1439 892 esse,

97 910 203 950 quae
243 898 318 937 aut
352 896 597 951 comprendi
629 897 735 938 satis
774 900 849 938 aut
880 896 1019 937 caveri
1057 900 1130 938 aut
1169 897 1305 952 excipi
1344 911 1439 951 pos-

98 954 167 1008 sit,
200 954 235 995 si
268 957 342 995 aut
367 955 600 1009 praeterito
634 956 777 1009 aliquo
804 955 934 997 verbo
962 958 1036 996 aut
1068 955 1269 1011 ambigue
1294 956 1439 1010 posito

45 1025 78 1050 15
98 1028 142 1054 re
176 1016 218 1053 et
251 1013 466 1055 sententia
498 1014 672 1068 cognita
702 1028 788 1055 non
819 1014 873 1068 id,
906 1014 1020 1068 quod
1051 1014 1333 1070 intellegitur,
1365 1014 1440 1055 sed

97 1071 151 1126 id,
184 1072 297 1125 quod
329 1072 494 1126 dicitur,
525 1073 700 1114 valebit.

183 1129 394 1178 Quoniam
439 1131 544 1173 satis
589 1132 800 1185 recusavi,
847 1132 972 1174 venio
1016 1131 1121 1185 iam,
1172 1146 1254 1186 quo
1299 1146 1438 1173 10635.
1453 1115 1510 1198 283

96 1188 262 1237 Quaero
307 1190 384 1231 abs
427 1192 489 1245 te,
534 1190 668 1232 simne
713 1191 919 1245 deiectus,
962 1204 1049 1232 non
1092 1190 1142 1231 de
1186 1190 1438 1232 Fulciniano

95 1247 243 1302 fundo,
281 1262 418 1302 neque
457 1249 569 1290 enim
608 1252 801 1304 praetor,
839 1249 897 1290 tsi
929 1264 985 1290 ex
1017 1263 1071 1290 eo
1103 1249 1260 1290 fu'ndo
1300 1264 1439 1290 essem

43 1318 77 1343 20
99 1306 312 1361 deiectus’,
345 1307 407 1348 ita
439 1322 507 1349 me
539 1308 711 1349 restitui
741 1308 879 1362 iussit,
915 1307 988 1349 sed
1021 1308 1110 1361 ς60,
1141 1308 1269 1349 1111(16
1308 1307 1439 1349 (16166-

96 1368 165 1406 1115
204 1365 368 1407 essem’.
441 1364 543 1407 Sum
582 1381 632 1408 ex
669 1367 863 1421 proximo
901 1366 1031 1408 vicini
1069 1366 1199 1407 fundo
1238 1366 1439 1420 deiectus,

97 1438 180 1477 qua
212 1424 383 1466 adibam
416 1424 469 1466 ad
500 1425 632 1466 istum
658 1426 848 1479 fundum,
881 1439 975 1466 sum
1009 1425 1058 1465 de
1090 1424 1173 1478 via,
1206 1439 1298 1466 sum
1326 1428 1438 1466 certe

99 1482 310 1536 alicunde,
349 1483 436 1524 sive
469 1483 518 1524 de
551 1484 719 1536 privato
752 1484 841 1524 sive
874 1483 924 1524 de
955 1483 1146 1538 publico3
1185 1497 1234 1524 eo
1267 1482 1440 1524 restitui

99 1555 193 1581 sum
224 1541 377 1583 iussus.
434 1541 691 1583 Restituisse
722 1544 765 1582 te
792 1542 915 1594 dixti3
947 1555 1058 1596 nego
1092 1555 1159 1582 me
1191 1555 1242 1582 ex
1269 1541 1436 1582 decreto

45 1610 78 1635 25
100 1599 309 1652 praetoris
353 1600 601 1641 restitutum
646 1614 750 1641 esse.
830 1600 938 1648 Quid
983 1600 1035 1640 ad
1079 1599 1184 1640 haec
1230 1599 1437 1641 dicimus?

97 1657 187 1698 Aut
218 1660 312 1712 tuo,
350 1672 474 1713 quem
508 1658 560 1699 ad
592 1658 765 1699 modum
797 1658 967 1711 dicitur,
1006 1657 1148 1712 gladio
1182 1661 1257 1699 aut
1287 1661 1436 1699 nostro

99 1716 287 1758 defensio
320 1719 395 1758 tua
427 1717 675 1758 conficiatur
712 1731 883 1758 11666556
915 1719 992 1758 est.
1054 1715 1099 1757 Si
1136 1715 1190 1758 ad
1221 1717 1437 1758 interdicti
1463 1726 1507 1757 83

99 1775 356 1816 sententiam
392 1775 587 1830 confugis
621 1778 675 1829 et,
708 1775 757 1816 de
790 1790 872 1829 quo
903 1774 1034 1816 fundo
1067 1777 1211 1816 actum
1242 1776 1300 1816 sit
1332 1778 1438 1830 tum,

99 1847 194 1874 cum
237 1833 448 1875 Aebutius
498 1834 724 1875 restituere
770 1834 1015 1887 iubebatur,
1063 1833 1107 1874 id
1150 1834 1438 1888 quaerendum

45 1902 80 1928 30
99 1905 190 1933 esse
224 1891 327 1934 dicis
353 1907 490 1947 neque
523 1893 782 1947 aequitatem
815 1892 876 1933 rei
901 1892 1020 1933 verbi
1052 1892 1204 1946 laqueo
1238 1892 1333 1946 capi
1362 1908 1437 1947 pu-

97 1953 166 1991 tas
205 1954 420 2005 oportere,
463 1952 507 1992 in
544 1951 650 1992 meis
690 1950 842 1992 castris
886 1950 1194 2005 praesidiisque
1231 1951 1435 2005 versaris3

98 2023 210 2061 mea,
248 2024 343 2051 mea
382 2012 447 2051 est
485 2010 571 2051 ista
609 2009 815 2063 defensio,
857 2023 936 2065 ego
973 2009 1054 2051 1106
1091 2009 1318 2062 vociferor,
1355 2024 1436 2065 ego

100 2081 246 2108 omnes
278 2067 472 2109 homines
505 2069 688 2122 deosque
719 2071 873 2121 testor,
909 2082 1003 2109 cum
1035 2068 1219 2110 maiores
1250 2068 1337 2109 vim
1370 2083 1437 2109 ar·

101 2127 260 2166 matam
292 2126 412 2167 nulla
442 2126 547 2168 iuris
581 2126 825 2168 defensione
856 2126 1058 2180 texerint,
1088 2141 1175 2168 non
1206 2125 1437 2180 vestigium

46 2193 80 2219 35
102 2183 204 2237 eius,
236 2184 307 2237 qui
339 2185 525 2226 deiectus
558 2186 626 2237 sit,
659 2185 731 2226 sed
762 2185 923 2227 factum
953 2185 1090 2238 illius,
1122 2185 1194 2239 qui
1226 2184 1437 2235 deiecerit,

99 2241 144 2282 in
169 2242 371 2284 iudicium
397 2243 559 2298 venire,
592 2243 800 2285 deiectum
828 2257 931 2295 esse,
958 2244 1029 2298 qui
1053 2243 1230 2297 fugatus
1256 2242 1323 2296 sit,
1348 2242 1437 2284 vim

99 2313 191 2341 6556
223 2300 398 2356 factam,
429 2303 495 2344 cui
528 2302 765 2357 periculum
803 2302 955 2343 mortis
998 2302 1054 2343 sit
1084 2301 1299 2343 iniectum.
1361 2299 1436 2342 Sin
1461 2312 1509 2346 84
1539 2316 1542 2317 ’

166 2374 237 2401 616.
256 2376 295 2401 11.
315 2377 339 2401 2.
1196 2373 1217 2403 5
