1619 2542
178 99 234 139 98
448 97 512 133 DE
538 97 741 134 IMPERIO
771 98 844 135 CN.
858 97 1042 134 POMPEI
1067 97 1256 134 ORATIO.

179 193 500 236 condicionibus
549 194 894 249 proficiscantur,
942 195 1149 250 ignorant
1191 194 1390 236 videlicet
1431 194 1519 248 isti,

180 251 253 306 qui
290 252 343 294 ad
380 267 512 294 unum
553 253 780 294 deferenda
818 252 962 294 omnia
999 267 1091 294 esse
1122 267 1210 294 non
1242 253 1517 295 arbitrantur.

179 309 311 360 Quasi
348 326 449 353 vero
490 310 562 352 Cn.
601 311 853 365 Pompeium
889 326 976 353 non
1014 326 1110 353 cum
1149 312 1236 352 suis
1275 311 1518 366 virtutibus,

178 372 271 410 tum
334 371 462 411 etiam
519 369 671 411 alienis
720 369 838 411 vitiis
893 384 1098 425 magnum
1148 384 1239 411 esse
1288 369 1517 412 videamus.

108 438 152 470 68
180 427 319 476 Quare
357 429 491 470 nolite
526 428 742 481 dubitare,
780 429 883 482 quin
913 428 1012 469 huic
1042 428 1116 470 uni
1148 428 1330 470 credatis
1363 428 1518 482 omnia,
1537 439 1554 466 5

181 486 253 541 qui
292 486 404 528 inter
435 489 502 528 tot
533 501 667 528 annos
699 502 808 528 unus
839 486 1036 529 inventus
1070 487 1143 539 sit,
1182 502 1307 541 quem
1339 487 1443 528 socii
1473 487 1519 528 in

179 545 306 586 urbes
340 560 438 586 suas
472 560 568 587 cum
600 546 788 587 exercitu
819 546 984 587 venisse
1018 546 1244 601 gaudeant.

269 602 431 651 Quodsi
464 604 793 646 auctoritatibus
824 604 934 646 hane
966 619 1159 657 causam,
1191 604 1390 658 Quirites,
1422 618 1518 646 con-

178 662 434 704 firmandam
466 662 640 717 putatis,
673 666 738 704 est
768 663 889 704 vobis
921 653 1070 704 auctor
1100 662 1165 704 vir
1194 662 1404 705 bellorum
1431 677 1520 704 om-

180 721 299 762 nium
332 721 699 776 maximarumque
730 736 872 762 rerum
904 721 1206 776 peritissimus,
1236 720 1281 762 P.
1302 720 1518 773 Servilius,
1538 732 1572 758 ιο

181 779 299 822 euius
338 783 486 821 tantae
524 794 591 821 res
626 782 772 835 gestae
804 782 920 821 terra
952 780 1143 835 marique
1176 779 1423 834 extiterunt,
1459 782 1519 834 ut,

180 852 277 880 cum
324 839 374 879 de
411 838 526 880 bello
565 838 826 891 deliberetis,
871 841 1019 880 auctor
1055 838 1177 880 vobis
1219 838 1390 894 gravior
1427 853 1519 880 esse

179 911 305 938 nemo
339 897 508 951 debeat3
548 899 612 939 est
645 896 689 938 O.
722 896 868 947 Curio,
907 898 1084 939 summis
1115 897 1272 939 vestris
1302 896 1518 938 beneficiis

180 955 461 1009 maximisque
493 956 620 997 rebus
653 956 801 1010 gestis,
833 970 999 998 summo
1026 955 1198 1011 ingenio
1226 958 1269 997 et
1293 955 1519 1011 prudentia

179 1014 418 1069 praeditus,
456 1017 521 1055 est
560 1013 634 1056 Cn.
666 1013 890 1067 Lentulus,
926 1014 970 1056 in
1008 1029 1091 1069 quo
1129 1028 1275 1056 omnes
1312 1028 1391 1069 pro
1433 1028 1517 1055 am-
1538 1024 1571 1051 15

180 1072 387 1126 plissimis
420 1072 575 1114 vestris
612 1073 847 1114 honoribus
880 1088 1092 1114 summum
1124 1072 1369 1127 consilium,
1406 1087 1517 1114 sum-

180 1146 295 1172 mam
334 1131 591 1185 gravitatem
624 1145 715 1172 esse
747 1131 1028 1187 cognovistis,
1067 1134 1132 1172 est
1165 1130 1208 1173 C.
1241 1129 1427 1183 Cassius,
1457 1130 1519 1171 in-

180 1190 396 1244 tegritate,
428 1190 606 1241 virtute,
639 1190 881 1231 constantia
913 1190 1132 1245 singulari.
1194 1188 1335 1237 Quare
1365 1189 1518 1242 videte,

180 1247 334 1289 horum
368 1248 697 1289 auctoritatibus
723 1249 897 1289 illorum
923 1248 1118 1302 orationi,
1151 1248 1224 1302 qui
1249 1247 1518 1301 dissentiunt,

111 1337 168 1378 94
181 1306 489 1361 responderene
519 1321 645 1361 posse
676 1307 908 1348 videamur.
1536 1318 1571 1343 2⁰

110 1366 153 1420 39
271 1364 387 1413 Quae
420 1380 515 1406 cum
546 1365 608 1406 ita
640 1365 738 1419 sint,
770 1364 814 1407 C.
832 1365 995 1420 Manili,
1026 1365 1212 1421 primum
1242 1364 1372 1406 istam
1397 1367 1517 1406 tuam

181 1426 223 1465 et
255 1424 397 1477 legem
430 1427 472 1465 et
497 1424 766 1465 voluntatem
793 1426 836 1465 et
862 1425 1118 1466 sententiam
1144 1424 1270 1465 laudo
1296 1423 1517 1465 vehemen-

179 1483 431 1536 tissimeque
475 1483 725 1537 comprobo3
769 1483 917 1524 deinde
960 1486 1003 1524 te
1047 1484 1216 1536 hortor,
1258 1484 1306 1523 ut
1345 1484 1518 1524 auctore

179 1541 340 1596 populo
375 1541 566 1582 Romano
605 1555 779 1583 maneas
810 1541 856 1582 in
887 1542 1100 1583 sententia
1130 1555 1235 1583 neve
1267 1540 1516 1594 cuiusquam

179 1600 266 1640 vim
300 1603 372 1641 aut
403 1600 540 1641 minas
574 1600 861 1653 pertimescas.
910 1600 1103 1641 Primum
1133 1601 1178 1640 in
1208 1602 1252 1641 te
1284 1599 1390 1640 satis
1422 1612 1514 1640 esse
1534 1607 1567 1633 2⁵

181 1658 314 1699 animi
344 1658 771 1713 perseverantiaeque
804 1659 1005 1712 arbitror-3
1038 1659 1198 1711 deinde,
1231 1673 1326 1699 cum
1350 1659 1516 1698 tantam

181 1716 503 1757 multitudinem
559 1731 654 1758 cum
709 1719 832 1758 tanto
889 1717 1030 1758 studio
1087 1717 1235 1758 adesse
1283 1716 1515 1768 videamus,

182 1777 386 1828 quantam
423 1775 579 1816 iterum
617 1790 729 1816 nunc
768 1775 813 1816 in
851 1776 998 1817 eodem
1028 1776 1201 1817 homine
1231 1773 1514 1829 praeficiendo

180 1833 390 1886 videmus,
431 1833 531 1887 quid
565 1836 646 1887 est,
679 1834 791 1888 quod
823 1836 896 1875 aut
928 1834 976 1875 de
1008 1848 1053 1875 re
1086 1836 1159 1875 aut
1190 1833 1240 1873 de
1271 1831 1515 1886 perficiendi

180 1891 386 1932 facultate
419 1892 691 1933 dubitemus?
735 1893 830 1947 Ego
863 1895 1018 1945 autem,
1051 1891 1250 1946 quicquid
1283 1892 1348 1931 est
1377 1890 1423 1930 in
1447 1904 1514 1930 me
1533 1901 1568 1927 30

181 1949 323 2002 studii,
355 1950 533 2002 consilii,
563 1950 738 2003 laboris,
770 1951 942 2006 ingenii,
974 1949 1173 2004 quicquid
1204 1949 1284 1990 hoc
1310 1948 1513 1990 beneficio

179 2008 330 2063 populi
354 2008 537 2048 Romani
564 2012 691 2062 atque
716 2009 797 2050 hac
822 2011 1036 2063 potestate
1060 2006 1289 2062 praetoria,
1315 2007 1514 2062 quicquid

182 2065 449 2118 auctoritate,
480 2066 573 2119 fide,
605 2067 849 2108 constantia
878 2081 1067 2122 possum,
1096 2065 1139 2107 id
1171 2080 1294 2107 omne
1326 2066 1378 2106 ad
1402 2065 1513 2106 hanc

180 2139 270 2165 rem
303 2124 606 2166 conficiendam
638 2125 720 2165 tibi
752 2127 794 2165 et
825 2125 982 2179 populo
1009 2124 1203 2165 Romano
1235 2124 1440 2178 polliceor
1465 2138 1513 2165 ao

110 2193 154 2223 70
182 2183 324 2224 defero
356 2184 578 2236 testorque
605 2197 751 2224 omnes
779 2183 890 2236 deos,
923 2185 964 2223 et
991 2197 1062 2224 eos
1089 2182 1285 2235 maxime,
1317 2182 1390 2236 qui
1413 2181 1512 2223 huic
1531 2191 1565 2218 35

181 2241 274 2282 loco
300 2241 547 2295 temploque
574 2241 830 2294 praesident,
856 2241 927 2295 qui
955 2241 1145 2282 omnium
1171 2244 1333 2282 mentes
1354 2254 1512 2292 eorum,

182 2300 254 2354 qui
286 2299 340 2341 ad
370 2314 459 2340 rem
490 2298 706 2354 publicam
734 2299 901 2353 adeunt,
933 2298 1114 2340 maxime
1140 2299 1413 2355 perspiciunt,
1444 2312 1512 2339 me
