1619 2542
126 231 169 261 20

193 125 248 164 44
556 125 652 161 PRO
682 127 724 159 A.
754 124 963 160 CAECINA
990 125 1178 161 ORATIO.

195 220 278 262 viri
313 220 454 263 fuerat
487 221 781 263 Caesenniae'.
843 220 951 263 Cum
988 221 1069 263 hoc
1105 236 1240 264 novae
1276 222 1368 264 litis
1399 236 1533 278 genus

195 283 285 321 tam
317 280 533 322 malitiose
571 280 830 332 intenderet,
869 279 1033 335 placuit
1064 279 1268 322 Caecinae
1300 280 1350 322 de
1382 281 1534 323 amico·

195 353 290 379 rum
317 341 532 380 sententia
564 339 835 392 constituere,
868 353 950 393 quo
983 338 1049 380 die
1073 339 1118 380 in
1148 354 1237 380 rem
1267 343 1533 394 praesentem

196 397 413 438 veniretur
453 401 496 439 et
540 397 589 438 de
626 397 757 439 fundo
797 396 979 438 Caecina
1014 398 1208 439 moribus
1246 398 1532 440 deduceretur.

199 454 509 510 Conlocuntur3
560 456 648 497 dies
698 470 747 497 ex
797 456 1018 510 utriusque
1067 456 1288 498 commodo
1340 457 1532 499 sumitur.
1551 472 1568 497 5

196 513 377 556 Caecina
402 529 495 556 cum
523 514 669 555 amicis
695 515 748 555 ad
775 514 885 555 diem
910 515 1028 555 venit
1052 514 1095 556 in
1122 515 1345 556 castellum
1364 515 1532 568 Axiam,

196 587 245 613 ex
272 587 354 628 quo
381 573 474 615 loco
500 573 657 614 fundus
683 573 733 625 is,
764 573 814 614 de
841 587 922 628 quo
949 573 1104 627 agitur,
1134 588 1221 615 non
1245 575 1371 628 longe
1398 574 1531 615 abest.

194 630 261 672 Ibi
299 632 454 673 certior
490 632 540 673 fit
578 646 603 673 a
640 632 835 686 pluribus
872 632 1066 673 homines
1105 632 1344 687 permultos
1375 632 1533 674 liberos

196 693 323 744 atque
354 704 501 731 servos
533 691 724 745 coegisse
757 694 801 732 et
832 704 1020 732 armasse
1051 690 1295 732 Aebutium.
1351 689 1458 732 Cum
1488 690 1532 732 id

195 749 354 802 partim
394 749 669 800 mirarentur,
710 750 870 803 partim
908 763 995 790 non
1033 749 1268 802 crederent,
1309 763 1402 791 ecce
1439 749 1531 804 ipse
1552 765 1585 790 ιο

196 808 406 849 Aebutius
446 807 493 849 in
533 807 757 849 castellum
796 808 933 861 venit3
979 808 1202 849 denuntiat
1243 807 1448 849 Caecinae
1487 822 1533 849 se

198 869 386 907 armatos
406 867 583 920 habere,
616 866 830 908 abiturum
852 881 948 907 eum
966 881 1053 907 non
1079 880 1182 919 esse,
1214 866 1251 908 si
1276 866 1533 908 accessisset.

197 924 402 966 Caecinae
433 925 596 979 placuit
628 928 670 966 et
702 925 868 978 amicis,
901 925 1040 978 quoad
1071 924 1287 966 videretur
1317 925 1437 966 salvo
1469 939 1531 967 ca—

196 984 285 1037 pite
316 984 409 1024 fieri
439 998 584 1039 posse,
623 984 804 1039 experiri
841 986 997 1024 tamen.
1058 983 1122 1024 De
1153 984 1331 1025 castello
1362 983 1533 1025 descen-

197 1043 312 1096 dunt,
344 1043 388 1083 in
419 1042 597 1084 fundum
628 1042 966 1097 proficiscuntur.
1022 1041 1202 1083 Videtur
1232 1045 1391 1083 temere
1421 1056 1528 1083 com·
1552 1061 1585 1087 15

198 1101 389 1151 missum,
414 1115 574 1154 verum,
601 1109 647 1141 ut
667 1102 831 1155 opinor,
856 1101 938 1142 1100
961 1100 1045 1141 fuit
1069 1115 1237 1142 causae:
1263 1104 1353 1142 tam
1373 1103 1533 1142 temere

195 1158 327 1200 istum
349 1174 394 1200 re
416 1160 754 1213 commissurum,
781 1174 910 1213 quam
928 1159 1071 1200 verbis
1091 1159 1383 1212 minitabatur,
1406 1173 1532 1200 nemo

151 1219 174 1259 8
195 1217 378 1272 putavit.
445 1218 589 1273 Atque
631 1217 713 1258 iste
757 1218 810 1258 ad
853 1217 991 1258 omnis
1034 1217 1256 1271 introitus,
1299 1232 1383 1272 qua
1426 1217 1532 1259 adiri

126 1578 167 1608 22

195 1278 367 1330 poterat
397 1290 484 1317 non
516 1276 642 1317 modo
673 1276 719 1317 in
751 1291 847 1318 eum
877 1275 1074 1329 fundum,
1111 1276 1160 1317 de
1198 1289 1281 1330 quo
1313 1278 1407 1317 erat
1436 1290 1533 1318 con—

194 1334 417 1386 troversia,
450 1335 523 1376 sed
555 1335 686 1376 etiam
716 1334 761 1375 in
792 1335 913 1375 illum
945 1334 1198 1389 proximum,
1229 1334 1280 1375 de
1311 1348 1394 1388 quo
1425 1334 1531 1375 nihil
1550 1355 1585 1380 20

197 1393 510 1448 ambigebatur,
544 1396 732 1435 armatos
757 1393 951 1434 homines
978 1394 1168 1447 opponit.
1215 1392 1367 1447 Itaque
1391 1392 1530 1447 primo

195 1466 291 1492 cum
322 1452 367 1493 in
399 1452 622 1507 antiquum
654 1451 830 1493 fundum
861 1451 1028 1507 ingredi
1057 1453 1195 1505 veilet,
1226 1451 1339 1506 quod
1364 1465 1414 1493 ea
1437 1465 1532 1506 pro-

194 1510 306 1551 xime
351 1511 492 1553 accedi
535 1513 723 1566 poterat,
771 1510 1015 1565 frequentes
1059 1510 1216 1552 armati
1259 1510 1531 1552 obstiterunt.

196 1567 288 1617 Quo
321 1569 415 1611 loco
443 1569 644 1624 depulsus
670 1569 850 1611 Caecina
875 1571 1033 1622 tamen,
1065 1584 1147 1623 qua
1171 1568 1325 1624 potuit,
1355 1568 1409 1610 ad
1434 1582 1529 1610 eum

194 1626 373 1669 fundum
414 1628 630 1682 profectus
667 1632 741 1678 est,
777 1628 827 1669 in-
859 1642 941 1681 quo
980 1642 1030 1668 ex
1067 1630 1279 1669 conventu
1315 1626 1401 1668 vim
1437 1626 1530 1668 fieri
1549 1647 1582 1673 25

195 1686 440 1741 oportebat3
480 1687 568 1728 eius
608 1689 751 1728 autem
789 1686 909 1727 fundi
946 1688 1180 1727 extremam
1211 1688 1379 1740 partem
1411 1685 1529 1726 oleae

195 1744 362 1785 derecto
390 1744 537 1786 ordine
563 1745 780 1786 definiunt.
830 1745 897 1785 Ad
923 1759 994 1786 eas
1020 1759 1113 1787 cum
1141 1744 1419 1795 accederetur,
1446 1742 1529 1784 iste

194 1816 290 1843 cum
317 1803 514 1844 omnibus
541 1804 674 1857 copiis
706 1807 877 1858 praesto
909 1803 991 1844 fuit
1021 1817 1273 1856 servumque
1304 1816 1426 1842 suum
1456 1815 1531 1842 no-

194 1860 307 1901 mine
340 1860 602 1903 Antiochum
637 1862 690 1903 ad
721 1876 765 1903 se
796 1862 966 1903 vocavit
997 1866 1040 1902 et
1071 1862 1186 1903 clara
1216 1874 1318 1902 voce
1348 1859 1529 1914 impera·

193 1920 273 1971 vit,
316 1922 364 1960 ut
405 1933 519 1973 eum,
565 1921 637 1974 qui
679 1920 803 1961 illum
847 1920 1036 1961 olearum
1080 1919 1268 1960 ordinem
1312 1918 1527 1971 intrasset,
1547 1940 1582 1965 30

195 1977 415 2018 occideret.
477 1977 617 2019 Homo
659 1993 754 2020 mea
792 1978 1004 2019 sententia
1040 1976 1395 2031 prudentissimus
1427 1974 1521 2018 Cae-

193 2036 288 2077 cina
323 2038 469 2077 tamen
505 2036 550 2076 in
586 2037 667 2078 hac
698 2051 743 2077 re
774 2037 869 2092 plus
901 2035 1008 2077 mihi
1039 2035 1169 2077 animi
1201 2049 1328 2090 quam
1360 2034 1527 2077 consilii

192 2094 362 2135 videtur
393 2094 606 2135 habuisse.
656 2094 770 2136 Nam
802 2109 897 2136 cum
929 2096 972 2135 et
1003 2096 1266 2135 armatorum
1292 2092 1526 2135 multitudi—

192 2167 290 2193 nem
316 2153 478 2194 videret
497 2155 540 2194 et
560 2167 653 2193 eam
674 2167 819 2194 vocem
840 2151 1011 2203 Aebuti,
1038 2166 1166 2206 quam
1186 2151 1528 2204 commemoravi,

193 2212 393 2265 audisset,
417 2214 562 2252 tamen
588 2211 766 2252 accessit
785 2210 960 2265 propius
981 2213 1022 2250 et
1041 2210 1126 2250 iam
1145 2210 1387 2264 ingrediens
1412 2209 1526 2250 intra
1544 2230 1579 2256 35

190 2270 319 2310 finem
352 2270 440 2310 eius
472 2269 565 2323 loci,
597 2283 723 2323 quem
755 2271 872 2310 oleae
897 2268 1200 2322 terminabant,
1230 2268 1435 2323 impetum
1462 2281 1524 2308 ar-

190 2328 295 2368 mati
326 2327 530 2369 Antiochi
568 2332 887 2381 ceterorumque
925 2326 1012 2367 tela
1050 2329 1178 2381 atque
1208 2327 1425 2368 incursum
1462 2338 1524 2366 re-
