1619 2542
543 86 819 123 ADNOTATIO
847 85 1045 122 CRITICA.
1385 83 1455 118 VII

121 198 156 231 p.
186 189 262 220 199.
290 205 332 210 —
358 184 397 219 Ρ.
424 186 477 217 22.
505 185 548 217 28
582 194 634 226 sq.
666 183 742 227 qui
772 182 880 216 huius
906 201 948 205 —
969 180 1132 224 possint
1162 178 1241 214 cod.
1270 178 1310 222 S,
1343 178 1454 222 Kays.

122 253 166 259 —
193 232 230 266 P.
264 236 318 266 22.
345 235 389 265 35
420 231 584 265 eaeiermzt
616 228 699 263 add.
732 228 860 273 Pluyg.
892 227 1026 261 Mnem.
1052 226 1121 261 VH
1151 237 1185 270 p.
1215 229 1298 269 199,
1331 225 1455 269 Κ3ῑ3.,

122 279 218 313 nihil
244 278 369 313 deesse
394 276 540 311 videtur
564 275 725 317 Halmio,
752 275 820 310 lac.
848 274 993 318 signum
1019 284 1097 318 pos.
1122 273 1240 307 Klotz.
1271 293 1313 298 -
1340 272 1378 307 P.
1399 276 1455 306 23.

125 330 167 360 12
187 327 338 361 videatis
357 323 436 359 cod.
450 323 494 366 V,
514 322 647 365 Halm,
668 322 799 365 Klotz,
818 323 963 356 videant
983 320 1017 364 S,
1038 320 1149 365 Kays.
1163 319 1313 362 invitus,
1334 318 1455 361 credo,

123 372 245 407 Madv.
259 371 350 405 Adv.
365 371 415 405 HI
427 382 462 415 p.
481 374 556 404 122.
573 391 615 395 —
629 370 668 404 P.
684 374 738 405 23.
756 373 797 404 13
817 370 850 404 si
869 369 1040 403 cesseritis
1059 368 1143 402 add.
1161 367 1219 410 (cf.
1238 369 1292 402 15.
1307 371 1351 401 35
1373 367 1455 410 ex),

123 421 291 464 poteram
317 418 430 452 etiam
454 418 529 452 nisi
546 418 747 452 restiteritis
773 417 838 451 aut,
862 416 953 459 sim„
978 414 1047 450 lac.
1068 415 1153 449 hab.
1173 413 1306 456 Halm„
1333 412 1456 456 Kays,

124 466 256 508 Klotz,
281 465 517 506 vincentibus,
542 474 598 499 eos
617 467 734 498 aretem
753 464 971 508 oppugnari,
991 463 1120 507 quibus
1139 462 1314 506 oppressis
1332 460 1456 494 Madv.

122 513 215 547 Adv.
241 512 292 546 Ill
317 525 352 556 p.
381 516 457 555 121,
484 512 660 555 oppressis
684 510 800 544 habeb
824 509 903 544 cod.
931 509 964 543 S.
993 530 1035 534 —
1061 508 1100 543 P.
1127 512 1182 543 23.
1209 513 1253 543 33
1280 518 1370 552 quas
1395 518 1456 542 ew-

123 571 190 595 scr.
218 559 289 594 del.
310 558 445 593 Kahnt.
472 569 594 602 progr.
623 556 694 592 Ciz.
718 561 806 592 1829
832 569 866 601 p.
890 561 933 591 10
959 568 1012 600 sq.
1034 576 1076 581 -—
1096 556 1135 590 P.
1156 559 1211 590 24.
1234 560 1251 589 1
1280 554 1326 589 L.
1346 554 1391 588 A.
1414 554 1456 588 G.

125 606 394 642 CANNINIO
413 605 530 640 LEG.
545 605 617 639 AB
637 606 723 647 (non
743 604 790 646 A)
813 604 849 639 G.
864 603 1107 638 FONTEIO
1126 602 1246 637 LEG.
1261 601 1340 637 cod.
1354 600 1398 643 V,
1413 601 1456 635 L.

123 654 168 688 A.
190 654 226 687 A
247 653 283 688 0.
298 653 473 687 ANNIO
492 652 610 687 LEG.
624 653 659 685 A
681 651 717 686 G.
734 650 972 685 FONTEIO
991 649 1109 685 LEG.
1125 649 1207 684 edd.
1223 650 1286 683 Ab
1309 649 1399 692 (abs)
1422 649 1459 682 31

123 712 147 736 α
171 701 327 745 permut.
348 699 387 733 111
413 699 518 734 codd.
540 709 656 743 paene
681 697 1010 731 innumerabilibus
1030 696 1138 739 locis3
1167 696 1224 730 ad.
1245 708 1279 740 p.
1303 699 1379 730 110.
1404 699 1457 737 16,

124 751 203 782 208.
234 752 274 781 11
303 748 340 781 ets
365 751 428 790 21,
454 750 533 781 223.
561 749 624 789 28,
650 749 729 780 236.
757 749 813 787 25,
839 748 916 780 258.
944 748 999 786 20,
1026 748 1104 779 268.
1132 747 1163 786 8,
1189 747 1268 777 290.
1296 747 1350 785 23,
1379 746 1457 776 301.

125 799 181 837 37,
209 799 287 829 314.
317 798 346 836 7,
374 798 451 828 316.
479 798 534 836 37,
562 796 640 827 322.
668 796 722 835 22,
750 796 827 827 328.
855 796 909 834 27,
937 795 1014 825 330.
1035 795 1090 834 24,
1119 794 1195 825 364.
1218 794 1272 833 22,
1300 793 1378 824 420.
1403 793 1457 831 13,

124 845 202 876 423.
232 845 292 883 14,
324 845 402 875 426.
430 845 490 883 30,
522 843 600 874 445.
630 843 684 874 12.
712 858 754 863 -—
779 839 819 873 P.
846 842 901 872 24.
932 842 974 872 10
1005 839 1066 873 sed
1090 839 1185 872 inita
1209 838 1284 872 iam
1309 847 1352 871 ac
1371 847 1458 880 pro-

121 889 243 933 posita
267 887 389 932 Kays.,
414 887 545 929 Klein,
572 885 704 928 Klotz„
729 886 789 920 sed
814 886 855 920 in
881 886 1000 920 Italia
1024 886 1099 919 iam
1124 885 1190 919 hac
1209 894 1317 928 prop.
1337 882 1456 917 Halm.

124 935 163 969 in
195 934 321 970 cod.V
348 945 426 969 esse
452 933 595 978 opinati
619 935 661 967 in
686 933 840 968 Italiam
865 943 907 967 ac
926 942 1045 976 prop„
1071 932 1109 965 in
1135 942 1206 974 quo
1233 932 1291 965 331
1315 931 1393 965 hac
1418 931 1460 964 in

126 983 279 1017 Italiam
305 993 347 1017 ac
365 993 470 1027 prop.
493 981 590 1016 —P.
617 984 671 1014 24.
701 984 742 1014 11
769 979 922 1014 Romam
948 978 1066 1022 codd„
1092 977 1178 1012 inde
1203 977 1320 1012 Klotz.
1342 977 1460 1012 Roma

125 1041 213 1065 eum.
241 1049 284 1054 —
310 1029 349 1064 P.
375 1033 430 1063 24.
459 1031 595 1063 13—18
628 1027 706 1061 cod.
728 1026 761 1060 V
788 1026 835 1060 ad
868 1025 1022 1060 verbum
1053 1024 1233 1069 expressi,
1264 1024 1336 1058 nisi
1362 1023 1461 1067 quod

125 1075 157 1110 is
190 1087 223 1110 v.
247 1079 289 1110 15
324 1075 678 1122 habet-secrodunt,
716 1073 835 1108 Halm.
875 1084 959 1107 SOL:
999 1072 1180 1116 Segoduni
1219 1072 1390 1106 Porcium
1429 1074 1461 1105 et

124 1123 299 1158 Munium
323 1126 452 1165 ternos,
487 1121 674 1157 Volcalone
692 1120 883 1155 Servaeum
908 1121 1009 1154 binos
1034 1123 1065 1154 et
1090 1119 1330 1160 victoriatum,
1356 1121 1462 1162 atque

125 1171 167 1204 in
198 1171 252 1204 his
283 1171 368 1204 locis
394 1169 576 1214 Seyoduni
606 1172 638 1203 et
669 1167 859 1202 Volcalone
890 1167 934 1202 ab
965 1168 1012 1201 iis
1039 1169 1136 1211 port.
1164 1176 1234 1200 esse
1265 1169 1396 1207 exact„
1428 1165 1462 1199 si

125 1218 188 1262 qui
217 1217 424 1261 Ebromayo
450 1236 493 1241 -—
520 1236 564 1241 -
594 1215 738 1250 Tolosae
770 1214 1055 1248 Oduluscarttum
1078 1232 1123 1239 -
1149 1214 1316 1257 eoeeyisse,
1348 1211 1459 1255 Kays.

126 1265 165 1298 31
195 1263 313 1298 Klotz.
344 1263 420 1298 fere
450 1264 492 1297 111
522 1273 606 1303 nos;
638 1274 670 1296 V.
696 1261 934 1305 Wesenberg.
962 1260 1047 1294 Obs.
1079 1260 1117 1294 in
1149 1259 1241 1294 Sest.
1272 1270 1307 1303 p.
1334 1263 1389 1293 26.
1417 1279 1460 1283 -

126 1311 165 1345 P.
187 1315 242 1346 24.
263 1314 306 1345 23
327 1311 524 1345 maximum
543 1309 627 1344 add.
647 1308 776 1353 Pluyg.
797 1309 931 1342 Mnem.
945 1306 1013 1341 VII
1031 1319 1066 1351 p.
1090 1310 1166 1350 197,
1186 1306 1306 1350 Kays„
1328 1305 1459 1347 Klein,

126 1361 158 1392 et
186 1358 364 1392 invidiam
391 1356 458 1401 (sic
483 1356 605 1399 codd.)
631 1357 684 1390 vel
708 1356 903 1390 maximam
929 1355 1062 1399 Saupp.
1088 1353 1162 1388 ind.
1192 1353 1357 1397 Gotting.
1383 1351 1460 1386 hib.

129 1408 217 1439 1867
249 1416 284 1449 p.
311 1409 349 1446 6,
388 1408 419 1438 et
449 1405 592 1438 invidia
623 1404 768 1438 crevisse
799 1401 920 1435 Klotz.
954 1422 996 1426 —
1030 1400 1067 1436 P.
1100 1404 1156 1434 24.
1189 1404 1234 1434 24
1265 1400 1462 1443 divulyari

126 1451 274 1495 Pluyg,
307 1450 436 1494 Kays„
463 1451 650 1495 divngJare
675 1448 800 1491 codd„
832 1448 969 1490 Halm,
996 1447 1115 1481 Klotz,
1142 1467 1186 1472 —
1211 1446 1249 1481 P.
1277 1450 1331 1480 25.
1359 1450 1378 1480 9
1404 1457 1461 1480 sa-

124 1499 302 1543 pientiam
334 1499 412 1532 iud.
437 1499 553 1532 valere
577 1497 807 1537 existimatis,
838 1496 968 1537 videte,
993 1505 1037 1529 ‘ne
1062 1493 1241 1527 Fleckeis.
1268 1491 1401 1527 Philol.
1428 1491 1462 1525 11

129 1557 162 1589 p.
192 1548 246 1580 67.
292 1544 350 1578 Sic
377 1546 440 1578 auh
466 1543 638 1578 similiter
663 1544 819 1585 (adferre
844 1542 1002 1584 censetis)
1031 1540 1244 1575 Ciceronem
1270 1538 1462 1584 scripsisse

130 1591 303 1635 apparet,
334 1592 549 1635 sapientiam
574 1591 725 1632 iudicis,
756 1589 869 1623 videte
893 1599 937 1622 ne
961 1587 1098 1630 Halm,
1124 1587 1305 1632 sapientia
1328 1587 1462 1621 iudicis
1502 1627 1504 1631 ¹

129 1641 220 1672 tenet
246 1637 314 1681 (sic
341 1637 419 1671 cod.
448 1636 505 1681 S),
537 1637 650 1671 videte
674 1647 717 1670 ree
742 1634 871 1678 Kays,
902 1635 1083 1679 sapientia
1108 1634 1184 1669 iud.
1209 1637 1320 1676 tenet,
1351 1634 1462 1668 multo

128 1705 176 1710 —
200 1688 284 1719 sunt
316 1684 410 1726 (cod.
439 1683 476 1727 S)
502 1683 639 1725 Klotz.,
670 1683 886 1730 sapientiapz
915 1682 1067 1723 iudicis,
1096 1691 1141 1716 ‘ne
1172 1681 1282 1715 multo
1308 1700 1351 1705 —
1378 1684 1464 1715 swnt

129 1730 214 1765 Ern.
247 1732 341 1765 auct.
376 1730 546 1764 Schenkl.
575 1729 764 1763 ‘Zeitschin
795 1728 820 1763 f.
847 1729 924 1763 031.
952 1728 1094 1772 Gymn.’
1126 1730 1213 1763 1867
1247 1739 1282 1772 p.
1309 1730 1376 1761 456
1409 1739 1460 1771 sq.

131 1777 289 1813 soloece.
315 1798 361 1803 -—
384 1778 423 1812 P.
450 1781 505 1811 26.
532 1781 552 1811 2
578 1787 658 1811 vero
683 1775 865 1819 Gulielm.,
893 1774 1011 1809 Klotz.
1038 1795 1081 1800 —
1107 1775 1145 1809 P.
1173 1779 1228 1810 26.
1254 1779 1276 1808 4
1301 1775 1463 1809 virtutis

130 1824 175 1860 H.
202 1825 242 1859 A.
269 1824 383 1858 Koch.
404 1834 525 1869 progr.
546 1823 644 1858 Port.
668 1825 756 1857 1868
781 1834 815 1866 p.
838 1826 858 1857 5
884 1821 929 1856 cf.
949 1834 984 1866 p.
1007 1825 1061 1856 92.
1083 1826 1114 1864 3,
1140 1821 1336 1856 virtutibus
1355 1820 1460 1855 codd.

132 1873 170 1906 31
201 1871 284 1905 edd.
311 1892 353 1896 —
379 1871 418 1905 P.
439 1875 494 1905 26.
530 1874 571 1905 15
597 1870 818 1916 [iudicium]
842 1869 1010 1904 Momms.
1037 1869 1131 1903 auct.
1166 1867 1294 1912 Kays.‚
1326 1869 1464 1903 iudices

132 1917 232 1962 vulg.
258 1938 301 1943 --
327 1918 365 1953 Ρ.
393 1921 448 1952 26.
471 1921 513 1952 16
545 1918 586 1952 de
616 1919 821 1952 accusatore
851 1917 1001 1951 debere
1031 1916 1194 1950 iudicare
1219 1914 1329 1959 Kays.
1379 1915 1462 1950 Non

132 1967 389 1999 accusatorum
412 1964 523 1998 fidem
549 1964 670 1998 elevat
697 1963 786 2005 Cic„
813 1963 877 1997 sed
902 1963 1062 1998 testium.
1111 1961 1207 2006 Ergo
1233 1973 1266 1996 v.
1293 1963 1334 1996 de
1359 1972 1462 1996 accu—

130 2015 248 2047 satore
274 2011 357 2046 secl.
409 2012 582 2046 Iudicare
608 2012 664 2044 331
690 2009 862 2044 ‘iudicem
889 2010 996 2044 esse'.
1024 2030 1067 2034 —
1093 2009 1130 2043 P.
1158 2012 1213 2043 26.
1240 2011 1285 2042 24
1309 2009 1463 2042 iudicem

132 2057 204 2092 del.
231 2058 354 2094 Madv.
379 2070 414 2103 p.
436 2061 524 2092 1437
552 2057 622 2100 Ο1·.,
651 2056 735 2091 secl.
756 2056 877 2100 Kays,
905 2056 1037 2099 Klein.,
1058 2055 1190 2100 quibus
1218 2055 1459 2100 ‘perversum’

133 2103 280 2138 videtur
308 2105 360 2139 310
386 2104 524 2139 dicere:
556 2106 645 2139 satis
670 2105 736 2138 erit
759 2115 855 2147 eum,
887 2105 950 2148 qui
973 2105 1056 2138 huic
1080 2103 1220 2137 muneri
1245 2101 1461 2145 (iudicandi)

128 2152 285 2195 praesit,
315 2162 388 2186 ‘nort
416 2152 566 2187 surdum
589 2152 742 2186 iudicem
767 2161 845 2186 esse.
889 2150 1040 2185 Latinos
1066 2149 1187 2183 dicere
1214 2148 1333 2183 solere
1355 2159 1462 2193 prae-

135 2201 185 2232 est
208 2198 340 2233 surdus
363 2199 474 2233 iudex
498 2198 622 2243 potius
651 2208 761 2241 quam
785 2199 834 2240 is,
861 2198 924 2241 qui
942 2201 1094 2241 praeest,
1120 2200 1169 2230 est
1198 2197 1330 2230 surdus
1355 2196 1464 2230 iudex

79 2259 82 2261 “
135 2243 216 2287 quis
247 2244 388 2279 nescit?
414 2265 457 2270 -—
483 2246 523 2279 P.
549 2249 604 2280 26.
631 2248 674 2279 29
700 2245 864 2279 maxime
889 2243 1007 2279 Klotz.
1034 2243 1186 2288 probab.
1214 2262 1257 2267 —
1283 2242 1322 2276 P.
1344 2246 1397 2277 26.
1419 2246 1461 2276 35

135 2289 305 2335 Exempli
330 2302 441 2326 causa
464 2291 608 2336 profero
634 2290 796 2335 aliquam
816 2289 988 2324 Krafferti
1009 2288 1322 2325 emendationem:
1349 2289 1463 2333 Aqui-
