1619 2542
536 101 636 138 CAP.
662 105 800 136 20-22
827 105 845 144 ξ
872 105 1022 137 55-60.
1344 101 1430 143 209

90 197 250 253 privati
290 197 394 251 sint,
431 198 699 263 permittere
737 200 785 238 ut
824 197 986 252 publici
1023 197 1280 252 iudicentur,
1318 198 1429 239 hunc

91 256 283 311 excipere
308 256 574 310 nominatim,
607 257 679 311 qui
704 256 900 322 publicus
928 271 1019 298 esse
1044 256 1261 298 fateatur?
1312 256 1429 312 Ergo

92 330 238 357 eorum
271 329 373 370 ager
399 315 619 370 excipitur,
652 315 725 369 qui
750 315 864 370 apud
890 315 1066 357 Rullum
1094 315 1238 370 aliqua
1263 315 1430 356 ratione

92 374 336 426 valuerunt,
380 374 509 415 ceteri
547 374 638 429 agri
677 388 840 427 omnes,
880 374 952 429 qui
988 374 1145 429 ubique
1183 376 1301 428 sunt,
1340 373 1429 415 sine

55 443 72 469 5
92 432 181 474 ullo
214 431 382 484 dilectu,
415 432 505 473 sine
537 432 687 487 populi
718 432 902 473 Romani
933 434 1119 486 notione,
1151 433 1241 474 sine
1273 432 1428 475 iudicio

92 494 263 532 senatus
295 490 543 532 decemviris
579 491 855 532 addicentur?
918 492 1060 546 Atque
1092 492 1222 533 etiam
1255 494 1320 533 est
1346 492 1430 532 alia

91 548 309 603 superiore
341 549 497 603 capite,
539 564 622 603 quo
655 549 799 591 omnia
831 553 1032 603 veneunt,
1074 554 1332 605 quaestuosa
1364 564 1430 591 ex-

91 608 244 662 ceptio,
271 622 377 662 quae
402 610 521 663 teget
547 622 618 649 eos
645 622 785 663 agros,
811 608 861 649 de
888 609 1042 663 quibus
1068 608 1237 650 foedere
1258 611 1429 650 cautum

93 670 170 708 est.
214 666 393 708 Audivit
423 666 532 708 hanc
564 681 654 708 rem
685 681 773 708 non
799 682 823 707 a
856 682 933 721 me,
967 667 1038 708 sed
1067 668 1119 708 ab
1148 668 1244 708 aliis
1271 667 1430 722 agitari

39 737 72 762 10
93 740 219 780 saepe
251 725 295 766 in
321 728 483 779 senatu,
514 740 600 767 non
633 740 864 780 numquam
891 741 940 767 ex
966 726 1046 767 hoc
1073 727 1179 779 loco,
1210 726 1430 781 possidere

92 797 219 839 agros
256 785 302 824 in
337 798 413 825 ora
450 784 681 825 marituma
721 798 864 838 regem
897 784 1209 839 Hiempsalem,
1248 799 1351 839 quos
1384 784 1430 826 P.

93 842 323 884 Africanus
349 843 508 897 populo
530 842 725 884 Romano
753 843 1021 897 adiudicarit3
1050 844 1087 884 ei
1108 846 1253 885 tamen
1279 846 1431 898 postea

92 916 167 956 per
209 900 253 942 O.
280 900 452 942 Cottam
490 902 707 943 consulem
747 904 918 943 cautum
956 916 1047 943 esse
1084 902 1264 944 foedere.
1336 902 1429 944 Hoc

93 960 191 1014 quia
222 974 297 1001 vos
334 959 483 1002 foedus
515 975 602 1002 non
633 960 862 1014 iusseritiS,
900 963 1071 1002 veretur
1102 960 1344 1014 Hiempsal,
1381 963 1430 1002 ut

40 1029 73 1056 15
94 1019 199 1060 satis
248 1019 418 1060 firmum
470 1018 526 1060 sit
576 1021 618 1060 et
665 1022 818 1060 ratum.
894 1017 1157 1061 Cuicuimodi
1202 1023 1267 1060 est
1310 1019 1430 1074 illud,

91 1076 262 1118 tollitur
313 1079 504 1118 vestrum
553 1077 773 1131 iudicium,
821 1077 969 1119 foedus
1019 1080 1159 1119 totum
1210 1078 1429 1132 accipitur,

92 1136 405 1190 comprobatur.
467 1135 589 1184 Quod
620 1136 774 1177 minuit
814 1138 1055 1178 auctionem
1093 1137 1429 1188 decemviralem,

93 1194 238 1248 laudo,
276 1195 388 1249 quod
419 1195 511 1250 regi
543 1195 679 1236 amico
712 1199 852 1248 cavet,
884 1210 970 1237 non
1001 1195 1284 1249 reprehendo,
1316 1195 1429 1250 quod

91 1267 178 1294 non
218 1253 354 1308 gratis
395 1253 461 1307 fit,
504 1253 713 1308 indignor.
770 1253 940 1295 Volitat
986 1255 1100 1295 enim
1142 1257 1240 1295 ante
1283 1255 1429 1296 oculos

40 1323 74 1348 20
92 1312 274 1353 istorum
299 1311 418 1365 Iuba,
449 1312 563 1368 regis
595 1313 720 1367 filius,
752 1312 998 1353 adulescens
1031 1327 1117 1353 non
1149 1312 1288 1353 minus
1321 1313 1429 1354 bene

93 1373 339 1411 nummatus
372 1385 499 1424 quam
531 1371 637 1412 bene
670 1372 906 1425 capillatus.

180 1428 264 1469 Vix
303 1429 389 1469 iam
432 1429 598 1470 videtur
638 1430 757 1470 locus
801 1443 908 1481 esse,
950 1429 1021 1483 qui
1063 1431 1208 1471 tantos
1254 1444 1428 1471 acervos

93 1488 295 1541 pecuniae
321 1487 480 1541 eapiat3
512 1490 653 1541 auget,
686 1487 813 1541 addit,
845 1488 1096 1528 accumulat.
1129 1487 1327 1541 ἔΑῐΠῐυΜ,
1353 1500 1430 1529 AR-

96 1556 288 1587 GENTUM
319 1556 381 1586 EX
407 1557 603 1598 PRAEDA,
634 1557 694 1586 EX
720 1557 952 1599 MANUBIIS,
983 1557 1044 1586 EX
1071 1556 1338 1587 CORONARIO
1365 1558 1428 1588 AD

42 1615 75 1641 25
95 1614 401 1654 QUOSCUMQUE
426 1616 655 1645 PERVENIT
682 1616 833 1654 NEQUE
859 1615 1074 1645 RELATUM
1099 1616 1182 1646 EST
1210 1617 1258 1646 IN
1278 1616 1430 1646 PUBLI—

95 1673 188 1704 CUM
220 1674 373 1712 NEQUE
404 1673 451 1703 IN
475 1673 766 1703 MONUMENTO
794 1663 1133 1717 CONSUMPTUM',
1163 1663 1206 1703 id
1236 1663 1431 1718 profiteri

95 1721 207 1775 apud
239 1720 500 1762 decemviros
533 1723 574 1762 et
606 1720 659 1762 ad
690 1735 761 1761 eos
794 1720 949 1762 ieferre
974 1721 1104 1762 iubet.
1164 1720 1259 1763 Hoc
1291 1722 1430 1777 capite

95 1780 222 1820 etiam
274 1779 566 1834 quaestionem
611 1778 661 1820 de
705 1779 953 1820 clarissimis
997 1779 1117 1834 viris,
1168 1780 1240 1834 qui
1282 1781 1431 1835 populi

94 1837 279 1879 Romani
305 1838 420 1878 bella
445 1840 683 1892 gesserunt,
713 1837 997 1891 iudiciumque
1024 1838 1073 1879 de
1098 1839 1287 1893 pecuniis
1314 1854 1430 1894 repe-

43 1907 76 1932 30
94 1896 239 1937 tundis
271 1896 324 1937 ad
356 1896 616 1938 decemviros
647 1896 905 1937 translatum
937 1896 1102 1938 videtis.
1150 1897 1318 1939 Horum
1348 1897 1429 1939 erit

95 1968 206 1995 nunc
225 1954 438 2009 iudicium,
465 1958 649 2008 quantae
669 1954 870 2008 cuiusque
891 1955 1116 1997 manubiae
1137 1955 1308 2010 fuerint,
1329 1956 1429 2010 quid

96 2012 290 2066 relatum,
317 2013 418 2067 quid
443 2013 657 2054 residuum
685 2013 759 2066 sit3
790 2013 833 2053 in
860 2016 1079 2068 posterum
1104 2029 1205 2056 vero
1231 2015 1298 2055 Iex
1323 2014 1428 2055 haec

96 2071 426 2124 imperatoribus
465 2072 619 2113 vestris
658 2072 949 2124 constituitur,
987 2075 1054 2126 ut,
1092 2073 1345 2127 quicumque
1377 2072 1429 2113 de

96 2128 313 2182 provincia
333 2129 570 2183 decesserit,
596 2130 709 2183 apud
734 2130 902 2171 eosdem
923 2131 1195 2185 decemviros,
1222 2133 1429 2185 quantum

43 2197 76 2223 35
96 2187 255 2228 habeat
268 2187 461 2242 praedae,
481 2188 791 2242 manubiarum,
813 2189 904 2229 auri
919 2190 1141 2244 coronarii,
1161 2190 1429 2244 profiteatur.

97 2245 179 2286 Hic
208 2248 354 2286 tamen
384 2246 449 2287 vir
475 2247 662 2301 optimus
696 2261 802 2300 eum,
834 2262 959 2301 quem
991 2251 1120 2301 amat,
1153 2248 1320 2302 excipit,
1353 2246 1425 2289 Cn.

97 2302 358 2358 Pompeium.
420 2304 541 2346 Unde
581 2305 662 2346 iste
696 2320 814 2346 amor
845 2309 934 2347 tam
965 2306 1224 2362 improvisus
1258 2320 1306 2347 ac
1337 2308 1427 2347 tam

168 2377 238 2404 Oto.
257 2379 298 2404 11.
317 2381 340 2404 2.
383 2392 394 2401 μ
1174 2378 1216 2409 14

1444 466 1502 507 22

1456 519 1500 550 58

1456 1266 1500 1298 55}

1453 2260 1498 2291 60
