1687 2533
209 855 238 937 <xm-1>

260 127 347 168 432
398 127 574 162 ORATIO
602 127 721 161 POST
747 127 967 162 REDITUM
994 127 1044 161 IN
1071 126 1262 162 SENATU
1287 126 1478 162 HABITA.

261 223 365 265 urbe
386 223 625 277 volitantis,
654 223 988 278 magistratuum
1008 225 1124 265 tecta
1143 223 1409 278 impugnata,
1430 223 1607 265 deorum

260 282 425 336 templa
456 282 742 334 inflammata,
781 283 937 323 summi
969 282 1051 323 viri
1084 284 1126 323 et
1159 282 1385 323 clarissimi
1419 282 1606 323 consulis

260 341 398 382 fasces
447 340 628 394 fractos,
677 340 904 381 fortissimi
955 343 1084 394 atque
1134 341 1286 395 optimi
1336 341 1501 382 tribuni
1549 341 1607 396 pl.

263 400 584 442 sanctissimum
622 413 776 453 corpus
813 414 901 440 non
938 401 1102 441 tactum
1142 414 1191 441 ac
1224 399 1433 441 violatum
1465 414 1608 454 manu,

263 459 337 500 sed
386 459 659 500 vulneratum
717 458 830 499 ferro
881 458 1207 512 confectumque
1257 458 1437 499 vidistis.
1517 457 1609 507 Qua

263 520 409 572 strage
453 532 539 558 non
583 516 692 557 nulli
735 518 920 571 permoti
959 518 1242 572 magistratus
1292 517 1452 572 partim
1491 520 1609 558 metu

264 577 434 628 mortis,
473 576 632 630 partim
672 575 969 630 desperatione
993 577 1065 616 urei
1098 576 1296 630 publicae
1327 575 1551 631 paululum
1584 591 1609 617 a

263 650 358 676 mea
403 649 530 676 causa
568 637 853 688 recesserunt3
900 634 1055 688 reliqui
1091 635 1282 689 fuerunt,
1327 649 1433 689 quos
1471 649 1608 689 neque

263 696 403 734 terror
433 708 511 734 nec
543 694 619 745 vis,
650 707 727 734 nec
760 707 856 747 spes
888 707 964 734 nec
996 695 1147 747 metus,
1178 708 1256 735 nec
1287 693 1501 748 promissa
1530 708 1608 735 nec

264 753 422 805 minae,
453 766 531 793 nec
562 752 651 793 tela
682 766 758 793 nec
789 751 905 793 faces
938 767 963 794 a
993 755 1138 793 vestra
1170 753 1447 806 auctoritate,
1479 767 1505 794 a
1536 767 1608 806 po-

264 811 355 865 puli
387 811 571 852 Romani
603 811 833 865 dignitate,
866 826 891 852 a
922 825 1017 852 mea
1050 811 1189 852 salute
1223 811 1496 866 depellerent.

353 869 559 923 Princeps
586 869 631 910 P.
652 869 871 923 Lentulus,
897 884 1051 923 parens
1078 884 1126 911 ac
1153 870 1256 911 deus
1282 872 1456 911 nostrae
1481 869 1608 924 vitae,

265 928 483 982 fortunae,
521 929 768 978 memoriae,
810 929 1013 982 nominis,
1052 928 1133 970 hoc
1171 929 1387 982 specimen
1424 929 1609 982 virtutis,

264 987 345 1028 hoc
386 987 589 1028 indicium
633 987 781 1041 animi,
826 987 907 1028 hoc
944 987 1088 1028 lumen
1126 987 1375 1028 consulatus
1414 988 1480 1029 sui
1516 987 1608 1029 fore

266 1046 450 1101 putavit,
483 1046 518 1086 si
550 1059 617 1086 me
650 1045 767 1099 mihi,
800 1046 835 1086 si
868 1046 987 1099 meis,
1020 1046 1055 1086 si
1087 1046 1222 1099 vobis,
1255 1047 1291 1087 si
1323 1046 1385 1087 rei
1411 1046 1608 1101 publicae

264 1104 536 1156 reddidisset3
570 1104 643 1158 qui
675 1107 723 1144 ut
748 1106 814 1144 est
840 1104 1102 1159 designatUS,
1132 1119 1367 1158 numquam
1395 1104 1609 1146 dubitavit

266 1163 525 1204 sententiam
569 1163 619 1203 de
666 1163 805 1203 salute
845 1177 939 1204 mea
977 1177 1021 1204 se
1060 1166 1102 1204 et
1140 1178 1184 1203 re
1221 1163 1394 1217 publica
1432 1164 1609 1217 dignam

265 1221 416 1262 dicere.
495 1220 603 1263 Cum
653 1236 678 1262 a
727 1221 900 1262 tribuno
950 1221 1006 1275 pl.
1056 1224 1290 1276 vetaretur,
1345 1236 1442 1263 cum
1490 1236 1610 1276 prae⁴

265 1280 429 1321 clarum
461 1282 589 1333 caput
620 1279 890 1332 recitaretur,
922 1295 974 1320 ne
1007 1281 1101 1334 quis
1134 1280 1186 1321 ad
1219 1295 1294 1321 vos
1326 1281 1525 1333 referret,
1555 1295 1608 1322 ne

267 1340 360 1393 quis
393 1339 650 1392 decerneret,
680 1353 733 1379 ne
764 1339 1017 1393 disputaret,
1049 1353 1102 1379 ne
1127 1339 1387 1393 loqueretur,
1418 1354 1469 1380 ne
1494 1339 1609 1394 pedi·

266 1397 345 1438 bus
378 1397 477 1451 iret,
515 1412 567 1438 110
600 1397 823 1438 scribendo
858 1398 1044 1451 adesset,
1082 1400 1219 1438 totam
1252 1398 1391 1452 illam,
1427 1400 1476 1439 ut
1509 1400 1608 1439 ante

266 1456 364 1508 dixi,
396 1456 759 1510 proscriptionem
790 1470 877 1497 non
909 1457 1048 1511 legem
1080 1457 1262 1511 putavit,
1295 1471 1379 1511 qua
1404 1457 1509 1498 civis
1536 1471 1608 1511 op-

266 1515 371 1556 time
415 1515 465 1555 de
509 1529 554 1555 re
599 1515 772 1568 publica
810 1515 991 1555 meritus
1029 1516 1286 1556 nominatim
1327 1516 1415 1557 sine
1453 1515 1608 1557 iudicio

267 1588 352 1614 una
391 1588 486 1615 cum
526 1576 676 1614 senatu
710 1573 772 1614 rei
803 1573 1000 1628 publicae
1033 1576 1146 1614 esset
1178 1577 1361 1627 ereptus.
1416 1573 1477 1615 Ut
1510 1589 1608 1616 vero

267 1633 363 1672 iniit
411 1632 735 1687 magistratum,
778 1646 865 1673 non
909 1632 1048 1673 dicam
1086 1632 1185 1687 quid
1224 1634 1314 1688 egit
1352 1633 1490 1687 prius,
1535 1633 1608 1674 sed

268 1690 369 1744 quid
396 1693 568 1732 omnino
595 1691 684 1746 egit
710 1691 837 1744 aliud,
868 1692 950 1731 nisi
976 1694 1024 1732 ut
1049 1706 1115 1732 me
1143 1694 1393 1733 conservato
1420 1694 1608 1733 vestram

267 1749 309 1789 in
367 1752 588 1802 posterum
646 1749 904 1804 dignitatem
955 1750 1342 1804 auctoritatemque
1393 1750 1606 1791 sanciret?

270 1807 323 1848 Di
352 1807 629 1861 immortales,
662 1811 870 1862 quantum
896 1808 1003 1849 mihi
1028 1809 1277 1849 beneficium
1305 1808 1470 1850 dedisse
1496 1808 1607 1849 vide—

268 1865 390 1917 mini,
427 1866 539 1919 quod
576 1866 658 1907 hoc
691 1881 801 1908 anno
834 1866 879 1907 P.
912 1867 1119 1908 Lentulus
1153 1867 1299 1908 consul
1331 1868 1402 1908 est!
1445 1869 1606 1921 quanto

269 1924 405 1965 maius
439 1924 674 1977 dedissetis,
706 1924 743 1966 si
774 1925 992 1979 superiore
1024 1940 1134 1967 anno
1166 1925 1335 1966 fuisset!
1379 1924 1470 1967 Nec
1496 1925 1607 1966 enim

269 1983 480 2037 eguissem
525 1984 736 2024 medicina
780 1983 1012 2037 consulari,
1055 1983 1140 2024 nisi
1184 1983 1398 2024 consulari
1435 1985 1608 2025 vulnere

269 2041 559 2083 concidissem.
605 2042 836 2083 Audieram
864 2057 914 2083 ex
941 2042 1260 2096 sapientissimo
1286 2042 1459 2084 homi-ne
1481 2046 1608 2097 atque

269 2100 433 2155 optimo
467 2099 549 2141 civi
581 2102 624 2140 et
655 2101 760 2154 viro,
793 2101 841 2150 Q.
874 2099 1041 2154 Catulo,
1072 2115 1159 2141 non
1192 2115 1317 2154 saepe
1349 2116 1482 2142 unum
1514 2104 1609 2143 con-

269 2159 405 2200 sulem
454 2158 716 2212 improbum,
761 2159 842 2200 duo
887 2174 987 2200 vero
1031 2173 1264 2212 numquam
1311 2163 1487 2214 excepto
1531 2161 1608 2201 illo

268 2216 460 2258 Cinnano
493 2219 686 2271 tempore
712 2217 854 2258 fuisse.
905 2217 1043 2266 Quare
1075 2232 1215 2258 meam
1247 2233 1417 2259 causam
1445 2231 1643 2272 semper-⁰>

267 2276 358 2317 fore
396 2275 687 2316 firmissimam
726 2275 862 2317 dicere
896 2276 1079 2330 solebat,
1117 2276 1217 2316 dum
1248 2277 1316 2318 vel
1348 2291 1456 2318 unus
1488 2278 1534 2318 in
1563 2292 1609 2318 re

267 2334 440 2388 publica
480 2334 628 2376 consul
662 2337 785 2375 esset.
848 2333 970 2382 Quod
1000 2349 1098 2376 vere
1131 2334 1320 2382 dixerat..
1353 2335 1389 2376 si
1420 2335 1526 2376 illud
1559 2335 1609 2377 de

1627 469 1644 495 5

1630 764 1662 788 10

1629 1058 1661 1083 15

1628 1352 1661 1376 20

1628 1645 1661 1670 25

1627 1939 1661 1964 30
