1687 2533
525 90 624 126 CAP.
654 93 789 124 15-17
817 94 835 132 g
861 93 1010 124 32—37.
1356 87 1440 128 529

101 205 186 232 non
212 191 396 244 poterat,
428 189 472 229 in
504 187 646 228 vincla
678 185 858 227 coniecit
891 187 932 226 et
964 184 1173 226 medicum
1206 184 1442 225 intromisit

102 263 244 302 suum,
283 247 355 302 qui
386 247 549 301 legato,
589 245 723 298 socio,
762 244 916 297 amico,
953 243 1089 284 libero
1122 242 1367 284 foedissime
1400 246 1443 283 et

104 307 395 350 crudelissime
433 319 563 346 venas
604 303 820 345 incideret.
883 301 1058 344 Secures
1098 316 1196 342 suas
1231 301 1442 343 cruentari

106 366 263 408 scelere
301 364 457 417 noluit3
501 377 655 404 nomen
697 362 865 416 quidem
908 361 1056 416 populi
1098 359 1281 401 Romani
1320 363 1441 401 tanto

50 435 67 460 5
106 425 262 466 scelere
289 422 609 476 contaminavit,
642 424 689 462 ut
720 421 762 461 id
794 420 915 461 nulla
945 435 989 461 re
1021 419 1161 474 possit
1191 419 1276 460 nisi
1307 419 1442 472 ipsius

105 482 313 537 supplicio
364 481 538 536 expiari.
606 479 761 529 Quales
811 479 923 520 hunc
974 478 1190 520 carnifices
1241 480 1442 532 putamus

103 543 278 595 habere,
316 540 388 595 qui
427 540 556 581 etiam
594 538 768 580 medicis
808 538 895 579 suis
927 552 1013 579 non
1046 537 1098 578 ad
1132 537 1331 590 salutem,
1370 536 1443 578 sed

105 601 156 642 ad
187 614 334 641 necem
365 599 542 640 utatur?

194 657 275 700 Sed
306 658 545 710 recitemus,
577 657 676 711 quid
710 658 923 710 sequatur.
975 654 1142 696 ‘EIDEM
1175 666 1344 704 msoun
1377 639 1513 695 IU-17

617 715 629 731 7

53 729 86 753 10
105 729 299 760 RANDUM
325 728 614 758 NEGLECTUM.
674 715 767 756 Hoc
794 714 895 770 quid
921 714 988 766 sit,
1019 728 1096 768 per
1123 728 1166 754 se
1191 714 1332 767 ipsum
1358 727 1445 754 non

105 777 230 819 facile
268 776 543 831 interpretor,
576 774 649 815 sed
681 788 730 815 ex
763 788 831 827 eo,
863 772 976 827 quod
1008 773 1220 826 sequitur,
1253 772 1446 826 suspicor

108 836 157 876 de
200 838 372 876 tuorum
416 834 601 875 iudicum
644 831 871 874 manifesto
916 831 1102 886 periurio
1147 831 1246 885 dici,
1292 831 1445 885 quibus

107 894 212 936 olim
250 894 385 948 erepti
423 895 564 934 essent
600 891 780 941 nummi,
818 891 901 931 nisi
940 905 964 931 a
1005 892 1155 931 senatu
1185 889 1446 944 praesidium

107 953 408 1007 postulassent.
472 950 610 1000 Quare
642 952 785 991 autem
819 949 868 990 de
900 949 952 989 iis
985 949 1067 990 dici
1100 949 1309 1002 suspicer,
1341 948 1446 989 haec

56 1022 88 1046 15
110 1026 237 1053 causa
276 1013 358 1063 est,
396 1010 505 1064 quod
545 1010 604 1051 sic
643 1011 804 1058 statuo,
849 1010 891 1048 et
928 1007 1034 1048 illud
1071 1007 1115 1047 in
1152 1007 1231 1048 hac
1274 1007 1445 1048 civitate

110 1085 200 1112 esse
238 1070 421 1110 maxime
459 1069 638 1109 inlustre
677 1070 805 1121 atque
843 1066 1010 1121 insigne
1048 1066 1281 1120 periurium
1322 1068 1363 1106 et
1403 1068 1446 1106 te

108 1130 249 1184 ipsum
289 1131 433 1169 tamen
472 1127 517 1168 in
556 1126 731 1181 periurii
775 1125 935 1167 crimen
980 1125 1033 1166 ab
1078 1124 1156 1178 iis,
1194 1124 1447 1178 quibuscum

109 1187 363 1240 coniurasti,
394 1201 479 1227 non
511 1185 664 1227 vocari.

195 1245 255 1286 Et
286 1245 407 1286 video
438 1245 484 1285 in
514 1243 787 1297 haruspicum
819 1256 1071 1296 responsum
1100 1241 1206 1282 haec
1233 1255 1325 1281 esse
1353 1240 1447 1281 sub-

56 1314 90 1339 20
108 1304 269 1344 iuncta:
296 1302 578 1344 ‘SACRIFICIA
602 1312 808 1343 VETUSTA
835 1311 1141 1349 OCCULTAQUE
1167 1310 1305 1340 MINUS
1332 1310 1448 1340 DILI-

111 1373 300 1403 GENTER
342 1372 492 1402 FACTA
532 1358 871 1409 POLLUTAQUE.’
934 1358 1194 1412 Haruspices
1239 1357 1345 1398 haec
1390 1358 1448 1398 lo-

111 1422 264 1462 cuntur
307 1434 361 1461 an
403 1420 534 1474 patrii
576 1420 837 1473 penatesque
883 1417 952 1458 di?
1013 1416 1141 1457 Multi
1185 1416 1298 1456 enim
1338 1419 1449 1470 sunt,

111 1478 253 1532 credo,
293 1478 337 1519 in
379 1491 484 1532 quos
526 1477 652 1519 huius
684 1476 882 1518 maleficii
921 1475 1106 1530 suspicio
1146 1474 1281 1516 cadat.
1344 1473 1447 1522 Quis

111 1539 282 1591 praeter
312 1537 424 1578 hunc
450 1536 610 1577 unum?
655 1535 842 1577 Obscure
871 1534 1035 1587 dicitur,
1067 1548 1174 1588 quae
1207 1547 1328 1574 sacra
1359 1533 1448 1588 pol-

59 1606 92 1631 25
112 1596 202 1636 luta
227 1595 341 1636 sint?
380 1594 489 1644 Quid
515 1595 698 1649 planius,
730 1593 829 1647 quid
856 1592 1112 1647 religiosius,
1145 1592 1246 1646 quid
1273 1593 1447 1646 gravius

113 1653 194 1694 dici
225 1653 397 1707 potest?
425 1652 652 1695 eVETUSTA
678 1650 1005 1701 OCCULTAQUE.'
1050 1649 1173 1704 Nego
1204 1650 1294 1690 ulla
1322 1650 1450 1691 verba

113 1711 357 1765 Lentulum,
384 1725 559 1766 gravem
586 1714 801 1752 oratorem
827 1724 875 1751 ac
902 1710 1118 1762 disertum,
1145 1708 1326 1763 saepius,
1353 1723 1449 1750 cum

113 1773 156 1811 te
198 1772 433 1823 accusaret,
477 1783 706 1824 usurpasse
755 1783 883 1822 quam
927 1768 1048 1820 haec,
1093 1781 1200 1821 quae
1244 1781 1354 1809 nunc
1399 1782 1449 1808 ex

113 1828 306 1870 Etruscis
344 1829 466 1869 libris
504 1829 547 1869 in
584 1832 626 1869 te
665 1841 870 1868 conversa
908 1825 1353 1880 atqueinterpretata
1391 1825 1448 1866 di-

62 1897 96 1922 30
116 1890 280 1929 cuntur.
340 1886 514 1928 Etenim
547 1886 659 1940 quod
691 1885 946 1926 sacrificium
978 1888 1069 1925 tam
1100 1883 1349 1925 ‘vetustum'
1384 1886 1449 1925 est

116 1960 243 1999 quam
274 1945 373 1999 hoc,
412 1945 523 1999 quod
556 1960 580 1986 a
612 1944 782 1999 regibus
817 1943 993 1997 aequale
1024 1942 1150 1983 huius
1183 1942 1300 1983 urbis
1334 1956 1449 1983 acce-

114 2004 282 2058 pimus?
325 2004 437 2058 quod
476 2006 618 2045 autem
656 2005 746 2044 tam
788 2001 1029 2043 ‘occultum'
1071 2015 1198 2055 quam
1238 2000 1297 2049 id,
1337 2000 1450 2054 quod

115 2076 200 2103 non
227 2063 366 2104 solum
392 2062 581 2104 curiosos
608 2061 753 2103 oculos
781 2060 975 2113 excludit,
1002 2059 1075 2101 sed
1102 2059 1232 2100 etiam
1253 2059 1450 2111 errantis,

117 2134 198 2173 quo
232 2135 317 2162 non
349 2120 474 2162 modo
506 2120 757 2175 inprobitaS,
790 2118 863 2160 sed
895 2133 947 2159 ne
979 2116 1254 2172 inprudentia
1280 2116 1450 2170 quidem

63 2188 96 2213 35
115 2178 252 2231 possit
295 2179 482 2220 intrare?
528 2179 640 2233 quod
681 2177 850 2232 quidem
892 2176 1145 2218 sacrificium
1184 2189 1308 2216 nemo
1352 2178 1449 2216 ante

117 2235 161 2276 P.
194 2235 389 2277 Clodium
434 2239 549 2279 omni
593 2236 797 2278 memoria
840 2235 1037 2288 violavit,
1080 2247 1204 2275 nemo
1249 2247 1449 2287 umquam

117 2293 241 2346 adiit,
277 2309 401 2336 nemo
433 2296 640 2350 neglexit,
677 2308 801 2336 nemo
834 2293 899 2335 vir
931 2293 1118 2347 aspicere
1150 2306 1236 2332 non
1266 2291 1448 2344 horruit,

187 2367 258 2394 010.
277 2369 316 2394 11.
344 2371 369 2394 2.
1194 2363 1237 2393 34

1471 691 1514 721 36

1475 1251 1517 1283 37
