1619 2542
541 85 641 120 cAP.
669 88 759 119 6-9
788 87 806 126 g
830 88 978 119 14—22.
1412 84 1436 124 7

95 182 258 223 interea
303 181 348 222 in
390 181 549 223 saltum
599 180 795 223 homines
840 180 998 222 electos
1044 180 1241 221 maximis
1287 180 1440 222 animis

95 242 138 281 et
181 240 345 281 viribus
391 243 434 281 et
476 240 529 281 iis
575 255 714 294 arma,
759 253 865 294 quae
906 240 1058 294 cuique
1102 239 1267 280 habilia
1312 242 1440 294 atque

95 302 197 353 apta
236 302 396 353 essent,
434 301 673 353 comparat,
711 313 886 353 prorsus
918 301 967 340 ut
1000 298 1139 353 quivis
1170 298 1441 354 intellegeret

95 372 181 399 non
208 372 279 399 eos
306 357 359 399 ad
384 372 475 398 rem
501 358 721 411 rusticam,
747 372 895 399 verum
916 357 969 398 ad
989 358 1159 399 caedem
1181 372 1229 398 ac
1248 372 1439 413 pugnam

58 426 75 453 ⁵
96 417 348 471 comparari.
397 414 527 457 Brevi
558 416 634 457 illo
662 420 854 471 tempore
887 415 934 465 Q.
961 415 1057 457 Cati
1087 415 1332 470 Aemiliani,
1364 416 1440 458 ho·
1468 415 1511 446 19

95 475 221 516 minis
262 474 451 528 honesti,
494 489 619 528 quem
660 489 737 516 vos
777 475 933 528 nostiS,
975 474 1056 516 duo
1097 475 1293 517 homines
1335 476 1441 517 occi-

95 533 266 587 derunt,
292 533 428 574 multa
456 533 541 574 alia
565 534 776 588 fecerunt,
801 533 962 589 passim
988 534 1260 589 vagabantur
1282 535 1441 576 armati

92 606 180 634 non
212 592 407 646 obscure,
446 592 520 634 sed
551 595 599 633 ut
629 593 757 647 plane
795 593 1047 646 intellegere
1084 592 1349 647 viderentur,
1388 593 1439 634 ad

93 665 220 705 quam
253 665 343 692 rem
374 651 516 705 parati
548 654 707 704 essent3
746 665 891 706 agros,
922 652 1014 693 vias
1048 651 1229 706 denique
1259 652 1439 693 infestas

43 721 75 747 ιο
94 709 325 751 habebant.
363 708 496 751 Venit
520 710 566 752 in
592 709 831 751 Thurinum
858 711 1021 752 interea
1047 710 1228 752 Tullius.
1277 711 1439 752 Deinde

92 769 174 811 iste
206 772 330 823 pater
360 768 548 810 familias
580 768 799 810 Asiaticus
837 769 1008 823 beatus,
1045 784 1181 811 novus
1220 773 1366 811 arator
1397 772 1439 811 et

92 827 203 868 idem
235 828 474 882 pecuarius,
506 842 602 869 cum
634 827 953 870 ambularet‘in
986 842 1102 882 agro,
1135 828 1441 870 animadvertit

92 886 137 927 in
179 886 260 928 hac
302 886 397 941 ipsa
441 886 632 928 centuria
675 886 914 941 Populiana
965 887 1204 928 aedificium
1248 902 1335 928 non
1377 888 1439 929 ita

94 959 300 1000 magnum
333 959 587 1000 servumque
617 945 673 987 M.
700 944 814 987 Tulli
846 945 1079 988 Philinum.
1129 945 1256 995 <Quid
1287 945 1440 999 vobis’,
1465 946 1511 977 20

41 1014 74 1040 15
93 1004 249 1058 inquit,
289 1003 406 1045 <istic
443 1004 609 1060 negotii
640 1004 685 1045 in
716 1019 811 1046 meo
851 1004 966 1046 est‘?'
1030 1003 1185 1046 Servus
1218 1005 1440 1058 respondit

92 1063 314 1116 pudenter,
361 1065 406 1104 at
448 1077 535 1105 non
579 1063 728 1117 stulte,
773 1063 993 1105 dominum
1037 1077 1129 1105 esse
1175 1063 1228 1104 ad
1270 1063 1438 1117 villam3

92 1135 218 1176 posse
250 1136 348 1162 eum
380 1137 475 1163 cum
508 1136 556 1163 eo
590 1121 846 1177 disceptare,
887 1122 923 1163 si
957 1121 1059 1176 quid
1089 1122 1233 1165 vellet.
1294 1122 1440 1178 Rogat

91 1179 251 1221 Fabius
283 1181 565 1222 Acerronium
598 1179 717 1234 (nam
748 1180 809 1222 ibi
840 1183 933 1222 tum
966 1179 1096 1236 erat),
1128 1185 1175 1222 ut
1206 1195 1350 1222 secum
1384 1181 1439 1222 si-

92 1239 182 1280 mul
225 1239 370 1280 veniat
414 1240 465 1281 ad
510 1239 711 1281 Tullium.
778 1238 974 1281 Venitur.
1042 1239 1305 1281 Ad‘villam
1349 1244 1440 1281 erat

38 1307 73 1333 20
93 1297 269 1339 Tullius.
332 1298 537 1353 Appellat
565 1297 743 1350 Fabius,
778 1301 828 1340 ut
860 1301 934 1340 aut
963 1298 1056 1353 ipse
1089 1298 1279 1340 Tullium
1312 1298 1437 1340 dedu-

93 1359 206 1397 ceret
250 1358 324 1397 aut
369 1357 422 1398 ab
468 1371 516 1399 eo
561 1357 849 1398 deduceretur.
910 1356 1027 1399 Dicit
1071 1357 1348 1399 deducturum
1393 1371 1438 1398 se

92 1414 280 1469 Tullius,
334 1415 626 1457 vadimonium
681 1415 815 1457 Fabio
870 1414 1054 1457 Romam
1112 1416 1437 1470 promissurum.

90 1472 238 1514 Manet
280 1474 325 1515 in
368 1488 418 1515 ea
461 1474 707 1516 condicione
738 1474 913 1515 Fabius.
978 1473 1150 1515 Mature
1194 1474 1436 1516 disceditur.
1462 1509 1488 1548 9

95 1531 294 1573 Proxima
324 1535 462 1585 nocte,
494 1532 579 1574 iam
611 1532 700 1573 fere
732 1547 827 1573 cum
860 1533 934 1573 lux
967 1532 1349 1587 adpropinquaret,
1382 1533 1435 1574 ad
1461 1559 1505 1590 21

39 1601 72 1627 25
93 1590 200 1631 illud
228 1590 477 1644 aedificium,
509 1591 559 1632 de
593 1605 675 1645 quo
709 1593 837 1632 antea
869 1590 967 1644 dixi,
999 1591 1110 1645 quod
1143 1594 1236 1632 erat
1267 1592 1312 1632 in
1343 1606 1435 1633 cen-

91 1650 205 1690 turia
243 1649 501 1704 Populiana,
541 1649 653 1690 servi
691 1649 734 1690 P.
765 1648 873 1690 Fabi
912 1648 1158 1704 frequentes
1197 1650 1435 1705 armatique

91 1707 285 1761 veniunt3
321 1708 547 1749 introitum
584 1707 668 1762 ipsi
705 1707 786 1748 sibi
823 1709 864 1749 υἱ
900 1722 1110 1762 manuque
1151 1708 1435 1764 patefaciunt,

90 1765 287 1808 homines
327 1767 474 1822 magni
511 1766 639 1821 pretii
680 1780 825 1808 servos
858 1765 914 1808 M.
945 1767 1060 1808 Tulli
1095 1781 1172 1809 nec
1209 1768 1435 1823 opinantes

93 1825 357 1879 adoriuntur3
398 1825 510 1880 quod
541 1825 665 1866 facile
698 1825 814 1866 factu
845 1824 944 1879 fuit,
983 1840 1120 1880 neque
1151 1829 1241 1867 tam
1275 1827 1434 1868 multos

39 1894 74 1919 30
93 1897 229 1938 neque
273 1887 560 1938 repugnantes
604 1884 730 1924 multi
771 1884 927 1925 armati
970 1885 1196 1939 paratique
1237 1885 1434 1927 occidunt

93 1946 342 1996 tantumque
363 1943 449 1984 odii
469 1942 819 1997 crudelitatisque
838 1942 1092 1997 habuerunt,
1125 1946 1173 1985 ut
1193 1958 1265 1985 eos
1287 1959 1324 1986 o
1317 1958 1432 1985 nnes

92 2001 421 2055 gurgulionibus
452 2001 628 2043 insectis
660 2001 787 2042 ielin
772 2004 961 2055 q·,ue1ent
991 2016 1056 2055 ne,
1088 2002 1125 2043 si
1157 2017 1282 2056 quem
1309 2003 1433 2044 semi-

90 2059 234 2100 vivum
268 2074 316 2101 ac
348 2060 583 2114 spirantem
617 2060 745 2101 etiam
779 2059 1070 2114 reliquissent,
1102 2061 1243 2102 minor
1273 2060 1326 2102 iis
1359 2061 1433 2103 ho

91 2132 171 2158 nor
200 2117 449 2171 haber-etur,
481 2121 703 2173 praeterea
726 2121 887 2159 tectum
915 2119 1148 2173 villamque
1176 2119 1432 2160 disturbant.

38 2186 71 2212 35
91 2175 215 2217 Hanc
252 2191 342 2217 rem
380 2180 470 2218 tam
513 2180 719 2231 atrocem,
757 2180 847 2218 tam
883 2176 1121 2232 indignam,
1158 2180 1247 2218 tam
1285 2192 1430 2231 repen·
1459 2188 1503 2219 22

91 2234 225 2275 tinam
256 2235 427 2276 nuntiat
459 2235 514 2277 M.
547 2235 689 2277 Tullio
722 2235 934 2289 Philinus,
976 2250 1101 2290 quem
1141 2238 1264 2277 antea
1299 2236 1434 2277 nomi-

90 2292 209 2346 navi,
242 2293 315 2347 qui
347 2294 536 2348 graviter
569 2294 738 2336 saucius
772 2307 793 2335 e
826 2294 950 2336 caede
984 2296 1202 2348 effugerat.
1265 2294 1433 2336 Tullius
