1619 2542
73 186 92 218 3

78 1027 131 1068 13

102 1079 120 1109 2

78 1081 96 1109 3

84 1998 104 2028 ζ’)

100 187 115 218 1

109 1998 128 2028 02

145 79 233 121 200
451 77 516 113 DE
542 76 668 112 LEGE
694 75 909 111 AGRARIA
935 74 1115 110 ORATIO
1141 75 1185 111 II.

233 174 329 217 Sint
359 174 493 229 igitur
526 173 751 215 decemviri
782 186 918 226 neque
944 171 1056 213 veris
1082 170 1280 225 comitiis,
1311 170 1393 213 hoc
1418 174 1485 213 est

144 234 293 289 populi
338 233 573 288 suffragiis,
624 245 760 285 neque
804 231 889 271 illis
934 230 986 271 ad
1031 230 1216 283 speciem
1261 232 1387 283 atque
1431 229 1484 270 ad

143 291 465 346 usurpationem
496 290 724 332 vetustatis
758 303 833 343 per
863 301 961 330 XXX
991 288 1165 329 lictores
1197 287 1484 343 auspiciorum

144 366 272 393 causa
304 351 569 391 adumbratis
603 348 838 390 constituti.
899 346 1053 388 Videte
1083 361 1207 400 nunc,
1240 361 1324 400 eos,
1356 347 1428 400 qui
1459 361 1484 387 a

144 409 264 451 vobis
315 409 421 450 nihil
465 408 693 462 potestatis
738 406 996 459 acceperint,
1048 408 1208 459 quanto
1252 404 1514 446 maioribus5

145 468 408 510 ornamentis
448 466 636 519 adficiat,
675 480 802 520 quam
842 478 988 505 omnes
1026 477 1104 505 nos
1139 463 1293 504 adfecti
1326 477 1479 514 sumus,

146 527 299 581 quibus
350 540 426 566 vos
478 524 766 579 amplissimas
816 524 1055 578 potestates
1106 521 1293 563 dedistis.
1360 520 1482 562 Iubet

145 585 336 639 auspicia
374 584 640 625 coloniarum
680 581 1017 623 deducendarum
1056 595 1185 622 causa
1223 580 1480 622 decemviros

144 644 319 696 habere,
356 642 563 696 pullarios
609 641 786 682 ‘EODEM
824 639 961 693 IURE'‚
998 639 1158 693 inquit,
1195 638 1302 689 ‘Quo
1346 649 1481 680 HARU-

144 713 300 743 ERL’NT
327 713 475 742 111V1m
507 711 630 741 LEGE
661 697 958 741 SEMPRONIA’.
1007 698 1152 739 Audes
1172 698 1314 751 etiam,
1345 697 1480 749 Rulle,
1501 709 1534 735 ιο

145 760 405 801 mentionem
449 760 587 800 facere
631 758 740 813 legis
789 756 1083 812 Semproniae,
1125 770 1203 798 nec
1244 759 1288 797 te
1332 770 1381 797 ea
1417 756 1482 796 lex

145 820 239 874 ipsa
277 821 520 860 commonet
557 818 724 858 mviros
762 816 861 857 illos
899 827 1026 857 XXXV
1056 815 1247 856 tribuum
1281 813 1482 869 suffragio

147 880 312 919 creatos
346 877 468 918 esse?
529 876 600 929 Et,
632 890 726 917 cum
759 878 807 916 tu
840 889 864 916 a
895 873 957 916 Ti.
979 873 1163 915 Gracchi
1195 873 1411 927 aequitate
1434 886 1483 913 ac

146 936 305 990 pudore
338 934 589 989 longissime
621 936 811 974 remotus
845 933 922 987 sis,
959 932 1021 986 id,
1053 932 1166 986 quod
1197 931 1484 973 dissimillima

148 995 313 1036 ratione
355 994 515 1035 factum
554 993 629 1046 sit,
667 992 813 1033 eodem
851 992 941 1032 iure
973 994 1100 1046 putas
1133 1005 1225 1032 esse
1256 989 1482 1044 oportere?
1503 1002 1536 1028 15

147 1053 234 1094 Dat
270 1055 493 1107 praeterea
528 1053 790 1106 potestatem
818 1050 951 1093 verbo
989 1049 1270 1104 praetoriam,
1307 1062 1353 1089 re
1384 1062 1485 1089 vera

148 1112 328 1166 regiam3
369 1110 517 1151 definit
553 1110 598 1150 in
630 1108 983 1163 quinquennium,
1020 1107 1127 1148 facit
1159 1106 1484 1160 sempiternam3

148 1170 282 1211 tantis
334 1170 446 1209 enim
498 1168 722 1209 confirmat
766 1167 918 1221 opibus
963 1168 1005 1207 et
1049 1165 1199 1220 copiis,
1249 1168 1297 1205 ut
1339 1164 1484 1205 invitis

149 1228 255 1282 eripi
286 1228 404 1268 nullo
437 1226 562 1268 modo
594 1226 742 1281 possit.
798 1224 960 1266 Deinde
993 1227 1120 1265 ornat
1155 1223 1485 1278 apparitoribus,

150 1286 319 1339 scribis,
363 1285 570 1337 librariis,
614 1284 914 1339 praeconibus,
960 1282 1222 1334 architectis,
1264 1283 1485 1336 praeterea
1504 1290 1538 1315 20

149 1345 295 1396 mulis,
343 1343 651 1397 tabernaculis,
707 1342 895 1394 cibariis,
945 1341 1219 1396 supellectili3
1268 1342 1486 1393 sumptum

149 1404 295 1445 haurit
339 1417 389 1444 ex
433 1402 616 1455 aerario,
654 1401 898 1455 suppeditat
942 1414 967 1441 a
1010 1400 1154 1452 sociis3
1200 1398 1392 1439 finitores
1425 1411 1487 1441 dex

150 1461 338 1516 equestri
390 1461 484 1502 loco
531 1461 752 1513 ducentos,
803 1459 973 1500 vicenos
1025 1457 1205 1512 singulis
1255 1457 1487 1511 stipatores

150 1520 341 1575 corporis
397 1519 641 1572 constituit,
696 1517 866 1559 eosdem
916 1516 1136 1557 ministros
1186 1518 1230 1556 et
1279 1514 1487 1557 satellites

149 1578 389 1634 potestatis.
1505 1583 1539 1610 25

238 1636 438 1678 Formam
473 1636 609 1677 adhuc
634 1635 816 1688 habetis,
849 1634 1048 1686 Quirites,
1074 1635 1116 1674 et
1142 1632 1324 1687 speciem
1349 1632 1486 1686 ipsam

152 1698 452 1749 tyrannorum3
482 1694 670 1750 insignia
691 1693 842 1735 videtis
869 1692 1111 1747 potestatis,
1135 1691 1325 1732 nondum
1349 1691 1488 1743 ipsam

153 1756 423 1808 potestatem.
490 1752 660 1794 Dixerit
704 1752 816 1793 enim
858 1752 1041 1792 fortasse
1085 1749 1319 1803 quispiam:
1363 1746 1489 1796 ‘Quid

153 1826 221 1853 me
264 1812 349 1852 ista
392 1810 585 1864 laedunt,
636 1811 794 1863 scriba,
837 1810 979 1862 lictor,
1022 1822 1194 1862 praeco,
1235 1805 1487 1860 pullarius?'

155 1869 308 1911 Omnia
341 1872 440 1910 sunt
470 1869 574 1910 haec
605 1869 730 1910 huius
757 1868 884 1922 modi,
915 1866 1111 1919 Quirites,
1142 1868 1200 1918 ut,
1231 1878 1280 1905 ea
1313 1865 1385 1918 qui
1416 1865 1488 1905 ha·
1507 1876 1542 1902 30

155 1929 256 1969 beat
283 1928 372 1968 sine
405 1927 560 1968 vestris
594 1927 828 1982 suffragiis,
860 1928 934 1967 aut
963 1939 1037 1966 rex
1066 1939 1152 1965 non
1180 1923 1383 1964 ferundus
1416 1926 1490 1964 aut

155 1987 351 2041 privatus
393 1985 580 2026 furiosus
626 2000 716 2026 esse
760 1985 964 2026 videatur.
1035 1981 1287 2036 Perspicite,
1330 1984 1489 2036 quanta

156 2047 351 2100 potestas
392 2043 687 2097 permittatur,
723 2057 810 2084 non
846 2042 1112 2097 privatorum
1150 2039 1379 2093 insaniam,
1416 2039 1489 2081 sed

155 2102 480 2144 intolerantiam
511 2115 661 2155 regum
688 2116 779 2142 esse
807 2101 966 2142 dicetis.
1009 2098 1200 2139 Primum
1225 2098 1489 2151 permittitur

157 2162 325 2203 infinita
367 2161 559 2215 potestas
603 2159 924 2200 innumerabilis
968 2156 1169 2212 pecuniae
1207 2156 1489 2198 conficiendae
1508 2165 1542 2193 35

156 2220 312 2261 vestris
332 2218 616 2273 vectigalibus
635 2232 722 2258 non
740 2217 941 2269 fruendis,
968 2215 1041 2256 sed
1061 2214 1314 2268 alienandis3
1341 2214 1490 2255 deinde

157 2278 274 2320 orbis
326 2280 537 2318 terrarum
581 2275 858 2330 gentiumque
901 2273 1090 2316 omnium
1134 2273 1258 2314 datur
1301 2273 1489 2328 cognitio
