1687 2533
578 80 679 116 CAP.
706 84 797 115 3—5
823 84 842 122 5
870 84 994 115 7—11.
1364 83 1447 124 461

111 192 198 220 non
223 177 348 219 modo
375 191 454 231 me,
484 177 557 218 sed
583 177 720 219 omnis
746 177 882 218 bonos
909 176 1020 218 ferre
1047 179 1276 232 oporteret,
1304 192 1450 220 eorum

113 237 324 292 optimum
357 236 583 278 consilium
615 250 694 292 ego
726 235 1002 290 potissimum
1034 250 1110 289 per
1142 251 1213 278 eos
1240 237 1285 277 in
1311 252 1450 279 meam

111 295 339 349 pristinam
388 295 643 350 dignitatem
693 294 916 336 restitutus
967 309 1060 336 meo
1106 295 1285 337 consilio
1330 310 1450 350 repu-

113 354 301 395 diarem?
370 353 430 394 At
468 368 596 408 quam
632 353 890 394 sententiam
929 353 1044 395 dixi?
1113 353 1304 395 Primum
1343 369 1449 408 eam,

74 423 92 449 5
114 427 240 467 quam
279 412 428 466 populi
466 426 603 453 sermo
642 412 687 453 in
725 412 877 453 animis
909 412 1070 453 nostris
1102 412 1187 454 iam
1222 415 1320 454 ante
1354 413 1450 455 defi-

110 474 243 525 xerat,
275 471 424 512 deinde
457 485 561 525 eam,
593 485 700 525 quae
733 473 825 512 erat
858 471 1147 524 superioribus
1182 471 1329 513 diebus
1363 473 1450 527 agi-

110 532 204 571 tata
240 530 285 570 in
318 531 485 583 senatu,
524 530 702 584 denique
735 544 847 583 eam,
886 544 1012 583 quam
1046 533 1219 572 senatus
1251 531 1449 586 frequens

110 591 222 642 tum,
261 602 356 629 cum
395 588 500 630 mihi
538 591 602 630 est
640 588 862 642 adsensus,
901 590 1070 630 secutus
1109 592 1190 643 est,
1227 592 1276 630 ut
1312 604 1449 644 neque

111 647 256 689 adlata
282 647 338 688 sit
372 662 397 688 a
428 661 493 688 me
524 661 592 688 res
623 647 846 701 inopinata
878 661 926 689 ac
958 661 1116 701 recens,
1147 663 1236 701 nec,
1270 649 1305 689 si
1338 649 1451 703 quod

58 717 92 741 10
110 706 157 747 in
197 706 407 747 sententia
444 706 595 747 vitium
635 708 717 759 est,
756 706 892 747 maius
934 706 990 747 sit
1027 706 1134 760 eius,
1173 707 1245 761 qui
1285 707 1450 761 dixerit,

112 779 239 819 quam
273 765 476 817 omnium,
507 764 579 819 qui
609 765 845 818 probarint.
897 764 957 805 At
984 765 1096 806 enim
1122 766 1305 807 liberum
1333 781 1449 808 sena-

110 826 181 865 tus
226 823 425 865 iudicium
467 826 644 878 propter
688 826 849 864 metum
887 838 975 864 non
1010 824 1103 865 fuit.
1172 822 1217 865 Si
1254 825 1449 866 timuisse

111 896 183 923 eos
215 882 340 936 facis,
372 882 444 937 qui
476 882 775 936 discesserunt,
808 882 988 924 concede
1019 897 1106 924 non
1136 883 1332 925 timuisse
1366 899 1451 938 eos,

112 941 185 995 qui
211 943 524 994 remanserunt,
551 941 618 982 sin
644 943 787 982 autem
814 941 903 982 sine
930 941 996 994 115,
1023 941 1095 994 qui
1120 944 1214 982 tum
1240 943 1450 996 afuerunt,

58 1009 91 1034 15
111 999 220 1040 nihil
252 999 419 1041 decerni
450 999 582 1040 libeie
607 999 761 1054 potuit,
793 1014 888 1041 cum
916 1014 1062 1041 omnes
1089 1001 1298 1055 adessent,
1331 1016 1450 1056 coep-

109 1061 203 1099 tum
248 1060 313 1098 est
355 1058 506 1099 referii
550 1058 599 1098 de
644 1058 879 1100 inducendo
923 1062 1095 1100 senatus
1135 1035 1351 1114 consulto,
1396 1061 1448 1101 ab

110 1116 308 1158 universo
343 1119 493 1158 senatu
525 1117 802 1158 reclamatum
835 1119 910 1158 est.
962 1116 1043 1158 Sed
1077 1132 1247 1174 quaero,
1279 1119 1323 1159 in
1355 1119 1450 1173 ipsa

112 1175 334 1228 sententia,
361 1175 561 1229 quoniam
587 1175 786 1230 princeps
815 1190 894 1231 ego
916 1190 1010 1217 sum
1031 1177 1119 1217 eius
1141 1179 1270 1231 atque
1291 1181 1452 1231 auctor,

113 1234 214 1288 quid
245 1234 537 1289 reprendatur.
585 1233 744 1275 Utrum
777 1249 904 1276 causa
935 1235 1037 1276 novi
1063 1236 1230 1276 consilii
1257 1236 1451 1290 capiendi

58 1303 93 1328 20
112 1307 199 1334 non
228 1292 322 1346 fuit,
355 1307 409 1334 an
440 1307 559 1334 meae
591 1296 735 1347 partes
767 1293 812 1333 in
843 1307 891 1334 ea
925 1308 1053 1334 causa
1082 1308 1170 1335 non
1195 1295 1451 1349 praecipuae

111 1351 294 1405 fuerunt,
318 1365 372 1391 an
398 1351 483 1392 alio
509 1352 653 1405 potius
681 1351 1011 1406 confugiendum
1037 1352 1120 1393 fuit
1146 1353 1300 1394 nobis‘?
1333 1352 1450 1401 Quae

112 1423 240 1451 causa
277 1409 414 1450 maior
452 1424 579 1464 quam
617 1409 752 1450 fames
792 1423 882 1451 esse
920 1410 1079 1464 potuit,
1116 1425 1244 1464 quam
1286 1411 1450 1463 seditio,

113 1482 240 1522 quam
274 1467 452 1509 consilia
483 1470 559 1509 tua
589 1469 858 1522 tuorumque,
892 1468 963 1522 qui
989 1468 1196 1510 facultate
1223 1470 1372 1511 oblata
1398 1470 1452 1511 ad

112 1526 409 1581 imperitorum
454 1526 618 1567 animos
661 1526 900 1568 incitandos
945 1530 1252 1569 renovaturum
1296 1532 1338 1569 te
1377 1531 1452 1570 tua

59 1595 92 1621 25
112 1585 200 1626 illis
238 1584 407 1625 funesta
444 1584 670 1626 latrocinia
700 1585 730 1637 †
761 1585 910 1626 binum
938 1599 1015 1638 per
1047 1600 1242 1627 annonae
1277 1601 1450 1629 causam

112 1643 305 1698 putasti?
361 1642 638 1684 Frumentum
675 1643 918 1697 provinciae
954 1643 1261 1686 frumentariae
1293 1646 1450 1699 partim

112 1716 200 1743 non
229 1701 464 1755 habebant,
498 1701 657 1756 partim
688 1702 732 1742 in
764 1702 871 1742 alias
903 1704 1058 1754 terras,
1096 1704 1236 1757 credo,
1273 1707 1451 1758 propter

115 1760 361 1802 aviditatem
393 1760 663 1801 venditorum
695 1760 917 1814 miserant,
954 1761 1128 1815 partim,
1167 1777 1250 1817 quo
1283 1763 1449 1818 gratius

115 1821 227 1860 esset
264 1821 375 1871 tum,
413 1833 508 1860 cum
545 1819 590 1859 in
620 1819 715 1873 ipsa
745 1819 856 1860 fame
889 1819 1204 1873 subvenissent,
1244 1821 1449 1863 custodiis

63 1888 98 1913 30
118 1877 204 1918 suis
237 1877 426 1918 clausum
458 1877 746 1929 continebant,
778 1879 826 1918 ut
858 1877 1000 1920 subito
1032 1893 1190 1920 novum
1216 1879 1449 1921 mitterent.

114 1935 198 1977 Res
243 1938 335 1977 erat
376 1949 463 1977 non
506 1936 551 1976 in
594 1935 793 1989 opinione
838 1935 982 1990 dubia,
1032 1937 1105 1978 sed
1148 1937 1192 1978 in
1232 1938 1450 1992 praesenti

117 1995 243 2048 atque
281 1995 378 2035 ante
419 1994 565 2035 oculos
602 1994 825 2048 proposito
863 1995 1070 2050 periculo,
1107 2010 1243 2050 neque
1281 1996 1324 2036 id
1355 2010 1450 2037 con-

116 2051 277 2094 iectura
320 2052 704 2106 prospiciebamUS,
749 2052 821 2093 sed
864 2053 950 2093 iam
987 2054 1152 2108 experti
1188 2054 1449 2095 videbamus.

115 2108 229 2151 Nam
260 2124 356 2151 cum
385 2110 702 2165 ingravesceret
733 2125 921 2164 annona,
950 2114 999 2153 ut
1029 2112 1115 2153 iam
1148 2113 1273 2165 plane
1304 2112 1449 2166 inopia

64 2178 97 2204 35
118 2182 164 2209 ac
205 2168 358 2222 fames,
401 2183 487 2210 non
529 2169 684 2210 caritas
728 2169 969 2224 timeretur,
1013 2184 1243 2212 concursus
1288 2173 1353 2211 est
1397 2171 1449 2212 ad

117 2226 324 2280 templum
369 2224 628 2268 Concordiae
682 2227 820 2269 factus
872 2232 1067 2270 senatum
1117 2229 1220 2270 illuc
1269 2231 1448 2270 vocante

117 2283 292 2325 Metello
324 2285 506 2326 consule.
556 2284 636 2334 Qui
664 2286 698 2327 si
723 2300 847 2327 verus
872 2286 955 2328 fuit
981 2301 1031 2328 ex
1057 2287 1201 2328 dolore
1227 2286 1448 2328 hominum

1478 778 1519 809 10

1482 1120 1498 1128 -r

1478 1133 1504 1161 O

1480 1657 1519 1688 11
