1619 2542
593 68 692 105 CAP.
721 73 809 104 1-3
837 72 856 112 g
885 73 985 106 1—6.
1387 72 1470 114 301

126 168 348 220 praestare
381 165 519 219 debet,
551 165 623 220 qui
656 180 698 207 se
724 180 835 207 nexu
862 166 1086 221 obligavit,
1118 167 1314 222 profecto
1342 168 1471 210 etiam

127 226 287 266 rectius
313 225 358 266 in
382 224 538 266 iudicio
565 224 752 266 consulis
780 224 993 281 designati
1017 225 1054 266 is
1080 226 1354 280 potissimum
1374 241 1471 269 con-

129 283 214 337 sul,
252 283 324 338 qui
363 284 577 325 consulem
618 283 870 338 declaravit,
910 286 1060 326 auctor
1096 285 1291 327 beneficii
1322 286 1471 341 populi

127 341 312 383 Romani
344 341 623 396 defensorque
656 342 833 395 periculi
866 356 957 384 esse
990 342 1174 385 debebit.
1235 344 1299 385 Ac
1332 344 1384 397 si,
1423 348 1471 386 ut
1495 356 1517 387 4

92 410 214 442 511011
255 401 386 442 nullis
430 401 475 441 in
518 400 766 442 civitatibus
810 401 904 442 fieri
947 402 1076 454 solet,
1119 404 1327 457 patronus
1371 402 1470 444 huic

129 473 280 501 causae
317 458 487 514 publice
526 460 878 513 constitueretur,
915 460 951 501 is
990 461 1263 514 potissimum
1302 476 1469 503 summo

129 518 290 559 honore
334 517 500 560 adfecto
540 518 737 559 defensor
776 518 966 571 daretur,
1011 519 1083 573 qui
1122 520 1270 561 eodem
1308 520 1469 562 honore

128 576 347 630 praeditus
373 591 459 618 non
486 576 627 618 minus
654 576 840 618 adferret
866 577 919 618 ad
946 577 1169 620 dicendum
1196 579 1468 621 auctoritatis

128 649 256 690 quam
293 635 527 677 facultatis.
589 634 749 684 Quodsi
786 649 806 677 e
841 638 969 691 por—tu
1009 637 1272 678 solventibus
1310 637 1359 692 ii,
1397 639 1469 692 qui

76 704 110 729 1⁰
130 696 213 735 iam
247 694 292 735 in
322 696 492 749 portum
527 708 577 735 ex
609 694 698 735 alto
726 694 997 749 invehuntur,
1029 696 1275 750 praecipere
1301 710 1468 738 summo

130 753 270 794 studio
304 753 444 794 solent
475 754 517 793 et
546 755 854 806 tempestatum
886 755 1099 795 rationem
1132 757 1174 795 et
1205 755 1469 809 praedonum

128 814 171 852 et
207 812 416 864 locorum,
454 811 566 865 quod
603 813 759 853 natura
795 811 897 866 fert,
935 815 983 853 ut
1022 813 1081 853 eis
1113 812 1354 867 faveamus,
1396 815 1469 868 qui

128 870 273 911 eadem
313 870 522 925 pericula,
566 870 720 924 quibus
757 885 836 912 nos
875 871 1087 925 perfuncti
1126 886 1290 925 sumus,
1327 872 1467 928 ingre-

128 928 316 983 diantur,
361 943 442 982 quo
486 929 659 970 tandem
703 943 770 970 me
810 943 901 971 esse
941 931 1084 971 animo
1124 933 1297 985 oportet
1333 946 1467 987 prope

74 996 107 1022 1⁵
127 987 212 1028 iam
256 1002 306 1028 ex
345 1000 502 1043 magna
539 987 771 1029 iactatione
808 991 969 1029 terram
1006 989 1221 1030 videntem
1258 989 1304 1030 in
1343 991 1467 1044 hunc,

126 1046 194 1087 cui
242 1046 364 1087 video
421 1046 630 1087 maximas
686 1046 749 1088 rei
797 1047 993 1101 publicae
1042 1050 1322 1102 tempestates
1374 1063 1467 1090 esse

127 1104 400 1146 subeundas‘.>
470 1104 626 1158 Quare,
664 1106 701 1146 si
739 1108 805 1146 est
836 1105 939 1147 boni
977 1107 1164 1148 consulis
1202 1121 1290 1148 11011
1329 1108 1467 1149 solum

125 1163 285 1218 videre,
335 1162 435 1217 quid
482 1166 655 1217 agatur,
703 1178 851 1205 verum
898 1164 1028 1206 etiam
1072 1165 1314 1220 providere,
1366 1167 1466 1221 quid

125 1221 318 1263 futurum
370 1222 442 1272 sit,
493 1222 715 1263 ostendam
765 1223 850 1264 alio
897 1224 1010 1277 1000,
1061 1226 1269 1278 quantum
1315 1225 1465 1266 salutis

73 1290 108 1314 20
126 1281 361 1322 communis
387 1280 559 1322 intersit
585 1281 689 1322 duos
716 1282 910 1322 consules
937 1282 981 1322 in
1002 1296 1046 1322 re
1067 1282 1239 1335 publica
1258 1281 1464 1324 Kalendis

124 1337 335 1380 Ianuariis
367 1353 472 1380 esse.
515 1338 636 1387 Quod
669 1339 706 1380 si
736 1340 799 1380 ita
832 1342 908 1393 est,
939 1354 1025 1381 non
1056 1343 1146 1380 tam
1178 1355 1244 1381 me
1277 1341 1465 1382 officium
1492 1352 1512 1383 5

128 1396 272 1438 debuit
311 1396 363 1438 ad
400 1397 587 1438 hominis
627 1397 751 1438 amici
789 1397 986 1438 fortunas
1027 1413 1153 1452 quam
1192 1413 1260 1439 res
1292 1399 1466 1454 publica

127 1455 345 1496 consulem
377 1455 431 1496 ad
462 1469 727 1496 communem
760 1456 942 1496 salutem
970 1456 1275 1498 defendendam
1302 1472 1465 1499 vocare.

127 1512 239 1554 Nam
279 1513 391 1568 quod
428 1514 566 1567 legem
605 1513 654 1554 de
693 1514 858 1555 ambitu
895 1514 994 1568 tuli,
1031 1517 1143 1556 certe
1181 1515 1244 1556 ita
1281 1515 1379 1569 tuli,
1416 1519 1465 1558 ut
1490 1518 1516 1559 3

74 1581 107 1606 25
128 1586 232 1625 eam,
260 1586 387 1626 quam
413 1571 610 1613 mihimet
634 1572 716 1625 ipsi
741 1572 827 1613 iam
847 1572 1010 1626 pridem
1030 1574 1214 1614 tuleram
1237 1573 1287 1614 de
1307 1575 1464 1616 civium

127 1629 325 1683 periculis
346 1629 630 1684 defendendis,
656 1644 741 1672 non
762 1631 1027 1686 abrogarem.
1070 1632 1255 1686 Etenim,
1282 1633 1318 1673 si
1337 1633 1464 1688 largi-

126 1689 288 1730 tionem
319 1688 480 1730 factam
506 1703 597 1729 esse
629 1689 854 1730 confiterer
884 1689 1010 1743 idque
1035 1693 1148 1731 recte
1179 1691 1341 1732 factum
1370 1706 1463 1733 esse

128 1747 408 1801 defenderem,
439 1747 622 1789 facerem
654 1747 859 1801 improbe,
892 1748 1060 1789 etiamsi
1093 1748 1201 1790 alius
1235 1749 1374 1804 legem
1400 1754 1463 1792 tu-

128 1805 264 1859 iisset,
302 1819 397 1847 011111
435 1820 536 1847 velo
573 1805 683 1846 nihil
716 1806 985 1847 commissum
1019 1810 1167 1848 contra
1199 1808 1339 1864 legem
1372 1824 1463 1850 esse

75 1873 109 1899 3⁰
130 1863 364 1917 defendam,
391 1864 490 1918 quid
516 1867 592 1916 est,
619 1864 731 1918 quod
759 1879 897 1905 meam
918 1865 1208 1907 defensionem
1228 1867 1332 1908 latio
1354 1868 1461 1923 legis

126 1921 358 1976 impediat?
401 1923 462 1964 At
485 1925 617 1978 negat
643 1937 733 1963 esse
760 1923 947 1964 eiusdem
968 1924 1207 1966 severitatis
1230 1924 1461 1967 Catilinam
1488 1938 1508 1968 6

129 1980 304 2021 exitium
347 1982 407 2022 rei
444 1981 641 2046 publicae
678 1981 793 2022 intra
829 1982 998 2023 moenia
1034 1983 1281 2025 molientem
1321 1984 1461 2025 verbis

128 2040 172 2078 et
207 2052 340 2092 paene
377 2039 555 2093 imperio
594 2054 645 2080 ex
682 2039 785 2080 urbe
824 2040 1036 2094 expulisse
1074 2043 1117 2082 et
1152 2056 1263 2083 nunc
1300 2056 1376 2095 pro
1415 2042 1460 2083 L.

46 2099 48 2149 ζ
126 2095 304 2137 Murena
345 2097 494 2139 dicere.
562 2098 657 2153 Ego
703 2100 844 2138 autem
888 2099 964 2140 has
1011 2100 1146 2153 partis
1190 2100 1380 2141 lenitatis
1420 2104 1462 2142 et

46 2154 47 2197 l
75 2164 110 2190 85
129 2154 455 2209 misericordiae,
487 2171 592 2210 quas
624 2170 691 2197 me
717 2159 870 2198 natura
894 2157 988 2210 ipsa
1014 2157 1169 2212 docuit,
1202 2172 1369 2211 semper
1395 2160 1461 2213 egi

44 2214 46 2219 ’
127 2212 324 2266 libenter,
353 2213 474 2255 illam
503 2229 604 2256 vero
631 2215 857 2270 gravitatis
884 2192 1207 2271 severitatisqiie
1233 2231 1460 2270 peisonam

127 2285 215 2312 non
246 2271 451 2326 appetivi,
483 2272 556 2314 sed
588 2273 640 2314 ab
672 2287 717 2314 le
748 2273 922 2328 publica
953 2274 1058 2316 mihi
1090 2275 1339 2330 impositam
1372 2289 1460 2316 sus-
