1619 2542
569 59 667 95 CAP.
695 64 737 95 21
765 64 784 103 ἓ
809 65 958 96 46-49.
1381 62 1437 103 35

98 172 224 212 quere
267 157 567 210 arbitraretur,
612 171 719 211 quae
758 172 859 199 suus
900 160 1022 212 pater
1060 158 1143 199 sibi
1183 158 1437 212 reliquisset,

97 216 208 257 idem
235 230 346 257 nunc
367 216 623 258 conturbato
650 216 792 257 animo
818 216 1095 271 pertimescit,
1119 231 1172 258 ne
1197 231 1283 258 non
1309 217 1435 258 modo

98 278 348 316 ornamento
382 277 424 316 et
455 273 701 317 adiumento
732 289 818 316 non
851 275 906 316 sit
938 275 1039 328 suis,
1071 275 1144 317 sed
1177 275 1307 316 etiam
1340 290 1436 317 cum

99 333 373 375 acerbissimo
399 333 518 374 luctu
539 333 716 375 dedecus
738 337 956 375 aeternum
977 334 1145 376 miseris
1166 337 1294 388 atque
1319 335 1436 389 igno-

63 392 274 433 5miniam
311 391 535 446 relinquat.
599 393 679 444 [39]
717 392 751 434 O
788 392 1004 434 fortunam
1041 393 1169 449 longe
1208 393 1435 448 disparem,

97 450 153 492 M.
185 450 353 504 Fontei,
391 450 428 491 si
460 449 646 505 deligere
684 451 915 505 potuisses,
955 454 1002 493 ut
1032 452 1177 506 potius
1214 452 1313 493 telis
1353 452 1434 493 tibi

99 508 319 550 Gallorum
368 523 495 564 quam
540 509 738 563 periuriis
784 510 1083 552 intereundum
1131 512 1260 552 esset!
1326 510 1435 552 Tum

98 568 210 609 enim
247 568 361 609 vitae
394 568 510 609 socia
541 568 696 622 virtus,
729 569 880 610 mortis
912 583 1053 610 comes
1093 569 1232 625 gloria
1262 568 1434 623 fuisset,

96 641 207 668 nunc
245 641 344 668 vero
382 627 454 681 qui
495 629 560 668 est
599 627 721 668 dolor
770 628 973 669 victoriae
1016 631 1059 669 te
1103 632 1230 682 atque
1267 628 1435 682 imperii

49 698 78 721 10
97 699 256 739 poenas
288 685 340 727 ad
373 699 520 726 eorum
551 685 778 727 arbitrium
806 686 992 740 sufferre,
1025 687 1097 741 qui
1129 689 1204 729 aut
1237 687 1339 729 victi
1371 702 1434 729 ar-

97 744 178 785 mis
212 747 311 785 sunt
344 747 418 785 aut
454 744 699 786 invitissimi
737 747 986 799 paruerunt!
1043 746 1082 786 A
1121 761 1204 800 quo
1244 746 1434 800 periculo

98 802 328 857 defendite,
371 802 546 857 iudices,
594 803 728 845 civem
772 804 927 845 fortem
973 807 1101 859 atque
1148 805 1434 859 innocentem3

98 864 260 916 curate,
292 864 340 903 ut
370 862 531 904 nostris
563 862 746 904 testibus
778 863 873 917 plus
907 877 1035 917 quam
1068 863 1317 919 alienigenis
1350 878 1434 905 cre·

98 920 254 962 didisse
292 920 539 974 videamini,
577 921 674 975 plus
713 922 844 963 saluti
882 922 1038 964 civium
1077 937 1205 977 quam
1243 922 1434 964 hostium

46 991 77 1015 15
97 979 279 1021 lubidini
315 980 595 1034 consuluisse,
633 981 873 1036 graviorem
911 980 1082 1022 duxisse
1117 982 1207 1022 eius
1240 982 1433 1023 obsecra—

98 1038 277 1092 tionem,
314 1052 421 1092 quae
451 1038 607 1080 vestris
640 1039 771 1080 sacris
804 1040 982 1094 praesit,
1021 1054 1149 1094 quam
1185 1054 1329 1081 eorum
1362 1055 1433 1081 au-

99 1097 275 1151 daciam,
302 1098 373 1151 qui
399 1111 494 1139 cum
522 1098 710 1139 omnium
739 1098 870 1140 sacris
899 1098 1171 1153 delubrisque
1200 1099 1316 1140 bella
1343 1112 1433 1154 ges-

100 1159 256 1197 serunt.
298 1155 523 1197 Postremo
549 1157 795 1212 prospicite,
819 1157 990 1211 iudices,
1015 1157 1058 1198 id
1085 1157 1197 1212 quod
1224 1157 1277 1198 ad
1297 1157 1434 1213 digni-

99 1216 233 1255 tatem
265 1215 414 1269 populi
444 1215 625 1256 Romani
658 1215 840 1257 maxime
873 1216 1076 1270 pertinet,
1111 1219 1158 1257 ut
1189 1217 1285 1270 plus
1322 1216 1434 1271 apud

47 1283 80 1309 20
99 1287 175 1314 vos
216 1288 360 1328 preces
404 1274 582 1329 virginis
624 1273 813 1316 Vestalis
856 1290 981 1330 quam
1027 1275 1165 1317 minae
1208 1273 1432 1317 Gallorum

99 1331 284 1374 valuisse
317 1331 550 1374 videantur.

1461 393 1504 425 49
