1619 2542
80 758 125 787 44

83 1433 127 1462 45

85 2074 129 2104 46

153 97 240 138 204
459 97 522 132 DE
549 95 671 131 LEGE
700 95 913 131 AGRARIA
940 95 1114 130 ORATIO
1140 95 1186 130 11.

151 209 245 236 cum
272 193 423 235 ceteris
451 192 701 234 decemviris
729 191 907 246 collegis
929 192 1015 232 suis
1036 190 1258 245 iudicabit,
1283 194 1326 233 et
1345 194 1489 233 utrum

150 252 386 294 iudicabit?
448 250 561 292 Nam
594 254 822 305 utrumque
853 251 914 291 ita
945 263 1149 304 magnum
1182 252 1259 303 est,
1290 253 1339 292 ut
1368 251 1488 292 nullo

150 311 276 352 modo
309 324 445 364 neque
478 309 789 351 concedendum
821 323 958 362 neque
989 308 1211 349 ferendum
1243 308 1309 351 sit.
1359 308 1490 351 Volet

152 384 243 410 esse
291 369 528 424 popularis,
580 368 738 421 populo
783 367 977 408 Romano
1029 367 1299 409 adiudicabit.
1372 367 1488 423 Ergo

150 428 263 469 idem
296 442 345 468 ex
379 442 454 468 sua
487 427 581 481 lege
614 426 767 467 vendet
792 425 1110 479 Alexandriam,
1143 426 1295 467 vendet
1321 425 1489 481 Aegyp·
1508 437 1525 463 5

150 490 254 539 tum,
286 486 404 527 urbis
437 484 755 539 copiosissimae
787 484 1255 538 pulcherrimorumque
1289 499 1489 540 agrorum

149 545 292 598 iudex,
342 544 521 597 arbiter,
571 544 785 596 dominus,
833 558 905 584 rex
950 543 1129 596 denique
1174 543 1491 598 opulentissimi

150 604 272 657 regni
299 603 542 657 reperietur.
580 601 679 643 Non
706 604 845 643 sumet
873 601 954 642 sibi
980 604 1160 654 tantum,
1185 615 1273 643 non
1300 604 1491 657 appetet;

151 661 357 702 iudicabit
395 660 699 701 Alexandriam
737 661 851 715 regis
891 674 1000 713 esse,
1042 675 1066 701 a
1102 660 1263 714 populo
1294 660 1490 702 Romano

83 706 423 761 17abiudicabit.
490 718 683 760 Primum
721 719 751 771 †
788 722 881 760 tum
918 718 1069 773 populi
1106 718 1291 760 Romani
1327 719 1545 760 heredi-10

152 781 285 820 tatem
323 778 551 820 decemviri
587 778 792 831 iudicent,
830 792 925 818 cum
956 792 1032 818 vos
1063 777 1287 818 volueritis
1327 777 1378 819 de
1408 777 1491 832 pri-

152 837 263 878 vatis
295 836 605 878 hereditatibus
638 836 925 878 centumviros
951 836 1165 877 iudicare?
1209 835 1372 877 Deinde
1397 836 1491 890 quis

153 900 252 951 aget
295 910 467 937 causam
510 895 659 949 populi
696 895 909 936 Romani?
955 895 1030 935 ubi
1073 909 1139 935 res
1179 894 1265 936 ista
1311 895 1492 950 agetur?

153 955 224 1008 qui
270 958 369 995 sunt
409 954 483 995 isti
527 953 771 1007 decemviri,
809 968 915 1007 quos
960 953 1270 1008 prospiciamus
1313 967 1491 1008 regnum

151 1013 437 1053 Alexandriae
470 1012 720 1053 Ptolomaeo
753 1012 888 1066 gratis
922 1012 1268 1053 adiudicaturos‘?
1332 1012 1493 1061 Quodsi
1511 1023 1544 1048 15

153 1071 414 1112 Alexandria
468 1071 711 1123 petebatur,
762 1085 836 1111 cur
879 1085 964 1111 non
1008 1070 1177 1111 eosdem
1221 1084 1368 1112 cursus
1410 1070 1492 1112 hoc

154 1133 359 1183 tempore,
393 1143 498 1183 quos
530 1128 575 1169 L.
597 1128 726 1170 Cotta
751 1128 795 1169 L.
816 1128 1033 1182 Torquato
1061 1129 1318 1181 consulibus,
1349 1143 1492 1170 cucur-

152 1188 329 1228 rerunt?
368 1202 441 1228 cur
478 1201 564 1228 non
611 1189 758 1241 aperte
803 1190 851 1228 ut
890 1189 1033 1239 antea,
1071 1201 1144 1228 cur
1181 1201 1268 1228 non
1304 1187 1408 1228 item
1444 1189 1493 1228 ut

152 1250 246 1287 tum
280 1245 449 1287 derecto
489 1248 531 1286 et
562 1245 706 1300 palam
738 1245 958 1300 regionem
989 1245 1109 1286 illam
1141 1245 1387 1299 petierunt?
1427 1260 1492 1299 an,

155 1304 226 1359 qui
259 1304 415 1358 etesiis,
449 1304 521 1358 qui
548 1318 622 1358 per
647 1318 818 1345 cursum
843 1306 1004 1345 rectum
1030 1317 1209 1358 regnum
1235 1306 1380 1344 tenere
1405 1318 1492 1345 non
1511 1315 1545 1340 20

154 1365 405 1417 potuerunt,
449 1377 558 1404 nunc
596 1362 746 1403 taetris
785 1362 972 1403 tenebris
1012 1364 1054 1402 et
1092 1362 1274 1417 caligine
1307 1376 1351 1403 se
1393 1362 1491 1403 Ale·
1523 1377 1528 1381 ’

155 1421 377 1463 xandriam
427 1423 708 1475 perventuros
754 1421 953 1462 arbitrati
997 1421 1124 1461 sunt?
1199 1420 1342 1475 Atque
1385 1420 1491 1461 illud

154 1479 465 1534 circumspicite
514 1480 667 1521 vestris
718 1479 933 1521 mentibus
986 1479 1232 1534 animisque.
1304 1478 1491 1534 Legatos

154 1541 344 1592 nostros,
375 1538 570 1580 homines
610 1538 866 1579 auctoritate
898 1538 1038 1591 tenui,
1076 1538 1148 1591 qui
1178 1552 1321 1579 rerum
1352 1537 1491 1591 priva-

154 1600 296 1638 tarum
329 1611 456 1638 causa
487 1597 724 1652 legationes
756 1597 910 1638 liberas
944 1597 1114 1649 obeunt,
1145 1599 1291 1637 tamen
1322 1598 1491 1637 exterae
1510 1607 1543 1633 25

153 1655 349 1696 nationes
393 1655 504 1696 ferre
541 1655 612 1696 vix
649 1658 842 1709 possunt.
903 1654 1040 1696 Grave
1079 1657 1144 1695 est
1184 1655 1297 1695 enim
1333 1668 1491 1695 nomen

156 1713 336 1766 imperii,
369 1716 496 1767 atque
528 1714 571 1754 id
603 1714 734 1755 etiam
765 1714 810 1754 in
841 1714 926 1754 levi
956 1727 1139 1768 persona
1164 1713 1491 1767 pertimescitur,

154 1773 383 1824 propterea
427 1771 539 1825 quod
582 1775 742 1826 vestro,
784 1787 872 1813 non
916 1786 991 1813 suo
1029 1772 1216 1825 nomine,
1259 1785 1354 1812 cum
1392 1770 1491 1812 hinc

156 1829 316 1882 egressi
343 1832 453 1883 sunt,
480 1830 728 1872 abutuntur.
772 1830 881 1879 Quid
907 1830 1099 1883 censetis,
1125 1844 1219 1870 cum
1239 1828 1312 1869 isti
1332 1828 1491 1870 decem-

156 1887 236 1927 viri
269 1902 363 1928 cum
396 1888 589 1942 imperio,
620 1903 715 1930 cum
741 1889 943 1941 fascibus,
974 1903 1068 1929 cum
1099 1888 1176 1928 illa
1209 1887 1373 1928 delecta
1398 1887 1488 1928 fini·
1509 1898 1544 1924 30

155 1948 299 1986 torum
317 1946 538 1987 iuventute
558 1961 633 2000 per
652 1950 792 1988 totum
814 1947 961 1988 orbem
980 1950 1191 1987 terrarum
1205 1946 1492 2000 vagabuntur,

157 2018 239 2057 quo
281 2004 455 2044 tandem
488 2005 649 2059 animo,
688 2020 770 2060 quo
803 2008 940 2058 metu,
978 2019 1060 2057 quo
1092 2004 1280 2057 periculo
1313 2005 1491 2045 miseras

154 2062 350 2103 nationes
388 2062 585 2103 futuras?
653 2063 733 2104 Est
771 2063 816 2104 in
852 2063 1031 2117 imperio
1070 2064 1224 2115 terror,
1263 2063 1492 2116 patientur.

154 2120 236 2161 Est
267 2122 312 2161 in
344 2120 527 2162 adventu
560 2124 774 2175 sumptus3
805 2121 955 2163 ferent.
1014 2119 1302 2174 Imperabitur
1334 2120 1492 2174 aliquid

156 2179 363 2233 muneris3
406 2193 491 2219 non
535 2180 804 2222 recusabunt.
870 2178 982 2220 Illud
1019 2192 1118 2219 vero
1165 2181 1371 2232 quantum
1415 2181 1544 2231 est,3⁵

157 2237 356 2291 Quirites,
389 2251 484 2278 cum
515 2237 552 2277 is
587 2237 807 2291 decemvir,
840 2237 912 2292 qui
944 2236 1132 2290 aliquam
1163 2237 1207 2277 in
1239 2237 1387 2278 urbem
1419 2239 1493 2277 aut

156 2297 429 2350 exspectatus
461 2297 509 2336 ut
540 2295 696 2349 hospes
724 2299 797 2336 aut
822 2297 996 2350 repente
1022 2298 1070 2335 ut
1096 2295 1291 2336 dominus
1317 2295 1493 2348 venerit,
