1619 2542
61 736 93 761 10

61 1030 94 1055 15

61 1324 95 1349 20

63 1616 96 1641 25

63 1910 98 1934 30

64 2201 98 2227 35

489 100 590 135 CAP.
620 104 756 135 111-19
783 104 801 141 s
827 103 976 135 47-52.
1361 101 1447 142 119

112 212 158 239 ac
209 200 296 238 tam
351 196 628 238 manifestum
680 211 771 238 esse
823 196 1072 250 arbitrarer,
1125 196 1234 238 sicut
1282 211 1336 237 ne
1385 195 1453 238 illi

112 256 279 310 quidem
318 255 420 309 ipsi,
465 256 536 310 qui
580 255 687 296 mihi
730 258 821 296 tum
866 255 986 296 illam
1025 269 1199 296 causam
1239 270 1452 297 commen-

112 315 286 367 dabant,
331 314 671 367 arbitrabantur,
709 314 928 368 pollicitus
966 314 1018 355 iis
1057 328 1150 355 sum
1189 329 1256 355 me
1296 314 1452 369 omnia,

114 388 219 428 quae
251 373 430 427 vellent,
464 387 556 414 esse
588 372 813 414 facturum.

199 432 282 473 Res
322 433 393 487 agi
431 434 583 486 coepta
624 435 706 485 est,
747 431 903 472 citatus
942 434 1008 473 est
1045 430 1304 473 Scamander
1340 446 1450 474 reus.
1470 433 1522 474 18

113 491 356 533 Accusabat
394 490 438 532 P.
473 489 726 543 Cannutius,
765 490 893 531 homo
932 490 976 531 in
1013 490 1164 544 primis
1202 490 1452 546 ingeniosus

113 552 156 591 et
179 550 224 590 in
251 549 428 590 dicendo
459 549 735 601 exercitatus3
762 549 992 590 accusabat
1018 553 1160 591 autem
1186 550 1260 590 ille
1282 550 1453 604 quidem

112 607 417 650 Scamandrum
455 608 596 649 verbis
642 608 799 659 tribus,
844 622 1052 649 venenum
1092 623 1183 649 esse
1222 608 1450 662 deprehen-

113 682 224 722 sum,
271 667 414 708 omnia
457 667 544 708 tela
587 666 720 707 totius
766 667 1048 708 accusationis
1086 667 1131 708 in
1169 666 1453 722 Oppianicum

112 726 442 778 coniciebantur,
458 725 731 779 aperiebatur
742 740 869 767 causa
879 725 1143 779 insidiarum,
1157 725 1453 767 Fabriciorum

111 785 387 826 familiaritas
414 784 844 838 commemorabatur,
877 784 1065 830 hominis
1092 785 1182 826 vita
1209 787 1251 826 et
1277 785 1456 826 audacia

112 844 428 899 proferebatur,
467 843 647 897 denique
680 843 817 885 omnis
851 843 1064 885 accusatio
1098 843 1214 884 varie
1248 844 1455 899 graviter-

113 918 193 958 que
224 905 412 944 tractata
439 902 493 943 ad
524 905 758 943 extremum
793 901 1021 943 manifesta
1047 902 1198 943 veneni
1225 902 1455 957 deprehen-

113 963 232 1003 sione
270 961 470 1003 conclusa
507 963 584 1002 est.
651 961 732 1002 Hic
771 975 850 1016 ego
888 963 980 1001 tum
1019 961 1071 1001 ad
1109 962 1453 1015 respondendum

114 1020 296 1086 surrexi,
337 1035 420 1074 qua
464 1034 582 1072 cura,
627 1019 669 1060 di
712 1020 995 1061 immortales!
1042 1034 1126 1073 qua
1164 1020 1454 1061 sollicitudine

114 1079 257 1146 animi,
290 1094 372 1133 quo
404 1079 575 1120 timore!
609 1077 785 1133 Semper
811 1079 1003 1133 equidem
1031 1093 1189 1134 magno
1216 1093 1311 1120 cum
1339 1083 1457 1120 metu

113 1138 269 1192 incipio
291 1138 445 1191 dicere,
472 1137 855 1203 quotienscumque
874 1137 978 1190 dico,
1003 1138 1160 1178 totiens
1181 1137 1288 1178 milii
1308 1137 1457 1179 videor

113 1198 158 1237 in
183 1196 386 1238 iudicium
418 1196 562 1237 veniie
593 1211 681 1237 non
711 1196 874 1251 ingenii
907 1196 1066 1250 solum,
1104 1196 1176 1237 sed
1210 1196 1340 1237 etiam
1372 1197 1456 1237 vir-

114 1256 219 1296 tutis
247 1259 374 1310 atque
402 1255 543 1308 officii,
575 1269 627 1295 ne
654 1258 728 1296 aut
754 1255 797 1295 id
822 1255 1015 1309 piNofiteii
1041 1255 1197 1307 videar,
1230 1255 1341 1308 quod
1368 1269 1455 1296 non

113 1314 275 1369 possim
316 1314 546 1368 [implere],
586 1314 698 1368 quod
737 1316 802 1354 est
839 1314 1147 1367 impudentiae,
1187 1319 1260 1354 aut
1295 1328 1382 1354 non
1412 1313 1456 1353 id

115 1373 298 1425 efficere,
337 1373 447 1427 quod
479 1373 659 1426 possim,
698 1372 810 1426 quod
842 1375 907 1413 est
940 1376 1013 1413 aut
1044 1371 1247 1426 perfidiae
1281 1374 1355 1412 aut
1385 1386 1456 1412 ne-

117 1431 370 1486 glegentiae.
420 1430 527 1471 Tum
560 1445 660 1472 vero
693 1431 755 1471 ita
787 1445 882 1472 sum
913 1431 1205 1484 perturbatus,
1230 1433 1279 1471 ut
1311 1430 1456 1471 omnia

115 1490 324 1542 timerem,
357 1489 393 1530 si
423 1489 531 1530 nihil
565 1489 777 1542 dixissem,
808 1503 861 1529 ne
892 1489 1220 1541 infantissimus,
1253 1488 1289 1529 si
1321 1489 1456 1529 multa

115 1549 159 1589 111
192 1548 280 1589 61118
313 1548 428 1589 modi
461 1561 588 1589 causa
620 1547 833 1600 dixissem,
858 1562 910 1587 116
942 1547 1338 1600 impudentissimus
1372 1547 1455 1588 exi-

1480 972 1523 1002 51

117 1607 327 1648 stimarer.
388 1605 554 1661 Collegi
586 1620 652 1646 me
685 1605 914 1659 aliquando
947 1608 990 1646 et
1020 1606 1083 1646 ita
1114 1605 1337 1659 constitui,
1369 1605 1525 1648 for-19

116 1666 218 1706 titer
251 1679 342 1705 esse
375 1664 609 1729 agendum,
636 1664 701 1704 illi
734 1663 884 1729 aetati,
917 1679 999 1718 qua
1030 1667 1123 1705 tum
1156 1679 1283 1729 eram,
1317 1664 1455 1706 solere

116 1724 232 1765 laudi
265 1723 374 1776 dari,
413 1723 541 1763 etiam
577 1722 613 1763 si
644 1722 689 1763 in
720 1722 861 1763 minus
894 1722 1028 1763 fiimis
1061 1723 1200 1764 causis
1232 1723 1455 1764 hominum

116 1782 316 1836 periculis
347 1796 433 1823 non
466 1781 706 1822 defuissem.
756 1781 906 1835 Itaque
938 1782 1036 1836 feci,
1069 1781 1128 1822 sic
1158 1782 1361 1837 pugnavi,
1395 1782 1456 1823 sic

117 1840 234 1883 omni
259 1840 424 1882 ratione
451 1840 660 1893 contendi,
692 1839 752 1880 sic
780 1840 832 1880 ad
857 1839 1000 1880 omnia
1026 1840 1212 1895 confugi,
1248 1843 1455 1894 quantum

118 1914 196 1955 ego
230 1899 405 1953 adsequi
436 1899 576 1953 potui,
608 1898 794 1939 remedia
826 1912 873 1939 ac
905 1899 1102 1954 perfugia
1133 1913 1375 1953 causarum,
1407 1902 1456 1939 ut

117 1959 216 2011 hoc,
248 1959 360 2012 quod
392 1958 540 1998 timide
574 1957 731 2010 dicam,
765 1960 1015 1998 consecutus
1049 1957 1147 2009 sim,
1179 1972 1231 1998 ne
1264 1958 1358 2011 quis
1390 1957 1455 1997 illi

118 2031 270 2057 causae
302 2019 532 2070 patronum
565 2015 748 2056 defuisse
781 2015 1072 2057 arbitraretur.
1129 2014 1221 2069 Sed,
1254 2019 1301 2056 ut
1334 2015 1452 2069 quid·
1483 2026 1496 2035 “

119 2075 218 2128 quid
245 2088 324 2129 ego
353 2075 729 2128 apprehenderam,
756 2074 904 2114 statim
930 2077 1153 2116 accusator
1173 2074 1456 2127 extorquebat

118 2147 140 2174 e
159 2133 368 2174 manibus.
410 2132 454 2174 Si
474 2133 779 2187 quaesiveram,
800 2147 906 2186 quae
925 2133 1174 2174 inimicitiae
1195 2131 1455 2173 Scamandro

118 2206 214 2232 cum
245 2190 426 2244 Habito,
457 2191 676 2232 fatebatur
706 2191 848 2231 nullas
880 2191 1022 2245 fuisse,
1055 2192 1128 2232 sed
1161 2190 1456 2244 Oppianicum,

118 2249 235 2291 cuius
273 2249 347 2290 ille
386 2249 580 2291 minister
617 2249 787 2302 fuisset,
825 2249 923 2290 huic
948 2249 1291 2291 inimicissimum
1323 2249 1456 2290 fuisse

118 2310 244 2362 atque
282 2321 374 2348 esse
407 2307 585 2350 dicebat.
649 2307 723 2348 Sin
755 2311 898 2349 autem
930 2308 1036 2349 illud
1070 2322 1254 2364 egeram,
1285 2307 1455 2348 nullum
