1619 2542
423 632 484 679 M.
527 631 716 678 TULLI
755 631 1081 680 CICERONIS

277 741 642 796 ORATIONIS
686 741 821 795 PRO
867 741 935 795 M.
980 741 1229 796 TULLIO

469 852 625 902 QUAE
658 851 1033 894 MANSERUNT.

558 1031 948 1071 ARGUMENTUM.

179 1109 227 1145 M.
255 1108 398 1144 Tullius
431 1108 596 1143 habebat
626 1109 663 1143 in
690 1120 779 1153 agro
805 1109 969 1144 Thurino
995 1108 1151 1144 fundum
1178 1120 1199 1143 a
1224 1110 1331 1154 patre
1357 1109 1429 1144 sibi

82 1155 269 1199 relictum,
307 1156 365 1190 cui
400 1159 480 1190 erat
517 1155 636 1190 vicina
671 1155 744 1190 alia
777 1157 963 1201 possessio
998 1156 1033 1190 C.
1068 1156 1199 1190 Claudi
1235 1157 1426 1191 senatoris.

83 1203 130 1237 Et
154 1202 328 1247 quamdiu
355 1203 415 1237 hio
441 1202 590 1246 quidem
616 1203 776 1237 vicinum
804 1203 957 1237 fundum
983 1203 1217 1247 possidebat,
1252 1203 1356 1238 nulla
1382 1203 1427 1238 de

83 1250 215 1284 finibus
248 1261 422 1294 agrorum
448 1250 700 1285 controversia
725 1251 814 1285 erat.
865 1251 1001 1285 Postea
1025 1261 1112 1285 vero
1138 1250 1293 1285 fundum
1320 1262 1426 1285 suum

83 1297 252 1332 vendidit
276 1296 314 1333 P.
340 1297 471 1340 Fabio,
508 1297 655 1332 sordido
682 1297 840 1340 homini,
877 1298 936 1341 qui
972 1297 1169 1341 pecuniam
1203 1297 1242 1331 in
1267 1297 1351 1331 Asia
1390 1300 1428 1332 et

83 1343 305 1379 Macedonia
335 1343 461 1378 nescio
493 1354 565 1388 quo
596 1344 706 1379 modo
744 1344 951 1389 quaesitam
976 1345 1014 1378 in
1040 1344 1155 1380 fundo
1181 1346 1263 1379 tuto
1288 1355 1426 1389 ponere

83 1391 317 1436 properabat.
356 1390 457 1425 Emit
476 1392 600 1425 autern
623 1391 734 1425 homo
754 1402 830 1426 non
854 1392 974 1425 minus
1001 1391 1137 1425 stultus
1163 1402 1274 1434 quam
1294 1403 1427 1425 avarus

83 1441 158 1472 tam
185 1438 314 1472 insano
341 1439 472 1482 pretio,
498 1441 540 1472 ut
565 1438 760 1482 pecuniam
784 1439 909 1483 potius
930 1438 1109 1472 abiecisse
1130 1449 1240 1482 quam
1260 1439 1428 1483 posuisse

84 1485 156 1518 dici
182 1486 319 1529 posset.
371 1484 476 1526 Quod
502 1486 544 1518 ut
568 1485 647 1529 ipse
674 1484 801 1528 sensit,
829 1484 1109 1529 circumspicere
1142 1485 1283 1528 coepit,
1318 1496 1427 1528 quem

86 1531 134 1565 ad
160 1531 310 1565 modum
336 1531 510 1566 damnum
530 1543 635 1565 suum
654 1534 855 1576 repararet.
894 1532 943 1565 Et
961 1532 1120 1576 primum
1141 1531 1291 1574 quidem
1311 1533 1426 1566 totius

83 1578 226 1622 negotii
241 1588 323 1612 eum
336 1578 567 1621 paenitebat3
588 1577 741 1612 fundum
756 1589 844 1622 ergo
859 1578 993 1612 iterum
1012 1577 1241 1622 proscripsit,
1262 1580 1428 1623 emptum

86 1628 210 1659 autem
237 1635 318 1658 eum
345 1625 509 1659 habebat
534 1636 617 1659 cum
636 1625 837 1659 Acerronio
864 1624 1035 1668 quodam,
1062 1625 1229 1666 honesto,
1256 1628 1299 1660 ut
1323 1626 1423 1660 vide-

84 1673 161 1714 tur,
196 1671 286 1706 viro.
338 1670 427 1705 Cum
461 1671 576 1715 igitur
608 1682 716 1705 nemo
752 1671 799 1705 ad
834 1671 1060 1715 emptionem
1095 1672 1303 1715 accederet,
1341 1673 1426 1706 huic

86 1719 186 1754 socio
219 1729 301 1761 suo,
333 1720 376 1752 ut
407 1718 537 1752 eodem
569 1717 648 1752 sine
680 1717 793 1753 dubio
825 1719 890 1752 aut
920 1718 1076 1762 maiore,
1110 1730 1221 1762 quam
1247 1730 1320 1762 quo
1345 1720 1425 1764 ipse

86 1767 240 1808 emerat,
272 1765 392 1810 pretio
418 1764 571 1799 fundum
596 1764 810 1808 redimeret,
844 1766 1039 1810 persuasit.
1089 1766 1277 1801 Persuasit
1301 1768 1427 1801 autem

87 1823 130 1847 eo
155 1812 303 1847 facilius
329 1812 519 1857 improbus
545 1811 672 1854 homo,
700 1812 799 1856 quod
825 1812 863 1846 in
888 1812 1030 1846 tabella
1055 1813 1337 1857 proscriptionis
1364 1813 1426 1848 ad-

85 1859 329 1894 liciendorum
363 1860 571 1903 emptorum
611 1869 722 1893 causa
759 1859 937 1894 maiorem
971 1859 1076 1893 fundi
1113 1861 1278 1902 modum,
1318 1871 1427 1904 quam

85 1906 202 1951 ipsius
228 1909 325 1949 erat,
357 1907 398 1940 ut
422 1905 591 1940 venalem
617 1905 891 1950 designaverat,
923 1906 1066 1941 inclusa
1091 1907 1236 1941 scilicet
1261 1907 1428 1941 centuria

85 1953 246 1996 quadam
276 1952 498 1996 Populiana,
532 1963 626 1996 quae
658 1953 780 1997 portio
813 1955 892 1987 erat
921 1952 1027 1987 fundi
1060 1953 1239 1996 Tulliani,
1276 1954 1341 1988 sed
1373 1954 1429 1988 ita

87 1999 175 2041 sita,
210 2001 253 2034 ut
285 1999 401 2034 inscio
436 1999 483 2034 ad
519 2011 624 2033 suum
659 1999 813 2033 fundum
848 1999 1032 2044 pertinere
1068 2001 1265 2035 videretur.
1324 2001 1425 2034 Haec

86 2046 187 2080 fraus
212 2046 251 2080 in
276 2045 541 2090 proscribendo
573 2046 686 2080 fundo
714 2045 877 2080 admissa
900 2046 1020 2081 Tullio
1049 2058 1070 2082 a
1095 2049 1334 2092 procuratore
1361 2058 1426 2081 suo

87 2095 229 2127 mature
262 2093 415 2127 Romam
447 2092 650 2129 nuntiatur⁴
700 2092 878 2138 Appellat
906 2093 1147 2129 Acerronium
1179 2093 1317 2128 ibidem
1348 2096 1427 2127 tum

89 2141 278 2184 agcntem;
305 2150 391 2174 nam
417 2140 552 2174 Fabius
578 2139 616 2173 in
642 2139 733 2174 vilia
759 2140 983 2175 versabatur.
1029 2142 1062 2175 Is
1089 2152 1112 2175 a
1137 2140 1237 2176 socio
1265 2152 1302 2175 se
1328 2140 1426 2174 frau-

90 2186 217 2221 datum
241 2197 287 2220 ne
314 2187 499 2220 somnians
525 2186 674 2230 quidem
706 2188 785 2221 tum
817 2198 906 2222 sane
931 2188 1170 2232 adroganter,
1205 2187 1303 2231 quod
1330 2198 1427 2222 com-

89 2233 239 2267 modum
264 2233 345 2275 fuit,
371 2233 574 2278 respondit.
613 2233 663 2267 At
688 2233 778 2267 fines
798 2233 931 2268 Fabius
958 2238 1087 2269 auctor
1112 2234 1312 2268 Acerronio
1338 2244 1428 2267 uon-

89 2280 176 2313 dum
209 2279 535 2315 demonstraverat.
592 2281 709 2314 Mittit
742 2279 858 2324 igitur
892 2280 939 2316 ad
969 2283 1246 2324 procuratorem
1281 2280 1427 2314 litteras

89 2328 127 2360 et
153 2325 200 2360 ad
233 2326 384 2361 vilicum
410 2326 571 2371 Tullius,
604 2329 778 2362 caverent
809 2338 830 2361 a
860 2327 1052 2362 fraudibus
1077 2328 1168 2362 Fabi
1200 2329 1253 2370 et,
1287 2327 1318 2361 si
1349 2328 1427 2362 fieri

159 2391 231 2417 clc.
251 2392 293 2417 ΙΙ.
313 2393 338 2416 2,
1193 2389 1210 2419 1
