1619 2542
523 90 622 127 CAP.
650 93 706 134 35,
734 95 778 126 3ss
805 94 824 133 ξ
854 95 1048 128 101-104.
1409 92 1461 134 73

119 185 254 227 totius
286 186 486 228 Etruriae
516 186 707 240 nomine⁷
745 187 790 228 in
821 189 1002 242 utraque
1032 187 1207 229 fortuna
1238 188 1460 244 cognitum

121 244 268 286 multis
309 245 443 301 signis
483 248 525 286 et
565 246 739 287 virtutis
778 248 820 288 eb
850 246 1144 288 humanitatis.
1207 245 1252 288 Si
1284 247 1386 301 quid
1416 247 1461 288 in

121 304 337 345 conssraria
372 306 495 357 parte
532 304 576 346 in
612 304 784 346 homine
822 305 1118 347 offendendum
1158 307 1241 359 est,
1290 305 1460 348 habebis

122 376 229 415 eum,
260 364 309 403 ut
339 362 448 403 nihil
481 362 618 404 dicam
651 363 848 418 amplius,
880 364 952 418 qui
977 378 1022 405 se
1047 364 1242 406 homines
1269 366 1461 420 coegisse

84 420 318 462 sfateatur.
383 419 457 462 Sin
494 421 740 463 hominibus
779 422 956 464 remotis
994 423 1044 463 de
1083 437 1210 465 causa
1243 424 1461 478 quaeritis,

121 493 217 521 cum
253 479 455 521 iudicium
488 480 537 521 de
569 481 610 520 vi
643 481 716 534 sit,
754 482 804 534 is,
836 482 906 536 qui
939 482 1152 537 arguibur,
1191 482 1280 524 vim
1313 497 1357 524 se
1389 483 1461 524 ho-

120 538 304 579 minibus
338 539 515 579 armatis
547 538 698 580 fecisse
729 539 930 594 fateatur,
960 541 1092 582 verbo
1119 555 1176 595 se,
1206 555 1294 583 non
1319 543 1462 596 aequi·

120 598 226 649 tate,
269 597 490 638 defendere
529 600 723 651 conetur,
759 599 803 639 id
842 613 1009 653 quoque
1042 600 1080 641 ei
1111 599 1288 641 verbum
1318 601 1461 655 ipsum

121 657 314 710 ereptum
346 670 437 697 esse
468 656 667 709 videatis,
700 659 1003 698 auctorihahem
1043 658 1462 712 sapientissimorum

68 723 102 749 1⁰
120 713 341 755 hominum
381 714 520 756 facere
560 716 803 768 nobiscum,
848 717 891 756 in
932 716 1136 758 iudicium
1178 731 1266 758 non
1305 718 1461 771 venire,

119 775 262 814 utrum
288 773 339 815 A.
365 771 548 815 Caecina
578 774 818 828 possederib
848 789 993 829 necne,
1026 778 1172 817 tamen
1198 776 1338 817 doceri
1364 791 1460 831 pos-

121 831 296 885 sedisse3
334 833 471 874 multo
504 833 635 874 etiam
668 834 808 874 minus
841 834 1005 888 quaeri,
1036 834 1087 875 A.
1122 833 1330 876 Caecinae
1367 835 1460 876 fun·

120 889 196 931 dus
236 891 292 931 sit
323 905 472 945 necne,
513 906 580 932 me
612 894 757 933 tamen
788 892 831 933 id
861 893 1002 946 ipsum
1035 892 1245 947 docuisse,
1281 893 1461 936 fundum

121 963 212 990 esse
244 948 467 991 Caecinae:
506 964 602 992 cum
639 951 744 992 haec
775 951 836 992 ita
868 952 971 1005 sint,
1009 952 1205 1005 stafilum,
1247 953 1349 1007 quid
1384 967 1461 994 vos

67 1017 101 1044 15
121 1010 318 1062 tempora
341 1010 403 1049 rei
429 1009 626 1062 publicae
652 1010 701 1051 de
727 1011 906 1051 armaffis
932 1010 1190 1063 hominibus,
1217 1011 1317 1065 quid
1343 1011 1460 1053 illius

121 1067 330 1108 confessio
363 1067 413 1108 de
445 1068 499 1121 vi,
533 1068 634 1122 quid
663 1071 813 1110 nostra
839 1069 994 1110 decisio
1022 1069 1071 1110 de
1099 1070 1328 1125 aequitate,
1361 1070 1462 1125 quid

120 1126 231 1167 ratio
262 1126 477 1168 interdicti
510 1126 559 1167 de
591 1127 682 1168 iure
715 1127 942 1169 admoneat
974 1130 1022 1169 ui]
1052 1128 1259 1170 iudicebis.
