<?xml version="1.0" encoding="UTF-8"?>
<!DOCTYPE html PUBLIC "-//W3C//DTD XHTML 1.0 Transitional//EN"
    "http://www.w3.org/TR/xhtml1/DTD/xhtml1-transitional.dtd">
<html xmlns="http://www.w3.org/1999/xhtml" xml:lang="en" lang="en">
 <head>
  <title>
</title>
<meta http-equiv="Content-Type" content="text/html;charset=utf-8" />
  <meta name='ocr-system' content='tesseract 3.04.00' />
  <meta name='ocr-capabilities' content='ocr_page ocr_carea ocr_par ocr_line ocrx_word'/>
</head>
<body>
  <div class='ocr_page' id='page_1' title='image "./p2scriptaquaemanse02ciceuoft_0526.png"; bbox 0 0 1687 2533; ppageno 0'>
   <div class='ocr_carea' id='block_1_1' title="bbox 234 474 1574 669">
    <p class='ocr_par' dir='ltr' id='par_1_1' title="bbox 234 474 1574 669">
     <span class='ocr_line' id='line_1_1' title="bbox 495 474 1318 565; baseline 0 -1"><span class='ocrx_word' id='word_1_1' title='bbox 495 518 556 564; x_wconf 88' lang='lat' dir='ltr'>M.</span> <span class='ocrx_word' id='word_1_2' title='bbox 606 474 844 564; x_wconf 17' lang='lat' dir='ltr'><strong>*TULLI</strong></span> <span class='ocrx_word' id='word_1_3' title='bbox 893 516 1318 565; x_wconf 82' lang='lat' dir='ltr'>CICERONIS</span> 
     </span>
     <span class='ocr_line' id='line_1_2' title="bbox 234 613 1574 669; baseline 0 -1"><span class='ocrx_word' id='word_1_4' title='bbox 234 614 370 669; x_wconf 87' lang='lat' dir='ltr'>PRO</span> <span class='ocrx_word' id='word_1_5' title='bbox 398 614 458 669; x_wconf 89' lang='lat' dir='ltr'>A.</span> <span class='ocrx_word' id='word_1_6' title='bbox 479 614 738 669; x_wconf 79' lang='lat' dir='ltr'>LIOINIO</span> <span class='ocrx_word' id='word_1_7' title='bbox 765 613 1031 669; x_wconf 84' lang='lat' dir='ltr'>AROHIA</span> <span class='ocrx_word' id='word_1_8' title='bbox 1057 614 1281 669; x_wconf 78' lang='lat' dir='ltr'>POETA</span> <span class='ocrx_word' id='word_1_9' title='bbox 1306 613 1574 669; x_wconf 80' lang='lat' dir='ltr'>ORATIO.</span> 
     </span>
    </p>
   </div>
   <div class='ocr_carea' id='block_1_2' title="bbox 332 799 1487 910">
    <p class='ocr_par' dir='ltr' id='par_1_2' title="bbox 332 799 1487 910">
     <span class='ocr_line' id='line_1_3' title="bbox 332 799 1487 839; baseline 0 -1"><span class='ocrx_word' id='word_1_10' title='bbox 332 800 712 839; x_wconf 80' lang='lat' dir='ltr'>ARGUMENTUM</span> <span class='ocrx_word' id='word_1_11' title='bbox 744 801 973 839; x_wconf 80' lang='lat' dir='ltr'>VETERIS</span> <span class='ocrx_word' id='word_1_12' title='bbox 1004 799 1383 839; x_wconf 78' lang='lat' dir='ltr'>ENARRATORIS</span> <span class='ocrx_word' id='word_1_13' title='bbox 1417 800 1487 838; x_wconf 80' lang='lat' dir='ltr'>AB</span> 
     </span>
     <span class='ocr_line' id='line_1_4' title="bbox 445 871 1362 910; baseline 0 -2"><span class='ocrx_word' id='word_1_14' title='bbox 445 872 491 909; x_wconf 90' lang='lat' dir='ltr'>A.</span> <span class='ocrx_word' id='word_1_15' title='bbox 524 871 658 909; x_wconf 88' lang='lat' dir='ltr'>MAIO</span> <span class='ocrx_word' id='word_1_16' title='bbox 691 871 899 909; x_wconf 86' lang='lat' dir='ltr'>EDITUM</span> <span class='ocrx_word' id='word_1_17' title='bbox 930 871 996 908; x_wconf 87' lang='lat' dir='ltr'>ET</span> <span class='ocrx_word' id='word_1_18' title='bbox 1031 871 1362 910; x_wconf 80' lang='lat' dir='ltr'>SUPPLETUM.</span> 
     </span>
    </p>
   </div>
   <div class='ocr_carea' id='block_1_3' title="bbox 231 946 1574 2351">
    <p class='ocr_par' dir='ltr' id='par_1_3' title="bbox 231 946 1574 2351">
     <span class='ocr_line' id='line_1_5' title="bbox 329 946 1574 992; baseline -0.002 -9"><span class='ocrx_word' id='word_1_19' title='bbox 329 949 369 983; x_wconf 86' lang='lat' dir='ltr'>A.</span> <span class='ocrx_word' id='word_1_20' title='bbox 384 947 547 982; x_wconf 89' lang='lat' dir='ltr'>Licinius</span> <span class='ocrx_word' id='word_1_21' title='bbox 572 947 727 982; x_wconf 81' lang='lat' dir='ltr'>Archias</span> <span class='ocrx_word' id='word_1_22' title='bbox 754 959 792 982; x_wconf 92' lang='lat' dir='ltr'>se</span> <span class='ocrx_word' id='word_1_23' title='bbox 819 947 952 983; x_wconf 89' lang='lat' dir='ltr'>studiis</span> <span class='ocrx_word' id='word_1_24' title='bbox 978 947 1135 992; x_wconf 71' lang='lat' dir='ltr'>poeticis</span> <span class='ocrx_word' id='word_1_25' title='bbox 1161 947 1305 982; x_wconf 88' lang='lat' dir='ltr'>dedidit</span> <span class='ocrx_word' id='word_1_26' title='bbox 1331 949 1368 982; x_wconf 94' lang='lat' dir='ltr'>et</span> <span class='ocrx_word' id='word_1_27' title='bbox 1393 946 1574 992; x_wconf 80' lang='lat' dir='ltr'>adprime,</span> 
     </span>
     <span class='ocr_line' id='line_1_6' title="bbox 233 994 1574 1038; baseline -0.001 -8"><span class='ocrx_word' id='word_1_28' title='bbox 233 996 276 1030; x_wconf 91' lang='lat' dir='ltr'>ut</span> <span class='ocrx_word' id='word_1_29' title='bbox 311 995 525 1038; x_wconf 80' lang='lat' dir='ltr'>videbatur,</span> <span class='ocrx_word' id='word_1_30' title='bbox 566 994 740 1030; x_wconf 75' lang='lat' dir='ltr'>excelluit</span> <span class='ocrx_word' id='word_1_31' title='bbox 774 995 813 1029; x_wconf 91' lang='lat' dir='ltr'>in</span> <span class='ocrx_word' id='word_1_32' title='bbox 849 995 919 1029; x_wconf 88' lang='lat' dir='ltr'>hoc</span> <span class='ocrx_word' id='word_1_33' title='bbox 952 1005 1086 1038; x_wconf 85' lang='lat' dir='ltr'>genere</span> <span class='ocrx_word' id='word_1_34' title='bbox 1118 994 1339 1029; x_wconf 86' lang='lat' dir='ltr'>litterarum.</span> <span class='ocrx_word' id='word_1_35' title='bbox 1396 994 1574 1029; x_wconf 89' lang='lat' dir='ltr'>Amicitia</span> 
     </span>
     <span class='ocr_line' id='line_1_7' title="bbox 233 1041 1574 1087; baseline 0.001 -12"><span class='ocrx_word' id='word_1_36' title='bbox 233 1042 350 1087; x_wconf 87' lang='lat' dir='ltr'>igitur</span> <span class='ocrx_word' id='word_1_37' title='bbox 376 1042 490 1076; x_wconf 87' lang='lat' dir='ltr'>etiam</span> <span class='ocrx_word' id='word_1_38' title='bbox 515 1041 605 1076; x_wconf 79' lang='lat' dir='ltr'>viris</span> <span class='ocrx_word' id='word_1_39' title='bbox 630 1042 838 1076; x_wconf 73' lang='lat' dir='ltr'><strong>illustribus</strong></span> <span class='ocrx_word' id='word_1_40' title='bbox 864 1041 1098 1076; x_wconf 74' lang='lat' dir='ltr'>familiariter</span> <span class='ocrx_word' id='word_1_41' title='bbox 1123 1042 1318 1086; x_wconf 89' lang='lat' dir='ltr'>copulatus</span> <span class='ocrx_word' id='word_1_42' title='bbox 1339 1043 1406 1085; x_wconf 90' lang='lat' dir='ltr'>est,</span> <span class='ocrx_word' id='word_1_43' title='bbox 1433 1043 1476 1076; x_wconf 89' lang='lat' dir='ltr'>ut</span> <span class='ocrx_word' id='word_1_44' title='bbox 1493 1042 1574 1086; x_wconf 87' lang='lat' dir='ltr'>ipse</span> 
     </span>
     <span class='ocr_line' id='line_1_8' title="bbox 233 1088 1574 1124; baseline -0.001 0"><span class='ocrx_word' id='word_1_45' title='bbox 233 1090 281 1124; x_wconf 91' lang='lat' dir='ltr'>M.</span> <span class='ocrx_word' id='word_1_46' title='bbox 307 1088 449 1123; x_wconf 89' lang='lat' dir='ltr'>Tullius</span> <span class='ocrx_word' id='word_1_47' title='bbox 487 1089 526 1122; x_wconf 90' lang='lat' dir='ltr'>in</span> <span class='ocrx_word' id='word_1_48' title='bbox 566 1089 745 1123; x_wconf 88' lang='lat' dir='ltr'>orationis</span> <span class='ocrx_word' id='word_1_49' title='bbox 777 1089 885 1122; x_wconf 87' lang='lat' dir='ltr'>huius</span> <span class='ocrx_word' id='word_1_50' title='bbox 916 1088 1129 1123; x_wconf 76' lang='lat' dir='ltr'>narratione</span> <span class='ocrx_word' id='word_1_51' title='bbox 1162 1088 1364 1122; x_wconf 86' lang='lat' dir='ltr'>confirmat.</span> <span class='ocrx_word' id='word_1_52' title='bbox 1421 1089 1574 1123; x_wconf 85' lang='lat' dir='ltr'>Interim</span> 
     </span>
     <span class='ocr_line' id='line_1_9' title="bbox 236 1135 1573 1180; baseline -0.001 -10"><span class='ocrx_word' id='word_1_53' title='bbox 236 1136 325 1170; x_wconf 79' lang='lat' dir='ltr'>satis</span> <span class='ocrx_word' id='word_1_54' title='bbox 356 1135 470 1180; x_wconf 87' lang='lat' dir='ltr'>longo</span> <span class='ocrx_word' id='word_1_55' title='bbox 501 1136 718 1178; x_wconf 84' lang='lat' dir='ltr'>intervallo,</span> <span class='ocrx_word' id='word_1_56' title='bbox 752 1147 835 1170; x_wconf 91' lang='lat' dir='ltr'>cum</span> <span class='ocrx_word' id='word_1_57' title='bbox 860 1137 959 1170; x_wconf 89' lang='lat' dir='ltr'>esset</span> <span class='ocrx_word' id='word_1_58' title='bbox 987 1146 1070 1169; x_wconf 92' lang='lat' dir='ltr'>cum</span> <span class='ocrx_word' id='word_1_59' title='bbox 1095 1135 1133 1170; x_wconf 89' lang='lat' dir='ltr'>L.</span> <span class='ocrx_word' id='word_1_60' title='bbox 1161 1135 1316 1170; x_wconf 88' lang='lat' dir='ltr'>Lucullo</span> <span class='ocrx_word' id='word_1_61' title='bbox 1345 1135 1383 1169; x_wconf 90' lang='lat' dir='ltr'>in</span> <span class='ocrx_word' id='word_1_62' title='bbox 1408 1135 1573 1169; x_wconf 84' lang='lat' dir='ltr'>Siciliam</span> 
     </span>
     <span class='ocr_line' id='line_1_10' title="bbox 232 1182 1572 1227; baseline -0.001 -10"><span class='ocrx_word' id='word_1_63' title='bbox 232 1182 421 1227; x_wconf 86' lang='lat' dir='ltr'>profectus</span> <span class='ocrx_word' id='word_1_64' title='bbox 456 1183 493 1217; x_wconf 87' lang='lat' dir='ltr'>et</span> <span class='ocrx_word' id='word_1_65' title='bbox 524 1193 605 1216; x_wconf 91' lang='lat' dir='ltr'>cum</span> <span class='ocrx_word' id='word_1_66' title='bbox 639 1193 684 1217; x_wconf 82' lang='lat' dir='ltr'>ex</span> <span class='ocrx_word' id='word_1_67' title='bbox 717 1193 761 1216; x_wconf 89' lang='lat' dir='ltr'>ea</span> <span class='ocrx_word' id='word_1_68' title='bbox 791 1183 981 1227; x_wconf 86' lang='lat' dir='ltr'>provincia</span> <span class='ocrx_word' id='word_1_69' title='bbox 1006 1193 1089 1216; x_wconf 89' lang='lat' dir='ltr'>cum</span> <span class='ocrx_word' id='word_1_70' title='bbox 1115 1182 1310 1218; x_wconf 63' lang='lat' dir='ltr'>eodem&#39;L.</span> <span class='ocrx_word' id='word_1_71' title='bbox 1338 1182 1491 1216; x_wconf 90' lang='lat' dir='ltr'>Lucullo</span> <span class='ocrx_word' id='word_1_72' title='bbox 1518 1194 1572 1216; x_wconf 88' lang='lat' dir='ltr'>re-</span> 
     </span>
     <span class='ocr_line' id='line_1_11' title="bbox 233 1229 1572 1274; baseline 0 -11"><span class='ocrx_word' id='word_1_73' title='bbox 233 1229 460 1274; x_wconf 85' lang='lat' dir='ltr'>grederetur,</span> <span class='ocrx_word' id='word_1_74' title='bbox 487 1229 706 1263; x_wconf 78' lang='lat' dir='ltr'>Heracleam</span> <span class='ocrx_word' id='word_1_75' title='bbox 731 1230 843 1269; x_wconf 69' lang='lat' dir='ltr'>venit,</span> <span class='ocrx_word' id='word_1_76' title='bbox 871 1240 965 1273; x_wconf 85' lang='lat' dir='ltr'>quae</span> <span class='ocrx_word' id='word_1_77' title='bbox 990 1230 1080 1263; x_wconf 90' lang='lat' dir='ltr'>tunc</span> <span class='ocrx_word' id='word_1_78' title='bbox 1105 1230 1187 1263; x_wconf 89' lang='lat' dir='ltr'>erat</span> <span class='ocrx_word' id='word_1_79' title='bbox 1211 1229 1342 1263; x_wconf 86' lang='lat' dir='ltr'>civitas</span> <span class='ocrx_word' id='word_1_80' title='bbox 1368 1229 1572 1271; x_wconf 81' lang='lat' dir='ltr'>foederata,</span> 
     </span>
     <span class='ocr_line' id='line_1_12' title="bbox 233 1275 1572 1321; baseline -0.001 -11"><span class='ocrx_word' id='word_1_81' title='bbox 233 1278 271 1310; x_wconf 91' lang='lat' dir='ltr'>et</span> <span class='ocrx_word' id='word_1_82' title='bbox 296 1277 479 1321; x_wconf 86' lang='lat' dir='ltr'>ascriptus</span> <span class='ocrx_word' id='word_1_83' title='bbox 505 1278 563 1310; x_wconf 86' lang='lat' dir='ltr'>est</span> <span class='ocrx_word' id='word_1_84' title='bbox 581 1277 618 1311; x_wconf 89' lang='lat' dir='ltr'>in</span> <span class='ocrx_word' id='word_1_85' title='bbox 646 1277 812 1311; x_wconf 89' lang='lat' dir='ltr'>ordinem</span> <span class='ocrx_word' id='word_1_86' title='bbox 836 1276 1130 1310; x_wconf 81' lang='lat' dir='ltr'>Heracliensium</span> <span class='ocrx_word' id='word_1_87' title='bbox 1155 1275 1258 1311; x_wconf 85' lang='lat' dir='ltr'>civis.</span> <span class='ocrx_word' id='word_1_88' title='bbox 1295 1275 1397 1310; x_wconf 87' lang='lat' dir='ltr'>Tunc</span> <span class='ocrx_word' id='word_1_89' title='bbox 1424 1275 1572 1310; x_wconf 55' lang='lat' dir='ltr'>Silanus</span> 
     </span>
     <span class='ocr_line' id='line_1_13' title="bbox 233 1322 1572 1367; baseline -0.001 -9"><span class='ocrx_word' id='word_1_90' title='bbox 233 1324 271 1358; x_wconf 88' lang='lat' dir='ltr'>et</span> <span class='ocrx_word' id='word_1_91' title='bbox 290 1322 408 1358; x_wconf 83' lang='lat' dir='ltr'>Carbo</span> <span class='ocrx_word' id='word_1_92' title='bbox 435 1334 527 1358; x_wconf 88' lang='lat' dir='ltr'>coss.</span> <span class='ocrx_word' id='word_1_93' title='bbox 553 1323 676 1367; x_wconf 83' lang='lat' dir='ltr'>legem</span> <span class='ocrx_word' id='word_1_94' title='bbox 700 1324 884 1366; x_wconf 86' lang='lat' dir='ltr'>tulerunt,</span> <span class='ocrx_word' id='word_1_95' title='bbox 910 1327 952 1358; x_wconf 90' lang='lat' dir='ltr'>ut</span> <span class='ocrx_word' id='word_1_96' title='bbox 978 1333 1116 1365; x_wconf 86' lang='lat' dir='ltr'>omnes,</span> <span class='ocrx_word' id='word_1_97' title='bbox 1141 1322 1205 1366; x_wconf 89' lang='lat' dir='ltr'>qui</span> <span class='ocrx_word' id='word_1_98' title='bbox 1230 1324 1355 1357; x_wconf 83' lang='lat' dir='ltr'>essent</span> <span class='ocrx_word' id='word_1_99' title='bbox 1381 1333 1423 1357; x_wconf 81' lang='lat' dir='ltr'>ex</span> <span class='ocrx_word' id='word_1_100' title='bbox 1448 1322 1572 1357; x_wconf 85' lang='lat' dir='ltr'>foede-</span> 
     </span>
     <span class='ocr_line' id='line_1_14' title="bbox 232 1369 1571 1415; baseline -0.001 -11"><span class='ocrx_word' id='word_1_101' title='bbox 232 1369 324 1404; x_wconf 87' lang='lat' dir='ltr'>ratis</span> <span class='ocrx_word' id='word_1_102' title='bbox 350 1370 508 1415; x_wconf 85' lang='lat' dir='ltr'>populis,</span> <span class='ocrx_word' id='word_1_103' title='bbox 536 1370 726 1404; x_wconf 87' lang='lat' dir='ltr'>civitatem</span> <span class='ocrx_word' id='word_1_104' title='bbox 746 1371 953 1405; x_wconf 84' lang='lat' dir='ltr'>Romanam</span> <span class='ocrx_word' id='word_1_105' title='bbox 978 1371 1299 1413; x_wconf 82' lang='lat' dir='ltr'>consequerentur,</span> <span class='ocrx_word' id='word_1_106' title='bbox 1326 1370 1485 1405; x_wconf 84' lang='lat' dir='ltr'>simodo</span> <span class='ocrx_word' id='word_1_107' title='bbox 1505 1369 1571 1404; x_wconf 89' lang='lat' dir='ltr'>illo</span> 
     </span>
     <span class='ocr_line' id='line_1_15' title="bbox 231 1416 1573 1461; baseline -0.001 -9"><span class='ocrx_word' id='word_1_108' title='bbox 231 1419 418 1461; x_wconf 82' lang='lat' dir='ltr'>tempore,</span> <span class='ocrx_word' id='word_1_109' title='bbox 451 1427 524 1461; x_wconf 89' lang='lat' dir='ltr'>quo</span> <span class='ocrx_word' id='word_1_110' title='bbox 550 1418 609 1451; x_wconf 83' lang='lat' dir='ltr'>lex</span> <span class='ocrx_word' id='word_1_111' title='bbox 634 1417 713 1451; x_wconf 90' lang='lat' dir='ltr'>lata</span> <span class='ocrx_word' id='word_1_112' title='bbox 739 1418 853 1460; x_wconf 87' lang='lat' dir='ltr'>esset,</span> <span class='ocrx_word' id='word_1_113' title='bbox 880 1416 1110 1451; x_wconf 86' lang='lat' dir='ltr'>domicilium</span> <span class='ocrx_word' id='word_1_114' title='bbox 1135 1416 1174 1451; x_wconf 89' lang='lat' dir='ltr'>in</span> <span class='ocrx_word' id='word_1_115' title='bbox 1194 1417 1304 1451; x_wconf 88' lang='lat' dir='ltr'>Italia</span> <span class='ocrx_word' id='word_1_116' title='bbox 1329 1417 1510 1451; x_wconf 87' lang='lat' dir='ltr'>haberent</span> <span class='ocrx_word' id='word_1_117' title='bbox 1535 1418 1573 1450; x_wconf 90' lang='lat' dir='ltr'>et</span> 
     </span>
     <span class='ocr_line' id='line_1_16' title="bbox 232 1463 1571 1508; baseline 0 -10"><span class='ocrx_word' id='word_1_118' title='bbox 232 1464 332 1499; x_wconf 87' lang='lat' dir='ltr'>intra</span> <span class='ocrx_word' id='word_1_119' title='bbox 375 1463 475 1498; x_wconf 84' lang='lat' dir='ltr'>diem</span> <span class='ocrx_word' id='word_1_120' title='bbox 514 1465 787 1508; x_wconf 82' lang='lat' dir='ltr'>sexagesimum</span> <span class='ocrx_word' id='word_1_121' title='bbox 823 1464 983 1508; x_wconf 83' lang='lat' dir='ltr'>professi</span> <span class='ocrx_word' id='word_1_122' title='bbox 1021 1463 1120 1508; x_wconf 87' lang='lat' dir='ltr'>apud</span> <span class='ocrx_word' id='word_1_123' title='bbox 1157 1465 1367 1508; x_wconf 87' lang='lat' dir='ltr'>praetorem</span> <span class='ocrx_word' id='word_1_124' title='bbox 1403 1463 1571 1500; x_wconf 86' lang='lat' dir='ltr'>fuissent.</span> 
     </span>
     <span class='ocr_line' id='line_1_17' title="bbox 234 1510 1571 1554; baseline -0.001 -9"><span class='ocrx_word' id='word_1_125' title='bbox 234 1512 334 1554; x_wconf 82' lang='lat' dir='ltr'>Quae</span> <span class='ocrx_word' id='word_1_126' title='bbox 355 1522 438 1545; x_wconf 89' lang='lat' dir='ltr'>cum</span> <span class='ocrx_word' id='word_1_127' title='bbox 457 1510 598 1545; x_wconf 86' lang='lat' dir='ltr'>Licinio</span> <span class='ocrx_word' id='word_1_128' title='bbox 619 1511 775 1546; x_wconf 89' lang='lat' dir='ltr'>Archiae</span> <span class='ocrx_word' id='word_1_129' title='bbox 797 1511 845 1545; x_wconf 91' lang='lat' dir='ltr'>ad</span> <span class='ocrx_word' id='word_1_130' title='bbox 864 1511 1106 1545; x_wconf 88' lang='lat' dir='ltr'>obtinendum</span> <span class='ocrx_word' id='word_1_131' title='bbox 1126 1510 1183 1545; x_wconf 90' lang='lat' dir='ltr'>ius</span> <span class='ocrx_word' id='word_1_132' title='bbox 1204 1511 1367 1545; x_wconf 79' lang='lat' dir='ltr'>civitatis</span> <span class='ocrx_word' id='word_1_133' title='bbox 1381 1511 1571 1545; x_wconf 88' lang='lat' dir='ltr'>Romanae</span> 
     </span>
     <span class='ocr_line' id='line_1_18' title="bbox 232 1556 1571 1602; baseline 0 -11"><span class='ocrx_word' id='word_1_134' title='bbox 232 1559 452 1602; x_wconf 84' lang='lat' dir='ltr'>argumenta</span> <span class='ocrx_word' id='word_1_135' title='bbox 470 1557 653 1601; x_wconf 84' lang='lat' dir='ltr'>deessent,</span> <span class='ocrx_word' id='word_1_136' title='bbox 679 1558 854 1602; x_wconf 88' lang='lat' dir='ltr'>quoniam</span> <span class='ocrx_word' id='word_1_137' title='bbox 878 1568 997 1602; x_wconf 85' lang='lat' dir='ltr'>neque</span> <span class='ocrx_word' id='word_1_138' title='bbox 1016 1557 1154 1592; x_wconf 90' lang='lat' dir='ltr'>tabulis</span> <span class='ocrx_word' id='word_1_139' title='bbox 1174 1556 1469 1592; x_wconf 80' lang='lat' dir='ltr'>Heracliensium</span> <span class='ocrx_word' id='word_1_140' title='bbox 1488 1567 1571 1602; x_wconf 90' lang='lat' dir='ltr'>pro-</span> 
     </span>
     <span class='ocr_line' id='line_1_19' title="bbox 232 1604 1571 1650; baseline -0.001 -11"><span class='ocrx_word' id='word_1_141' title='bbox 232 1606 320 1640; x_wconf 86' lang='lat' dir='ltr'>bare</span> <span class='ocrx_word' id='word_1_142' title='bbox 351 1607 501 1649; x_wconf 79' lang='lat' dir='ltr'>poterat</span> <span class='ocrx_word' id='word_1_143' title='bbox 531 1605 734 1650; x_wconf 85' lang='lat' dir='ltr'>ascriptum</span> <span class='ocrx_word' id='word_1_144' title='bbox 771 1615 809 1639; x_wconf 89' lang='lat' dir='ltr'>se</span> <span class='ocrx_word' id='word_1_145' title='bbox 834 1605 872 1639; x_wconf 88' lang='lat' dir='ltr'>in</span> <span class='ocrx_word' id='word_1_146' title='bbox 897 1604 1065 1639; x_wconf 86' lang='lat' dir='ltr'>ordinem</span> <span class='ocrx_word' id='word_1_147' title='bbox 1090 1605 1224 1638; x_wconf 83' lang='lat' dir='ltr'>civium</span> <span class='ocrx_word' id='word_1_148' title='bbox 1250 1605 1400 1649; x_wconf 86' lang='lat' dir='ltr'>(quippe</span> <span class='ocrx_word' id='word_1_149' title='bbox 1425 1604 1571 1638; x_wconf 89' lang='lat' dir='ltr'>tabula-</span> 
     </span>
     <span class='ocr_line' id='line_1_20' title="bbox 232 1651 1571 1695; baseline -0.001 -10"><span class='ocrx_word' id='word_1_150' title='bbox 232 1653 327 1685; x_wconf 88' lang='lat' dir='ltr'>rium</span> <span class='ocrx_word' id='word_1_151' title='bbox 361 1651 526 1686; x_wconf 80' lang='lat' dir='ltr'>civitatis</span> <span class='ocrx_word' id='word_1_152' title='bbox 557 1652 658 1686; x_wconf 93' lang='lat' dir='ltr'>illius</span> <span class='ocrx_word' id='word_1_153' title='bbox 690 1652 878 1686; x_wconf 83' lang='lat' dir='ltr'>exarserat</span> <span class='ocrx_word' id='word_1_154' title='bbox 902 1651 1001 1686; x_wconf 85' lang='lat' dir='ltr'>bello</span> <span class='ocrx_word' id='word_1_155' title='bbox 1029 1651 1190 1695; x_wconf 89' lang='lat' dir='ltr'>sociali),</span> <span class='ocrx_word' id='word_1_156' title='bbox 1222 1662 1290 1686; x_wconf 88' lang='lat' dir='ltr'>nec</span> <span class='ocrx_word' id='word_1_157' title='bbox 1315 1651 1416 1686; x_wconf 90' lang='lat' dir='ltr'>bona</span> <span class='ocrx_word' id='word_1_158' title='bbox 1442 1662 1508 1686; x_wconf 85' lang='lat' dir='ltr'>sua</span> <span class='ocrx_word' id='word_1_159' title='bbox 1532 1652 1571 1685; x_wconf 88' lang='lat' dir='ltr'>in</span> 
     </span>
     <span class='ocr_line' id='line_1_21' title="bbox 233 1698 1572 1743; baseline -0.001 -11"><span class='ocrx_word' id='word_1_160' title='bbox 233 1710 383 1733; x_wconf 88' lang='lat' dir='ltr'>censum</span> <span class='ocrx_word' id='word_1_161' title='bbox 409 1698 604 1739; x_wconf 82' lang='lat' dir='ltr'>detulerat,</span> <span class='ocrx_word' id='word_1_162' title='bbox 631 1710 714 1733; x_wconf 85' lang='lat' dir='ltr'>reus</span> <span class='ocrx_word' id='word_1_163' title='bbox 739 1698 861 1732; x_wconf 86' lang='lat' dir='ltr'>factus</span> <span class='ocrx_word' id='word_1_164' title='bbox 888 1700 945 1733; x_wconf 89' lang='lat' dir='ltr'>est</span> <span class='ocrx_word' id='word_1_165' title='bbox 969 1699 1053 1742; x_wconf 85' lang='lat' dir='ltr'>lege</span> <span class='ocrx_word' id='word_1_166' title='bbox 1073 1699 1199 1743; x_wconf 86' lang='lat' dir='ltr'>Papia,</span> <span class='ocrx_word' id='word_1_167' title='bbox 1226 1708 1320 1742; x_wconf 88' lang='lat' dir='ltr'>quae</span> <span class='ocrx_word' id='word_1_168' title='bbox 1345 1698 1424 1732; x_wconf 86' lang='lat' dir='ltr'>lata</span> <span class='ocrx_word' id='word_1_169' title='bbox 1449 1698 1572 1732; x_wconf 80' lang='lat' dir='ltr'>fuerat</span> 
     </span>
     <span class='ocr_line' id='line_1_22' title="bbox 234 1745 1571 1790; baseline 0 -12"><span class='ocrx_word' id='word_1_170' title='bbox 234 1745 282 1778; x_wconf 85' lang='lat' dir='ltr'>ad</span> <span class='ocrx_word' id='word_1_171' title='bbox 316 1756 380 1780; x_wconf 89' lang='lat' dir='ltr'>eos</span> <span class='ocrx_word' id='word_1_172' title='bbox 406 1746 647 1790; x_wconf 71' lang='lat' dir='ltr'>coercendOS,</span> <span class='ocrx_word' id='word_1_173' title='bbox 680 1746 743 1790; x_wconf 91' lang='lat' dir='ltr'>qui</span> <span class='ocrx_word' id='word_1_174' title='bbox 767 1748 906 1780; x_wconf 86' lang='lat' dir='ltr'>temere</span> <span class='ocrx_word' id='word_1_175' title='bbox 932 1746 971 1780; x_wconf 89' lang='lat' dir='ltr'>et</span> <span class='ocrx_word' id='word_1_176' title='bbox 994 1745 1125 1779; x_wconf 86' lang='lat' dir='ltr'>illicite</span> <span class='ocrx_word' id='word_1_177' title='bbox 1152 1745 1340 1780; x_wconf 86' lang='lat' dir='ltr'>civitatem</span> <span class='ocrx_word' id='word_1_178' title='bbox 1366 1745 1571 1779; x_wconf 85' lang='lat' dir='ltr'>Romanam</span> 
     </span>
     <span class='ocr_line' id='line_1_23' title="bbox 232 1790 1570 1836; baseline -0.001 -11"><span class='ocrx_word' id='word_1_179' title='bbox 232 1794 480 1836; x_wconf 83' lang='lat' dir='ltr'>usurpassent.</span> <span class='ocrx_word' id='word_1_180' title='bbox 530 1792 591 1826; x_wconf 89' lang='lat' dir='ltr'>Fit</span> <span class='ocrx_word' id='word_1_181' title='bbox 616 1803 703 1836; x_wconf 84' lang='lat' dir='ltr'>ergo</span> <span class='ocrx_word' id='word_1_182' title='bbox 730 1794 849 1827; x_wconf 87' lang='lat' dir='ltr'>status</span> <span class='ocrx_word' id='word_1_183' title='bbox 876 1791 1149 1834; x_wconf 86' lang='lat' dir='ltr'>coniecturalis,</span> <span class='ocrx_word' id='word_1_184' title='bbox 1175 1802 1224 1826; x_wconf 91' lang='lat' dir='ltr'>an</span> <span class='ocrx_word' id='word_1_185' title='bbox 1249 1791 1433 1835; x_wconf 79' lang='lat' dir='ltr'>ascriptus</span> <span class='ocrx_word' id='word_1_186' title='bbox 1459 1791 1508 1825; x_wconf 91' lang='lat' dir='ltr'>sit</span> <span class='ocrx_word' id='word_1_187' title='bbox 1532 1790 1570 1825; x_wconf 90' lang='lat' dir='ltr'>in</span> 
     </span>
     <span class='ocr_line' id='line_1_24' title="bbox 233 1837 1570 1882; baseline -0.001 -10"><span class='ocrx_word' id='word_1_188' title='bbox 233 1838 401 1872; x_wconf 87' lang='lat' dir='ltr'>ordinem</span> <span class='ocrx_word' id='word_1_189' title='bbox 422 1839 718 1874; x_wconf 87' lang='lat' dir='ltr'>Heracliensium</span> <span class='ocrx_word' id='word_1_190' title='bbox 744 1840 783 1873; x_wconf 91' lang='lat' dir='ltr'>et</span> <span class='ocrx_word' id='word_1_191' title='bbox 807 1850 855 1873; x_wconf 90' lang='lat' dir='ltr'>an</span> <span class='ocrx_word' id='word_1_192' title='bbox 880 1838 1010 1873; x_wconf 87' lang='lat' dir='ltr'>fecerit</span> <span class='ocrx_word' id='word_1_193' title='bbox 1035 1838 1169 1881; x_wconf 88' lang='lat' dir='ltr'>omnia,</span> <span class='ocrx_word' id='word_1_194' title='bbox 1196 1849 1291 1882; x_wconf 87' lang='lat' dir='ltr'>quae</span> <span class='ocrx_word' id='word_1_195' title='bbox 1316 1837 1348 1872; x_wconf 90' lang='lat' dir='ltr'>is</span> <span class='ocrx_word' id='word_1_196' title='bbox 1368 1837 1490 1872; x_wconf 85' lang='lat' dir='ltr'>facere</span> <span class='ocrx_word' id='word_1_197' title='bbox 1510 1837 1570 1872; x_wconf 87' lang='lat' dir='ltr'>de-</span> 
     </span>
     <span class='ocr_line' id='line_1_25' title="bbox 232 1884 1571 1929; baseline -0.001 -10"><span class='ocrx_word' id='word_1_198' title='bbox 232 1885 366 1928; x_wconf 82' lang='lat' dir='ltr'>buerit,</span> <span class='ocrx_word' id='word_1_199' title='bbox 393 1885 457 1929; x_wconf 86' lang='lat' dir='ltr'>qui</span> <span class='ocrx_word' id='word_1_200' title='bbox 483 1887 579 1920; x_wconf 88' lang='lat' dir='ltr'>esset</span> <span class='ocrx_word' id='word_1_201' title='bbox 603 1897 622 1920; x_wconf 89' lang='lat' dir='ltr'>e</span> <span class='ocrx_word' id='word_1_202' title='bbox 648 1897 799 1920; x_wconf 88' lang='lat' dir='ltr'>numero</span> <span class='ocrx_word' id='word_1_203' title='bbox 824 1885 1109 1920; x_wconf 86' lang='lat' dir='ltr'>foederatorum.</span> <span class='ocrx_word' id='word_1_204' title='bbox 1156 1885 1202 1918; x_wconf 87' lang='lat' dir='ltr'>Et</span> <span class='ocrx_word' id='word_1_205' title='bbox 1227 1884 1396 1919; x_wconf 88' lang='lat' dir='ltr'>deficitur</span> <span class='ocrx_word' id='word_1_206' title='bbox 1421 1884 1571 1928; x_wconf 88' lang='lat' dir='ltr'>quidem</span> 
     </span>
     <span class='ocr_line' id='line_1_26' title="bbox 232 1930 1571 1976; baseline -0.001 -10"><span class='ocrx_word' id='word_1_207' title='bbox 232 1932 358 1966; x_wconf 81' lang='lat' dir='ltr'>multis</span> <span class='ocrx_word' id='word_1_208' title='bbox 388 1932 690 1976; x_wconf 84' lang='lat' dir='ltr'>probationibus,</span> <span class='ocrx_word' id='word_1_209' title='bbox 722 1933 936 1967; x_wconf 87' lang='lat' dir='ltr'>testimonio</span> <span class='ocrx_word' id='word_1_210' title='bbox 967 1934 1093 1966; x_wconf 87' lang='lat' dir='ltr'>tamen</span> <span class='ocrx_word' id='word_1_211' title='bbox 1116 1930 1411 1966; x_wconf 82' lang='lat' dir='ltr'>Heracliensium</span> <span class='ocrx_word' id='word_1_212' title='bbox 1443 1932 1481 1965; x_wconf 88' lang='lat' dir='ltr'>et</span> <span class='ocrx_word' id='word_1_213' title='bbox 1511 1931 1571 1966; x_wconf 88' lang='lat' dir='ltr'>vel</span> 
     </span>
     <span class='ocr_line' id='line_1_27' title="bbox 232 1978 1572 2023; baseline 0 -11"><span class='ocrx_word' id='word_1_214' title='bbox 232 1978 409 2021; x_wconf 78' lang='lat' dir='ltr'>maxime,</span> <span class='ocrx_word' id='word_1_215' title='bbox 442 1979 575 2022; x_wconf 88' lang='lat' dir='ltr'>quibus</span> <span class='ocrx_word' id='word_1_216' title='bbox 607 1981 688 2013; x_wconf 85' lang='lat' dir='ltr'>tota</span> <span class='ocrx_word' id='word_1_217' title='bbox 720 1981 922 2023; x_wconf 88' lang='lat' dir='ltr'>occupatur</span> <span class='ocrx_word' id='word_1_218' title='bbox 953 1979 1090 2021; x_wconf 89' lang='lat' dir='ltr'>oratio,</span> <span class='ocrx_word' id='word_1_219' title='bbox 1122 1978 1291 2022; x_wconf 70' lang='lat' dir='ltr'>poeticae</span> <span class='ocrx_word' id='word_1_220' title='bbox 1316 1978 1505 2012; x_wconf 82' lang='lat' dir='ltr'>facultatis</span> <span class='ocrx_word' id='word_1_221' title='bbox 1533 1980 1572 2012; x_wconf 91' lang='lat' dir='ltr'>et</span> 
     </span>
     <span class='ocr_line' id='line_1_28' title="bbox 233 2024 1570 2070; baseline 0 -11"><span class='ocrx_word' id='word_1_222' title='bbox 233 2026 424 2061; x_wconf 87' lang='lat' dir='ltr'>doctrinae</span> <span class='ocrx_word' id='word_1_223' title='bbox 450 2025 736 2060; x_wconf 86' lang='lat' dir='ltr'>iucundissimae</span> <span class='ocrx_word' id='word_1_224' title='bbox 763 2027 887 2070; x_wconf 87' lang='lat' dir='ltr'>gratia</span> <span class='ocrx_word' id='word_1_225' title='bbox 912 2025 1053 2059; x_wconf 89' lang='lat' dir='ltr'>nititur.</span> <span class='ocrx_word' id='word_1_226' title='bbox 1098 2025 1165 2059; x_wconf 91' lang='lat' dir='ltr'>Est</span> <span class='ocrx_word' id='word_1_227' title='bbox 1189 2025 1301 2060; x_wconf 88' lang='lat' dir='ltr'>etiam</span> <span class='ocrx_word' id='word_1_228' title='bbox 1328 2024 1461 2059; x_wconf 85' lang='lat' dir='ltr'>omissa</span> <span class='ocrx_word' id='word_1_229' title='bbox 1486 2036 1570 2059; x_wconf 88' lang='lat' dir='ltr'>con·</span> 
     </span>
     <span class='ocr_line' id='line_1_29' title="bbox 233 2071 1570 2117; baseline -0.001 -10"><span class='ocrx_word' id='word_1_230' title='bbox 233 2073 375 2107; x_wconf 88' lang='lat' dir='ltr'>iectura</span> <span class='ocrx_word' id='word_1_231' title='bbox 412 2071 634 2116; x_wconf 86' lang='lat' dir='ltr'>disceptatio</span> <span class='ocrx_word' id='word_1_232' title='bbox 668 2085 733 2117; x_wconf 87' lang='lat' dir='ltr'>per</span> <span class='ocrx_word' id='word_1_233' title='bbox 769 2074 889 2117; x_wconf 84' lang='lat' dir='ltr'>ipsam</span> <span class='ocrx_word' id='word_1_234' title='bbox 922 2071 1142 2116; x_wconf 85' lang='lat' dir='ltr'>qualitatem</span> <span class='ocrx_word' id='word_1_235' title='bbox 1173 2083 1369 2116; x_wconf 82' lang='lat' dir='ltr'>personae,</span> <span class='ocrx_word' id='word_1_236' title='bbox 1407 2072 1450 2105; x_wconf 93' lang='lat' dir='ltr'>ut</span> <span class='ocrx_word' id='word_1_237' title='bbox 1480 2071 1570 2106; x_wconf 84' lang='lat' dir='ltr'>civis</span> 
     </span>
     <span class='ocr_line' id='line_1_30' title="bbox 232 2117 1571 2164; baseline -0.001 -11"><span class='ocrx_word' id='word_1_238' title='bbox 232 2119 421 2154; x_wconf 88' lang='lat' dir='ltr'>Romanus</span> <span class='ocrx_word' id='word_1_239' title='bbox 461 2119 596 2154; x_wconf 88' lang='lat' dir='ltr'>debeat</span> <span class='ocrx_word' id='word_1_240' title='bbox 633 2119 822 2164; x_wconf 85' lang='lat' dir='ltr'>adoptari,</span> <span class='ocrx_word' id='word_1_241' title='bbox 866 2120 1009 2153; x_wconf 85' lang='lat' dir='ltr'>etiamsi</span> <span class='ocrx_word' id='word_1_242' title='bbox 1045 2119 1084 2152; x_wconf 91' lang='lat' dir='ltr'>in</span> <span class='ocrx_word' id='word_1_243' title='bbox 1119 2118 1362 2162; x_wconf 88' lang='lat' dir='ltr'>praeteritum</span> <span class='ocrx_word' id='word_1_244' title='bbox 1403 2129 1479 2153; x_wconf 89' lang='lat' dir='ltr'>non</span> <span class='ocrx_word' id='word_1_245' title='bbox 1521 2117 1571 2152; x_wconf 87' lang='lat' dir='ltr'>sit</span> 
     </span>
     <span class='ocr_line' id='line_1_31' title="bbox 233 2164 1569 2207; baseline -0.001 -7"><span class='ocrx_word' id='word_1_246' title='bbox 233 2167 381 2201; x_wconf 85' lang='lat' dir='ltr'>ascitus.</span> <span class='ocrx_word' id='word_1_247' title='bbox 415 2187 457 2191; x_wconf 91' lang='lat'>-—</span> <span class='ocrx_word' id='word_1_248' title='bbox 490 2165 593 2200; x_wconf 87' lang='lat' dir='ltr'>Idem</span> <span class='ocrx_word' id='word_1_249' title='bbox 623 2167 815 2200; x_wconf 85' lang='lat' dir='ltr'>enarrator</span> <span class='ocrx_word' id='word_1_250' title='bbox 838 2165 887 2200; x_wconf 89' lang='lat' dir='ltr'>ad</span> <span class='ocrx_word' id='word_1_251' title='bbox 912 2177 941 2201; x_wconf 95' lang='lat' dir='ltr'>c.</span> <span class='ocrx_word' id='word_1_252' title='bbox 968 2169 988 2199; x_wconf 83' lang='lat'><strong>2</strong></span> <span class='ocrx_word' id='word_1_253' title='bbox 1015 2169 1035 2207; x_wconf 67' lang='grc' dir='ltr'>ἓ</span> <span class='ocrx_word' id='word_1_254' title='bbox 1061 2169 1081 2200; x_wconf 91' lang='grc'><strong>3</strong></span> <span class='ocrx_word' id='word_1_255' title='bbox 1108 2165 1263 2200; x_wconf 86' lang='lat' dir='ltr'>adnotat</span> <span class='ocrx_word' id='word_1_256' title='bbox 1288 2164 1328 2206; x_wconf 83' lang='lat' dir='ltr'>Q.</span> <span class='ocrx_word' id='word_1_257' title='bbox 1356 2164 1569 2200; x_wconf 86' lang='lat' dir='ltr'>Ciceronem</span> 
     </span>
     <span class='ocr_line' id='line_1_32' title="bbox 234 2211 1569 2257; baseline -0.001 -10"><span class='ocrx_word' id='word_1_258' title='bbox 234 2214 386 2247; x_wconf 79' lang='lat' dir='ltr'>fratrem</span> <span class='ocrx_word' id='word_1_259' title='bbox 410 2213 458 2247; x_wconf 92' lang='lat' dir='ltr'>M.</span> <span class='ocrx_word' id='word_1_260' title='bbox 485 2212 583 2247; x_wconf 87' lang='lat' dir='ltr'>Tulli</span> <span class='ocrx_word' id='word_1_261' title='bbox 615 2212 772 2247; x_wconf 86' lang='lat' dir='ltr'>oratoris</span> <span class='ocrx_word' id='word_1_262' title='bbox 804 2212 909 2247; x_wconf 88' lang='lat' dir='ltr'>illum</span> <span class='ocrx_word' id='word_1_263' title='bbox 935 2211 1050 2246; x_wconf 83' lang='lat' dir='ltr'>fuisse</span> <span class='ocrx_word' id='word_1_264' title='bbox 1075 2214 1302 2257; x_wconf 81' lang='lat' dir='ltr'>praetorem,</span> <span class='ocrx_word' id='word_1_265' title='bbox 1335 2211 1434 2255; x_wconf 87' lang='lat' dir='ltr'>apud</span> <span class='ocrx_word' id='word_1_266' title='bbox 1460 2222 1569 2256; x_wconf 86' lang='lat' dir='ltr'>quem</span> 
     </span>
     <span class='ocr_line' id='line_1_33' title="bbox 233 2257 1569 2303; baseline -0.001 -10"><span class='ocrx_word' id='word_1_267' title='bbox 233 2261 325 2295; x_wconf 87' lang='lat' dir='ltr'>haec</span> <span class='ocrx_word' id='word_1_268' title='bbox 355 2260 486 2294; x_wconf 86' lang='lat' dir='ltr'>habita</span> <span class='ocrx_word' id='word_1_269' title='bbox 517 2259 637 2294; x_wconf 88' lang='lat' dir='ltr'>oratio</span> <span class='ocrx_word' id='word_1_270' title='bbox 670 2260 719 2293; x_wconf 88' lang='lat' dir='ltr'>sit</span> <span class='ocrx_word' id='word_1_271' title='bbox 751 2259 860 2302; x_wconf 90' lang='lat' dir='ltr'>(conf.</span> <span class='ocrx_word' id='word_1_272' title='bbox 889 2260 1001 2293; x_wconf 80' lang='lat' dir='ltr'>etiam</span> <span class='ocrx_word' id='word_1_273' title='bbox 1033 2258 1107 2294; x_wconf 89' lang='lat' dir='ltr'>Cic.</span> <span class='ocrx_word' id='word_1_274' title='bbox 1134 2259 1238 2303; x_wconf 87' lang='lat' dir='ltr'>epist.</span> <span class='ocrx_word' id='word_1_275' title='bbox 1272 2259 1319 2294; x_wconf 87' lang='lat' dir='ltr'>acl</span> <span class='ocrx_word' id='word_1_276' title='bbox 1351 2257 1391 2299; x_wconf 86' lang='lat' dir='ltr'>Q.</span> <span class='ocrx_word' id='word_1_277' title='bbox 1417 2258 1569 2293; x_wconf 87' lang='lat' dir='ltr'>fratrem</span> 
     </span>
     <span class='ocr_line' id='line_1_34' title="bbox 233 2305 1433 2351; baseline 0.001 -12"><span class='ocrx_word' id='word_1_278' title='bbox 233 2306 284 2340; x_wconf 85' lang='lat'>111</span> <span class='ocrx_word' id='word_1_279' title='bbox 311 2311 342 2342; x_wconf 85' lang='lat'>6.</span> <span class='ocrx_word' id='word_1_280' title='bbox 370 2310 417 2351; x_wconf 83' lang='lat'>9),</span> <span class='ocrx_word' id='word_1_281' title='bbox 442 2306 660 2351; x_wconf 86' lang='lat' dir='ltr'>videturque</span> <span class='ocrx_word' id='word_1_282' title='bbox 687 2307 729 2340; x_wconf 88' lang='lat' dir='ltr'>A.</span> <span class='ocrx_word' id='word_1_283' title='bbox 756 2305 918 2340; x_wconf 86' lang='lat' dir='ltr'>Licinius</span> <span class='ocrx_word' id='word_1_284' title='bbox 944 2305 1098 2340; x_wconf 86' lang='lat' dir='ltr'>Archias</span> <span class='ocrx_word' id='word_1_285' title='bbox 1124 2305 1315 2340; x_wconf 85' lang='lat' dir='ltr'>absolutus</span> <span class='ocrx_word' id='word_1_286' title='bbox 1342 2316 1433 2340; x_wconf 90' lang='lat' dir='ltr'>esse.</span> 
     </span>
    </p>
   </div>
   <div class='ocr_carea' id='block_1_4' title="bbox 926 2404 1038 2408">
    <p class='ocr_par' dir='ltr' id='par_1_4' title="bbox 926 2404 1038 2408">
     <span class='ocr_line' id='line_1_35' title="bbox 926 2404 1038 2408; baseline 0 0"><span class='ocrx_word' id='word_1_287' title='bbox 926 2404 1038 2408; x_wconf 95' lang='lat' dir='ltr'> </span> 
     </span>
    </p>
   </div>
   <div class='ocr_carea' id='block_1_5' title="bbox 1685 587 1687 1144">
    <p class='ocr_par' dir='ltr' id='par_1_5' title="bbox 1685 587 1687 1144">
     <span class='ocr_line' id='line_1_36' title="bbox 1685 587 1687 1144; baseline 0 0"><span class='ocrx_word' id='word_1_288' title='bbox 1685 587 1687 1144; x_wconf 95' lang='lat' dir='ltr'> </span> 
     </span>
    </p>
   </div>
  </div>
 </body>
</html>
