1619 2542
536 83 638 120 CAP.
665 87 701 127 9,
731 87 772 118 10
798 87 817 126 ς
843 87 992 118 22—28.
1391 86 1446 126 83

102 193 304 235 magnum
349 183 392 221 et
433 182 627 222 sanctum
672 193 763 221 esse
806 179 1012 221 videatur.
1079 179 1231 234 Itaque
1273 182 1443 222 tantum
1471 193 1514 224 25

101 238 239 280 victus
283 238 449 281 efficere
492 239 653 294 potuit,
697 240 904 293 quantum
942 238 1170 280 incolumis
1208 253 1441 294 numquam

100 300 167 339 est
198 311 326 339 ausus
359 300 518 352 optare.
576 296 700 350 Nam,
732 311 827 338 cum
860 311 904 338 se
936 298 979 338 in
1011 311 1191 351 regnum
1224 311 1347 339 suum
1380 313 1442 340 re-

101 356 295 411 cepisset,
327 370 412 397 non
442 355 527 396 fuit
556 370 605 396 eo
632 358 870 407 contentus,
902 355 1015 411 quod
1046 355 1085 397 ei
1116 359 1289 411 praeter
1323 371 1442 411 spem

65 414 329 468 sacciderat,
367 417 414 455 ut
451 414 593 467 illam,
630 417 911 469 posteaquam
950 415 1097 468 pulsus
1138 418 1247 469 erat,
1280 418 1442 457 terram

101 487 301 527 umquam
334 472 578 527 attingeret,
611 472 685 513 sed
716 473 761 513 in
793 473 1024 514 exercitum
1056 477 1253 515 nostrum
1280 474 1442 516 clarum

101 535 226 586 atque
252 531 455 573 victorem
492 531 701 586 impetum
740 531 853 573 fecit.
909 530 1044 573 Sinite
1075 531 1156 574 hoc
1188 532 1299 585 loco,
1342 533 1440 582 Qui-

99 591 220 643 rites,
257 590 368 631 sicut
399 593 550 644 poetae
583 590 740 643 solent,
781 589 853 644 qui
885 605 953 632 res
985 590 1202 632 Romanas
1235 592 1441 645 scribunt,

99 649 330 704 praeterire
369 663 435 690 me
475 651 671 690 nostram
702 648 1012 702 calamitatem,
1054 664 1160 703 quae
1192 652 1316 691 tanta
1345 650 1440 704 fuit,

51 717 80 742 ²0
99 712 147 749 ut
196 722 289 749 eam
341 706 393 748 ad
440 721 562 749 aures
608 705 669 759 [L.
715 706 901 760 Luculli]
946 707 1219 762 imperatoris
1262 723 1349 751 non
1389 724 1440 751 ex

98 766 262 821 proelio
293 765 484 819 nuntius,
516 765 588 807 sed
621 779 670 806 ex
702 779 899 807 sermone
931 781 1075 808 rumor
1108 766 1302 809 adferret.
1357 767 1439 810 Hic
1466 776 1510 807 26

99 826 142 866 in
187 825 260 866 illo
304 824 397 879 ipso
443 825 558 866 malo
605 824 945 879 gravissimaque
982 825 1086 866 belli
1124 826 1356 868 offensione
1394 826 1439 868 L.

98 883 318 936 Lucullus,
356 884 428 937 qui
465 885 611 924 tamen
648 883 790 937 aliqua
832 897 881 924 ex
919 886 1042 938 parte
1073 884 1126 925 iis
1157 884 1439 927 incommodis

97 941 256 983 mederi
286 941 472 983 fortasse
503 942 733 996 potuisset,
765 945 908 983 vestro
941 942 1061 983 iussu
1093 946 1282 994 coactus,
1326 944 1437 998 quod

47 1009 77 1035 1⁵
97 1000 265 1055 imperii
309 1000 580 1042 diuturnitati
616 999 788 1042 modum
821 1001 1096 1042 statuendum
1127 1004 1271 1043 vetere
1303 1017 1439 1044 exem-

97 1060 169 1113 plo
196 1059 440 1114 putavistis,
464 1062 631 1114 partem
656 1059 854 1113 militum,
882 1059 954 1113 qui
979 1060 1064 1101 iam
1091 1060 1318 1114 stipendiis
1342 1075 1437 1103 con-

96 1118 197 1160 fecti
241 1120 380 1169 erant,
429 1117 610 1171 dimisit,
653 1120 820 1171 partem
863 1118 936 1160 Μ’.
977 1117 1202 1160 Glabrioni
1245 1120 1437 1162 tradidit.

97 1176 235 1217 Multa
266 1179 486 1230 praetereo
520 1177 736 1230 consult03
776 1176 849 1217 sed
881 1190 930 1216 ea
961 1191 1037 1218 vos
1071 1177 1314 1231 coniectura
1345 1193 1437 1234 per-

97 1235 266 1290 spicite,
309 1237 514 1289 quantum
552 1234 659 1276 illud
696 1235 857 1276 bellum
896 1234 1056 1276 factum
1101 1238 1282 1290 putetis,
1324 1238 1435 1292 quod

43 1303 77 1328 20
96 1294 357 1348 coniungant
387 1307 508 1348 reges
541 1293 844 1347 potentissimi,
869 1296 1075 1335 renovent
1107 1295 1296 1349 agitatae
1328 1297 1437 1337 nati-

96 1366 209 1402 oneS,
230 1352 465 1406 suscipiant
485 1352 676 1406 integrae
697 1354 857 1406 genteS,
877 1366 1013 1393 novus
1034 1353 1270 1407 imperator
1290 1357 1437 1396 noster

95 1410 276 1465 accipiat
307 1413 450 1451 vetere
483 1410 669 1452 exercitu
704 1411 840 1463 pulso.
1453 1438 1507 1479 10

185 1467 296 1510 Satis
330 1468 436 1510 mihi
468 1469 604 1509 multa
628 1470 760 1509 verba
792 1468 940 1510 fecisse
972 1469 1131 1523 videor,
1164 1484 1295 1523 quare
1322 1474 1433 1513 esset
1460 1490 1505 1521 ‘27

94 1526 176 1569 hoc
225 1527 387 1568 bellum
435 1540 587 1581 genere
636 1527 731 1580 ipso
780 1528 1086 1582 necessarium,
1140 1528 1433 1582 magnitudine

43 1595 76 1621 25
95 1585 400 1640 periculosum3
438 1587 592 1637 restat,
629 1588 677 1625 ut
715 1585 764 1625 de
800 1585 1061 1638 imperatore
1100 1586 1152 1627 ad
1190 1586 1232 1627 id
1272 1588 1432 1630 bellum

95 1644 318 1698 deligendo
353 1657 400 1684 ac
431 1643 566 1684 tantis
598 1643 724 1684 rebus
756 1643 1040 1698 praeficiendo
1061 1644 1283 1686 dicendum
1311 1661 1402 1688 esse

95 1702 300 1744 videatur.
337 1700 526 1755 Utinam,
546 1700 744 1753 Quirites,
770 1702 957 1743 virorum
983 1702 1159 1744 fortium
1186 1707 1313 1758 atque
1344 1705 1402 1747 in-
1420 1692 1504 1738 (10)

95 1761 339 1802 nocentium
377 1761 543 1813 copiam
581 1762 748 1801 tantam
787 1760 1021 1815 haberetis,
1058 1764 1107 1803 ut
1137 1762 1242 1804 haec
1280 1764 1402 1805 vobis
1430 1743 1503 1784 (27)

96 1819 347 1861 deliberatio
374 1818 561 1860 difficilis
588 1821 713 1871 esset,
746 1833 971 1872 quemnam
996 1820 1270 1875 potissimum
1296 1824 1431 1865 tantis

44 1886 78 1913 3⁰
96 1879 222 1919 rebus
261 1892 309 1919 ac
348 1880 469 1918 tanto
509 1876 625 1918 bello
656 1877 985 1931 praeficiendum
1016 1880 1244 1933 putaretis!
1306 1880 1431 1924 Nunc

96 1950 195 1978 vero
222 1950 317 1977 cum
343 1936 400 1976 sit
423 1950 532 1977 unus
560 1934 633 1976 Cn.
659 1935 899 1990 Pompeius,
924 1937 996 1991 qui
1022 1952 1108 1979 non
1133 1939 1257 1980 modo
1285 1954 1430 1981 eorum

94 1994 328 2047 hominum,
361 1994 433 2048 qni
464 2008 574 2036 nunc
606 1996 724 2047 sunt,
756 1994 951 2048 gloriam,
983 1996 1054 2037 sed
1088 1997 1216 2038 etiam
1250 1998 1431 2052 antiqui-

95 2052 199 2094 tatis
232 2052 482 2094 memoriam
515 2052 674 2093 virtute
706 2053 936 2106 superarit,
968 2068 1075 2107 quae
1106 2069 1175 2097 res
1208 2059 1289 2109 est,
1322 2071 1430 2110 quae

96 2111 346 2164 cuiusquam
372 2111 560 2152 animum
586 2111 630 2152 in
654 2111 735 2152 hac
762 2125 889 2152 causa
908 2112 1082 2154 dubium
1104 2114 1242 2155 facere
1262 2115 1428 2167 possit?

45 2178 76 2204 35
96 2168 191 2223 Ego
218 2169 330 2210 enim
358 2169 417 2210 sic
443 2169 651 2223 existimo,
676 2169 719 2210 in
747 2184 912 2211 summo
938 2170 1197 2225 imperatore
1225 2175 1429 2226 quattuor
1455 2182 1496 2215 23

96 2226 172 2268 has
211 2242 277 2268 res
315 2226 453 2268 inesse
491 2230 706 2282 oportere,
744 2228 965 2269 scientiam
997 2230 1059 2271 rei
1090 2230 1307 2284 militaris,
1345 2232 1429 2272 vir-

97 2288 249 2340 tutem,
281 2285 594 2340 auctoritatem,
624 2285 886 2328 felicitatem.
942 2286 1045 2335 Quis
1077 2288 1211 2344 igitur
1244 2288 1324 2330 hoc
1354 2289 1428 2331 ho-

1169 2357 1217 2390 6*
