1619 2542
170 87 226 131 26
528 88 620 124 pao
646 87 695 123 M.
722 87 933 123 FONTEIO
962 86 1143 122 ORATIO

170 186 418 241 cupiditatis
475 188 602 239 atque
659 184 982 225 inimicitiarum
1040 183 1224 238 suspicio
1276 182 1510 238 derogavit.

99 255 144 285 24
172 243 249 301 [14]
271 244 461 300 Ecquem
482 243 700 285 hominem
721 243 916 296 vidimus,
943 256 1118 297 ecquem
1137 256 1235 283 vere
1256 255 1510 283 commemo·

169 318 265 345 rare
297 318 525 359 possumus
557 316 703 356 parem
737 301 934 353 consilio,
976 301 1209 356 gravitate,
1256 300 1511 353 constantia,

171 362 323 404 ceteris
346 362 532 414 virtutiS,
560 360 748 413 honoris,
779 359 954 414 ingenii,
985 374 1127 400 rerum
1148 361 1369 414 gestarum
1390 373 1512 400 orna-

170 421 327 462 mentis
347 421 402 461 M.
429 419 614 461 Aemilio
642 418 799 460 Scauro
826 418 987 460 fuisse?
1030 418 1190 459 Tamen
1223 417 1361 470 liuius,
1393 417 1511 458 cuius
1531 428 1547 453 ⁵

170 479 347 521 iniurati
360 482 468 520 nutu
482 493 615 533 prope
630 480 842 518 terrarum
858 477 973 519 orbis
990 478 1233 531 regebatur,
1247 475 1377 517 iurati
1391 475 1511 517 testi-

171 539 316 580 monio
349 552 485 592 neque
518 537 561 577 in
595 535 638 578 C.
671 536 907 577 Fimbriam
938 550 1074 589 neque
1109 535 1154 576 in
1187 534 1231 577 C.
1262 534 1512 576 Memmium

172 597 380 638 creditum
407 599 491 649 est3
522 595 751 636 noluerunt
776 595 817 649 ii,
844 595 916 649 qui
941 594 1201 647 iudicabant,
1232 594 1342 635 Lanc
1366 595 1513 647 patere

171 656 407 697 inimicitiis
439 655 571 708 viam,
604 669 730 707 quem
763 653 941 708 quisque
974 653 1152 706 odisset,
1184 654 1232 693 ut
1264 667 1360 693 eum
1391 652 1513 692 testi-

173 714 316 756 monio
358 716 504 769 posset
543 713 709 754 tollere.
782 711 976 761 Quantus
1017 712 1062 752 in
1101 711 1148 752 L.
1180 709 1335 753 Crasso
1378 710 1515 765 pudor
1535 722 1568 746 10
1618 729 1619 756 1

171 774 313 827 fuerit,
340 772 453 827 quod
471 772 705 826 ingenium,
732 774 893 826 quanta
920 770 1165 821 auctoritas,
1193 770 1286 824 quis
1313 768 1514 823 ignorat?

174 831 336 872 Tamen
367 831 422 882 is,
457 831 575 873 cuius
609 830 738 871 etiam
771 843 909 871 sermo
942 828 1181 870 testimonii
1213 828 1516 870 auctoritatem

168 890 370 942 habebat,
395 888 643 930 testimonio
664 887 771 942 ipso,
799 901 906 941 quae
925 885 971 927 in
990 885 1046 926 M.
1065 884 1320 926 Marcellum
1339 883 1512 924 inimico

105 959 148 990 25
171 949 312 989 animo
345 947 469 1001 dixit,
500 947 684 1001 probare
715 959 801 987 non
832 943 986 999 potuit.
1050 943 1131 994 [15]
1164 942 1276 996 Fuit,
1312 941 1395 982 fuit
1427 941 1513 982 illis

172 1005 383 1048 iudicibus
405 1005 595 1046 divinum
616 1018 665 1046 ac
685 1003 901 1058 singulare
924 1001 1164 1054 [iudicium]
1185 999 1423 1053 consilium,
1444 998 1516 1053 qui
1536 1010 1568 1035 15

174 1079 218 1106 se
238 1079 324 1105 non
343 1064 483 1105 solum
505 1063 554 1103 de
575 1077 660 1116 reo,
687 1062 759 1103 sed
780 1061 908 1102 etiam
931 1061 999 1114 [de
1021 1061 1298 1111 accusatore,]
1327 1058 1377 1100 de
1403 1060 1514 1099 teste

173 1123 360 1164 iudicare
399 1121 739 1173 arbitrabantur,
779 1119 880 1174 quid
916 1120 1082 1172 fictum,
1121 1118 1221 1173 quid
1258 1118 1432 1159 fortuna
1467 1130 1516 1158 ac

174 1184 367 1236 tempore
395 1181 597 1233 adlatum,
630 1178 730 1233 quid
756 1179 892 1233 pretio
919 1181 1182 1232 corruptum,
1215 1176 1316 1231 quid
1343 1190 1417 1230 spe
1443 1179 1517 1216 aut

175 1242 292 1281 metu
325 1239 615 1294 depravatum,
648 1237 748 1291 quid
781 1252 805 1277 a
831 1236 1064 1291 cupiditate
1097 1235 1240 1289 aliqua
1272 1238 1346 1276 aut
1376 1233 1516 1274 inimi-

175 1298 286 1340 citiis
328 1298 567 1352 profectum
608 1296 833 1337 videretur.
908 1293 1024 1343 Quae
1063 1293 1100 1335 si
1137 1293 1262 1334 iudex
1298 1307 1385 1334 non
1426 1307 1514 1333 am—
1535 1303 1569 1327 20

175 1358 386 1413 plectetur
412 1356 555 1397 omnia
584 1354 775 1407 consilio,
807 1368 893 1395 non
925 1353 1068 1394 animo
1102 1366 1149 1393 ac
1175 1354 1316 1393 mente
1343 1351 1516 1392 circum-

177 1416 340 1470 spiciet,
372 1415 420 1468 si,
451 1418 500 1456 ut
532 1413 715 1469 quidque
742 1428 791 1453 ex
822 1413 898 1453 illo
931 1412 1025 1453 1000
1053 1411 1229 1464 dicetur,
1261 1424 1311 1451 ex
1343 1409 1516 1451 oraculo

177 1475 320 1528 aliquo
355 1473 436 1516 dici
475 1472 773 1525 arbitrabitur,
814 1470 1007 1526 profecto
1047 1470 1152 1512 satis
1189 1468 1289 1522 erit,
1326 1468 1370 1509 id
1407 1467 1520 1522 quod

178 1533 263 1574 dixi
289 1537 427 1586 antea,
459 1547 544 1573 non
573 1531 746 1573 surdum
773 1530 954 1571 iudicem
982 1529 1082 1570 huic
1107 1527 1272 1569 muneri
1297 1530 1425 1581 atque
1458 1526 1520 1567 of-

177 1592 273 1633 ficio
300 1605 515 1646 11100008ος
546 1590 656 1631 nihil
683 1590 775 1641 erit,
808 1603 933 1643 quam
960 1589 1015 1630 ob
1040 1602 1131 1629 rem
1156 1586 1229 1627 ille
1255 1586 1397 1626 nescio
1424 1584 1518 1640 quis
1540 1595 1571 1621 >³⁵

113 1702 115 1704 q
180 1650 350 1705 sapiens
400 1650 529 1691 homo
580 1664 628 1691 ac
674 1649 907 1689 multarum
956 1661 1098 1688 rerum
1144 1645 1306 1700 peritus
1351 1644 1404 1684 ad
1450 1657 1517 1684 res

110 1696 428 1778 &giudicandas
473 1708 727 1763 requiratur.
790 1707 846 1758 [8.
881 1707 941 1757 16]
987 1705 1057 1747 An
1100 1718 1200 1745 vero
1246 1702 1312 1744 illi
1355 1701 1518 1756 equites

183 1768 381 1819 Romani,
421 1781 525 1820 quos
563 1781 639 1807 nos
672 1765 874 1818 vidimus,
911 1764 984 1818 qui
1021 1777 1156 1817 nuper
1192 1763 1237 1803 111
1267 1775 1311 1802 10
1348 1759 1519 1815 publica

182 1826 376 1880 iudiciisq
381 1840 430 1866 ue
452 1825 649 1866 maximis
664 1825 911 1876 floruerunt,
931 1822 1173 1864 habuerunt
1191 1822 1361 1860 tantum
1376 1818 1518 1872 animi,

181 1888 349 1926 tantum
376 1884 557 1937 roboris,
589 1887 635 1924 ut
661 1882 717 1924 M.
744 1882 902 1924 Scauro
930 1881 1033 1923 testi
1063 1894 1149 1921 non
1174 1879 1411 1930 crederent3
1443 1891 1518 1918 vos
1538 1887 1573 1913 30

181 1943 415 1985 Volcarum
453 1945 580 1995 atque
613 1941 898 1996 Allobrogum
936 1937 1194 1980 testimoniis
1232 1951 1319 1977 non
1350 1936 1520 1977 credere

183 2001 372 2043 timetis?
425 1999 468 2041 Si
494 2000 665 2042 inimico
692 2000 796 2041 testi
821 1998 933 2040 credi
964 2012 1049 2039 non
1075 1995 1277 2050 oportuit,
1309 1994 1521 2036 inimicior
1566 2010 1572 2017 ⁶

184 2060 388 2102 Marcello
431 2058 610 2100 Crassus
651 2061 725 2099 aut
760 2057 975 2098 Fimbriae
1014 2054 1195 2096 Scaurus
1234 2068 1283 2094 ex
1323 2053 1520 2094 civilibus

185 2119 337 2160 studiis
364 2120 492 2172 atque
514 2116 825 2157 obtrectatione
850 2113 1082 2156 domestica
1103 2127 1231 2166 quam
1256 2111 1354 2153 111110
1375 2111 1519 2153 Galli?

185 2192 365 2232 quorum
393 2176 465 2231 qui
491 2178 668 2230 optuma
687 2176 731 2215 in
753 2188 880 2216 causa
906 2175 1016 2225 sunt,
1043 2173 1219 2225 equites,
1244 2171 1521 2222 frumentum,
1539 2179 1573 2205 8⁵

185 2236 406 2290 pecuniam
447 2234 578 2275 semel
617 2236 744 2286 atque
785 2232 940 2273 iterum
979 2244 1026 2272 ac
1065 2229 1233 2284 saepius
1271 2227 1522 2270 invitissimi

186 2294 285 2336 dare
311 2294 448 2336 coacti
474 2296 585 2347 sunt,
611 2291 741 2333 ceteri
766 2290 924 2344 partim
946 2303 995 2330 ex
1020 2288 1235 2330 veteribus
1261 2287 1388 2329 bellis
1417 2300 1521 2342 agro
