1619 2542
148 106 233 148 208
452 106 514 141 DE
540 104 663 140 LEGE
690 104 906 140 AGRARIA
933 104 1109 140 ORATIO
1135 104 1180 141 II.

149 203 326 244 moleste
365 204 456 243 tam
490 201 647 242 stultos
681 215 788 254 esse,
828 200 899 254 qui
924 200 1028 242 haec
1061 203 1251 254 sperent,
1287 203 1378 242 tam
1408 200 1485 242 im-

148 261 377 316 pudentes,
417 261 488 314 qui
526 262 748 312 conentur3
786 259 892 299 illud
925 273 1094 313 queror,
1131 261 1221 300 tam
1253 273 1320 300 me
1353 259 1405 300 ab
1431 260 1484 301 iis

149 334 241 361 esse
273 322 577 373 contemptum,
609 320 657 359 ut
689 318 793 359 haec
825 320 1025 372 portenta
1056 331 1122 358 me
1154 318 1327 359 consule
1352 318 1484 372 potis-

149 379 303 420 simum
336 377 587 433 cogitarent.

236 436 378 490 Atque
410 437 453 476 in
485 435 682 476 omnibus
707 434 775 476 his
803 435 919 490 agris
945 434 1229 488 aedificiisque
1255 435 1485 476 vendendis

148 495 415 549 permittitur
447 494 714 546 decemviris,
753 495 800 533 ut
832 493 1034 547 vendant,
1074 494 1409 548 quibuscumque
1440 494 1485 534 in

148 554 255 595 locis
286 554 491 594 videatur.
553 552 587 593 O
620 552 916 605 perturbatam
949 553 1172 605 rationem,
1205 567 1228 593 o
1262 552 1484 594 libidinem

78 613 129 654 21
150 612 424 664 ecfrenatam,
457 626 480 652 0
514 611 693 652 consilia
725 610 933 652 dissoluta
966 614 1092 665 atque
1123 610 1305 665 perdita!
1344 610 1485 652 Vecti-

78 917 121 948 56

81 1500 123 1531 57

149 671 264 725 galia
302 671 443 712 locare
480 684 692 724 nusquam
729 669 828 710 licet
861 669 945 711 nisi
974 669 1019 710 in
1050 669 1130 711 hac
1161 669 1266 711 urbe
1297 669 1378 710 hoc
1410 672 1485 710 aut

147 730 224 771 illo
263 744 312 770 ex
349 729 443 770 loco
482 729 560 770 hac
592 731 783 769 vestrum
822 727 1083 781 frequentia3
1131 727 1274 769 venire
1314 730 1484 769 nostras

148 803 215 829 res
257 788 450 843 proprias
490 789 531 828 et
569 788 614 827 in
651 788 906 841 perpetuum
945 801 969 827 a
1005 785 1129 827 nobis
1169 786 1404 827 abalienari
1439 786 1484 827 in

149 846 473 901 Paphlagoniae
498 845 686 886 tenebris
714 848 841 899 atque
867 845 912 885 in
932 843 1227 899 Cappadociae
1254 844 1483 886 solitudine

149 905 324 947 licebit?
397 904 442 945 L.
485 903 608 945 Sulla
648 918 742 944 cum
788 904 901 945 bona
943 903 1288 944 indemnatorum
1329 903 1483 945 civium

147 964 319 1005 funesta
343 964 420 1004 illa
447 962 640 1004 auctione
667 977 743 1003 sua
769 962 970 1003 venderet
996 964 1039 1003 et
1063 976 1107 1003 se
1132 962 1336 1017 praedam
1363 976 1483 1003 suam

149 1023 308 1064 diceret
333 1021 523 1074 vendere,
553 1024 698 1062 tamen
730 1035 779 1061 ex
810 1020 891 1061 hoc
921 1021 1015 1062 loco
1047 1020 1237 1062 vendidit
1266 1035 1354 1073 1100,
1385 1034 1484 1074 quo·

148 1096 243 1122 rum
287 1080 432 1122 oculos
477 1079 734 1132 offendebat,
785 1093 931 1120 eorum
975 1079 1166 1133 ipsorum
1211 1082 1484 1134 conspectum

148 1139 297 1194 fugere
324 1153 449 1180 ausus
477 1141 556 1191 est,
585 1137 811 1179 decemviri
836 1141 980 1178 vestra
999 1138 1228 1192 vectigalia
1251 1152 1337 1179 non
1356 1138 1483 1179 modo

148 1212 235 1239 non
265 1197 406 1250 vobis,
438 1195 637 1249 Quirites,
671 1196 858 1250 arbitris,
889 1195 962 1236 sed
992 1209 1045 1236 ne
1076 1209 1281 1249 praecone
1313 1196 1482 1250 quidem

149 1256 321 1310 publico
352 1258 461 1296 teste
492 1255 704 1296 vendent?

238 1313 439 1368 Sequitur
477 1313 632 1355 ‘OMNIS
671 1324 820 1354 Aenos
858 1324 1012 1353 EXTRA
1056 1311 1270 1353 ITALIAM'
1313 1312 1482 1354 infinito

151 1388 201 1414 ex
232 1376 438 1427 tempore,
468 1387 567 1426 non,
598 1374 646 1413 ut
679 1374 816 1424 antea,
848 1371 901 1412 ab
935 1369 1055 1412 Sulla,
1086 1374 1128 1411 et
1153 1371 1356 1424 Pompeio
1389 1385 1483 1412 con-

152 1432 327 1473 sulibus.
389 1430 588 1486 Cognitio
622 1430 918 1483 decemvirum,
949 1429 1142 1484 privatus
1175 1430 1231 1470 sit
1263 1444 1317 1470 an
1347 1430 1484 1484 publi-

152 1505 246 1544 cus;
285 1485 405 1544 eique
443 1504 547 1545 agro
585 1488 824 1544 pergrande
863 1488 1048 1544 vectigal
1084 1488 1330 1542 imponitur.
1390 1487 1484 1530 Hoc

151 1552 357 1603 quantum
388 1548 608 1601 iudicium,
641 1562 768 1602 quam
799 1547 1126 1601 intolerandum,
1158 1561 1286 1600 quam
1317 1547 1483 1602 regium

152 1608 221 1661 sit,
254 1622 378 1661 quem
410 1607 632 1661 praeterit,
670 1620 813 1660 posse,
846 1605 1180 1660 quibuscumque
1206 1605 1312 1647 locis
1338 1605 1482 1655 velint,

150 1666 270 1706 nulla
308 1665 634 1719 disceptatione,
671 1665 790 1716 nullo
829 1664 1007 1706 consilio
1046 1664 1214 1718 privata
1252 1663 1483 1718 publicare,

150 1724 322 1777 publica
353 1724 564 1764 liberare?
596 1723 821 1776 Excipitur
851 1723 932 1764 hoc
965 1722 1103 1777 capite
1136 1736 1236 1776 ager
1267 1723 1313 1762 in
1339 1720 1484 1763 Sicilia

153 1781 472 1835 Recentoricus3
517 1796 641 1835 quem
680 1795 759 1837 ego
798 1781 933 1835 excipi
972 1783 1014 1821 et
1050 1783 1224 1835 propter
1261 1779 1483 1821 hominum

152 1840 507 1881 necessitudinem
553 1843 595 1881 et
638 1843 813 1894 propter
854 1841 914 1881 rei
957 1840 1232 1893 aequitatem,
1285 1837 1484 1891 Quirites,

151 1899 243 1951 ipse
275 1898 548 1939 vehementer
579 1898 754 1953 gaudeo.
798 1897 878 1939 Sed
911 1911 1016 1952 quae
1047 1900 1105 1938 est
1133 1897 1237 1937 haec
1268 1896 1485 1951 impuden-

152 1956 232 1998 tia!
306 1955 386 2004 Qui
430 1970 580 2011 agrum
624 1956 948 1998 Recentoricum
990 1955 1227 2010 possident,
1271 1958 1484 1996 vetustate

152 2014 436 2070 possessionis
475 2029 537 2068 se,
573 2029 658 2056 non
695 2015 803 2070 iure,
843 2013 1134 2055 misericordia
1172 2015 1362 2066 senatus,
1398 2028 1484 2055 non

154 2073 249 2128 agri
269 2072 512 2114 condicione
533 2072 775 2114 defendunt.
818 2072 931 2114 Nam
951 2072 1073 2112 illum
1095 2085 1246 2126 agrum
1266 2072 1483 2125 publicum

157 2146 248 2173 esse
290 2131 499 2183 fatentur3
538 2145 581 2171 se
625 2132 786 2172 moveri
828 2129 1188 2186 possessionibus,
1232 2130 1358 2171 avitis
1397 2130 1483 2171 suis

155 2189 336 2243 sedibus,
369 2203 417 2231 ac
449 2188 511 2229 dis
543 2189 769 2242 penatibus
800 2191 961 2244 negant
993 2191 1200 2242 oportere.
1245 2187 1319 2241 Ac,
1352 2188 1388 2229 si
1420 2191 1484 2229 est

154 2248 346 2301 privatus
392 2261 494 2302 ager
537 2246 857 2301 Recentoricus,
907 2246 1005 2301 quid
1049 2260 1144 2287 eum
1188 2246 1375 2301 excipis?
1419 2247 1485 2287 sin

155 2309 297 2347 autem
328 2305 536 2361 publicus,
569 2319 674 2359 quae
700 2309 765 2346 est
790 2306 875 2347 ista
898 2304 1089 2359 aequitas
1117 2308 1291 2359 eeteros,
1318 2304 1485 2346 etiamsi

1502 446 1520 472 5

1505 739 1538 764 10

1504 1032 1537 1058 15

1504 1325 1537 1349 20

1503 1617 1536 1642 25

1504 1909 1538 1934 30

1503 2199 1537 2225 35
