1619 2542
540 74 641 110 CAP.
670 78 760 109 7-9
787 78 805 116 ἓ
834 78 980 109 17—22.
1370 74 1423 115 81

89 170 320 225 vectigalia
358 170 562 221 maxima,
594 170 792 212 fortunae
823 170 1108 225 plurimorum
1140 169 1296 212 civium
1328 184 1427 211 con-

88 229 257 270 iunctae
290 243 384 270 cum
417 243 461 270 re
493 228 667 284 publica
698 228 990 270 defendantur.

177 286 387 336 Quoniam
426 287 477 328 de
517 302 671 343 genere
703 288 808 329 belli
840 288 943 341 dixi,
980 302 1092 329 nunc
1130 287 1181 328 de
1213 287 1426 343 magnitu-

91 346 186 387 dine
218 361 354 400 pauca
384 346 533 387 dicam.
595 345 744 388 Potest
776 346 890 388 enim
920 346 1002 388 1100
1027 346 1121 401 dici,
1153 346 1257 387 belli
1290 360 1425 401 genus

54 417 70 442 5
92 419 183 446 0330
220 405 283 446 ita
318 405 624 456 necessarium,
662 409 711 446 ut
749 405 805 446 sit
838 405 1087 461 gerendum,
1123 419 1210 447 non
1241 419 1335 446 esse
1366 405 1430 446 ita

91 478 307 519 magnum,
338 466 386 504 ut
417 463 475 504 sit
506 463 903 517 pertimescendum.
953 463 1004 505 In
1036 478 1119 518 quo
1151 464 1335 505 maxime
1367 464 1428 505 la—

90 522 329 563 horandum
361 525 442 576 est,
473 536 526 563 ne
559 525 670 563 forte
703 537 752 564 ea
784 523 925 577 vobis,
957 537 1064 577 quae
1100 522 1429 578 diligentissime

90 580 350 634 providenda
382 584 493 635 sunt,
525 581 834 622 contemnenda
866 596 957 623 esse
989 581 1224 623 videantur.
1284 580 1428 635 Atque

92 642 139 680 ut
170 653 317 681 omnes
349 639 607 694 intellegant
639 654 706 681 me
732 640 777 681 L.
797 640 975 682 Lucullo
1008 643 1177 681 tantum
1208 640 1428 693 impert-ire

41 697 243 752 101audis,
269 701 475 752 quantum
500 698 604 739 forti
624 698 716 740 viro
743 702 786 740 et
813 698 995 752 sapienti
1020 699 1186 740 homini
1206 702 1249 740 et
1270 713 1428 753 magno

91 757 341 812 imperatori
381 757 604 810 debeatur,
643 757 735 798 dico
775 758 863 798 eius
897 757 1081 799 adventu
1113 759 1322 799 maximas
1352 756 1430 798 Mi-

91 815 270 857 thridati
297 815 441 869 copias
468 816 666 858 omnibus
692 816 819 857 rebus
846 819 1020 858 ornatas
1048 819 1175 870 atque
1195 817 1429 857 instructas

91 875 240 923 fuisse,
284 874 516 929 urbemque
547 875 678 916 Asiae
709 875 994 916 clarissimam
1025 875 1233 929 nobisque
1266 875 1430 917 amicis-

93 933 243 974 simam
277 931 581 986 Cyzicenorum
619 934 840 975 obsessam
873 948 965 975 esse
997 934 1050 976 ab
1082 933 1177 989 ipso
1211 947 1312 988 rege
1344 948 1429 974 ma-

40 1002 73 1028 15
92 991 207 1032 xima
227 991 498 1033 multitudine
518 995 561 1033 et
580 996 876 1047 oppugnatam
890 993 1281 1045 vehementissime3
1303 1007 1430 1046 quam

92 1049 137 1091 L.
170 1050 372 1092 Lucullus
403 1051 573 1104 virtute,
605 1051 873 1105 assiduitate,
904 1052 1083 1093 consilio
1116 1051 1293 1092 summis
1321 1051 1430 1092 obsi-

94 1109 231 1150 dionis
257 1109 456 1164 periculis
483 1110 699 1164 liberavit3
727 1110 779 1151 ab
801 1110 949 1151 eodem
968 1111 1228 1165 imperatore
1249 1111 1429 1151 classem
1456 1120 1497 1150 21

93 1182 295 1223 magnam
329 1171 372 1209 et
404 1172 610 1223 ornatam,
637 1183 745 1222 quae
777 1169 953 1211 ducibus
981 1168 1240 1210 Sertorianis
1267 1169 1320 1210 ad
1346 1168 1429 1209 Ita—

93 1225 197 1267 liam
235 1226 375 1268 studio
410 1229 555 1281 [atque
588 1227 702 1280 odio]
735 1227 1001 1269 inflammata
1031 1229 1272 1282 raperetur,
1310 1242 1430 1282 supe-

43 1296 77 1321 20
95 1288 234 1326 ratam
255 1299 346 1326 esse
368 1289 493 1340 atque
514 1286 776 1340 depressam3
797 1300 976 1342 magnas
996 1286 1186 1327 hostium
1208 1289 1430 1340 praeterea

96 1344 240 1398 copias
278 1344 424 1385 multis
457 1345 631 1398 proeliis
664 1359 756 1386 esse
789 1345 949 1386 deletas
981 1344 1327 1399 patefactumque
1358 1358 1430 1385 no-

98 1402 199 1442 stris
224 1402 466 1457 legionibus
486 1418 578 1444 esse
597 1403 795 1457 Pontum,
816 1404 886 1457 qui
908 1407 1034 1444 antea
1055 1403 1212 1456 populo
1233 1402 1429 1444 Romano

97 1474 147 1501 ex
174 1461 289 1501 omni
315 1461 433 1502 aditu
459 1463 628 1502 clausus
655 1461 828 1515 fuisset3
856 1461 1041 1514 Sinopen
1068 1465 1195 1515 atque
1220 1460 1431 1514 Amisum,

97 1518 250 1571 quibus
275 1519 320 1559 in
346 1520 513 1573 oppidis
540 1523 661 1561 erant
687 1520 903 1561 domicilia
927 1521 1053 1574 regis,
1080 1519 1276 1561 omnibus
1302 1520 1430 1560 rebus

0 1579 1 1582 ’
45 1588 78 1613 25
99 1579 270 1618 ornatas
304 1592 351 1618 ac
382 1578 560 1619 refertas
594 1582 839 1632 ceterasque
869 1579 996 1619 urbes
1032 1578 1158 1619 Ponti
1190 1581 1233 1618 et
1265 1576 1430 1632 Cappa-

99 1635 244 1677 dociae
281 1637 515 1690 permultas
554 1651 638 1678 uno
677 1637 793 1678 aditu
834 1636 1101 1691 adventuque
1139 1651 1231 1677 esse
1263 1641 1429 1691 captas3

98 1708 242 1749 regem
274 1695 505 1749 spoliatum
536 1709 669 1750 regno
696 1696 837 1750 patrio
871 1698 997 1749 atque
1024 1695 1139 1737 avito
1167 1695 1220 1736 ad
1252 1696 1358 1736 alios
1386 1710 1430 1736 se

97 1767 218 1808 reges
269 1759 395 1807 atque
445 1753 498 1794 ad
548 1754 654 1795 alias
705 1757 850 1808 gentes
902 1753 1136 1807 supplicem
1179 1754 1430 1807 contulisse3

100 1815 225 1866 atque
262 1812 366 1853 haec
405 1812 545 1853 omnia
587 1812 718 1854 salvis
750 1812 899 1866 populi
929 1812 1112 1853 Romani
1145 1812 1269 1854 sociis
1302 1815 1430 1866 atque

45 1878 78 1905 ³0
99 1870 279 1925 integris
321 1870 605 1926 vectigalibus
649 1885 741 1912 esse
785 1874 915 1925 gesta.
978 1870 1090 1912 Satis
1130 1872 1283 1926 opinor
1326 1871 1430 1912 haec

101 1942 192 1970 esse
217 1929 367 1983 laudis,
394 1933 522 1983 atque
548 1930 620 1981 ita,
648 1930 846 1982 Quirites,
872 1932 920 1970 ut
944 1929 1025 1971 1100
1050 1944 1126 1971 vos
1151 1929 1431 1984 intellegatis,

102 2001 127 2026 a
149 1987 269 2028 nullo
294 1988 489 2042 istorum,
516 1989 588 2041 qui
612 1988 710 2029 huic
737 1988 980 2029 obtrectant
1005 1989 1092 2044 legi
1118 1991 1246 2042 atque
1267 2002 1431 2041 causae,

102 2044 147 2086 L.
178 2044 405 2087 Lucullum
437 2047 637 2088 similiter
669 2061 718 2087 ex
749 2046 830 2088 hoc
861 2047 955 2088 loco
988 2061 1079 2088 0330
1110 2047 1342 2088 laudatum.

189 2104 444 2157 Requiretur
479 2105 664 2146 fortasse
700 2120 829 2158 nunc,
867 2119 991 2159 quem
1023 2105 1077 2146 ad
1107 2105 1298 2158 modum,
1335 2119 1430 2146 cum

51 2162 206 2203 35l1aec
243 2163 305 2202 ita
342 2162 446 2217 sint,
482 2164 692 2217 reliquum
732 2163 871 2218 possit
901 2178 1104 2219 magnum
1137 2178 1227 2205 esse
1258 2163 1431 2204 bellum.

103 2218 369 2273 Cognoscite,
402 2221 605 2276 Quirites3
629 2236 717 2263 non
748 2222 860 2263 enim
891 2222 973 2263 hoc
1004 2223 1093 2263 sine
1126 2236 1253 2264 causa
1285 2221 1430 2275 quaeri

102 2277 281 2320 videtur.
323 2278 514 2321 Primum
540 2295 589 2321 ex
611 2295 685 2322 suo
706 2294 838 2335 regno
860 2280 919 2322 sic
937 2280 1208 2323 Mithridates
1229 2279 1433 2335 profugit,

175 2352 246 2379 010.
265 2354 307 2380 11.
327 2355 352 2379 2.
1203 2352 1222 2383 6

1447 265 1473 306 8

1441 325 1486 356 20

1445 2140 1489 2171 22
