1619 2542
182 112 233 153 18
357 110 451 146 PRO
477 110 526 147 M.
552 110 764 146 FONTEIO
792 110 986 147 ORATIO.
1036 110 1349 149 FRAGMENTA.

176 207 354 260 infcmzes
382 207 561 260 fem-inae
592 207 800 249 convenire
830 207 887 248 ad
922 220 1012 248 cam
1042 207 1201 261 solitae,
1227 211 1323 260 post
1352 211 1520 250 mortem

177 267 282 309 bona
312 267 398 308 eius
428 266 652 308 venierant.
714 264 905 321 (Quintil.
946 265 1013 306 VI
1037 269 1075 307 3.
1107 263 1190 322 51.)

265 325 304 366 4.
335 324 449 366 Illud
474 338 574 365 vero
603 323 704 378 quid
730 324 824 365 est‘?
852 338 979 378 quam
1004 323 1137 366 habet
1156 325 1201 365 in
1228 339 1270 365 se
1296 325 1520 378 rationem,

179 398 307 439 quam
344 383 711 436 consuetudinem,
759 397 887 436 quam
926 382 1252 424 similitudinem
1294 384 1519 426 veritatis?

178 442 290 496 quod
321 441 446 496 ratio,
479 441 591 495 quod
618 441 890 495 consuetudo,
924 441 1036 496 quod
1067 442 1130 482 rei
1160 445 1317 483 natura
1342 443 1519 498 respuit,
1539 454 1556 480 5

177 502 220 542 id
253 501 562 543 credendumne
596 500 690 541 est?
748 498 861 555 (Qus.
892 500 947 553 1.)

267 560 304 602 5.
335 558 557 613 Numquid
583 559 780 612 cuiquam
809 559 1078 612 iniquissimo
1106 559 1383 614 disceptatori
1415 560 1521 602 haec

181 618 365 673 suspicio
398 617 675 671 relinquenda
708 617 805 659 est?
862 615 974 672 (Cas.
1006 616 1065 672 2.)

266 678 303 718 6.
336 675 445 725 Quid
470 678 615 731 potest
642 676 911 718 auctoritatis
935 675 1093 717 habere
1120 677 1244 717 testis
1271 677 1316 717 in
1342 677 1519 719 dicendo

178 751 254 777 suo
286 735 534 776 testimonio
567 734 679 775 falsa
710 735 822 775 veris
855 734 1068 776 miscens?
1127 733 1240 790 (0213.
1271 736 1328 787 3.)
1541 747 1574 773 10

267 795 303 835 7.
334 793 429 836 Hoc
453 793 548 848 ipso
575 797 827 848 argumento
855 795 996 834 cetera
1021 794 1271 835 testimonia
1295 794 1520 848 repudiare

179 853 357 894 debetis,
414 851 528 908 (Ovs.
559 850 616 907 4.)

267 913 304 953 8.
335 910 522 952 Latebra
553 910 773 953 mendacii.
831 909 940 965 (Cas.
973 909 1029 966 5.)

265 970 304 1012 9.
336 969 410 1012 On.
450 968 678 1023 Pompeius
729 969 885 1010 eximia
927 970 1087 1011 virtute
1134 972 1176 1010 et
1222 969 1430 1011 felicitate
1474 971 1515 1011 in

175 1028 390 1084 Hispania
421 1028 583 1069 bellum
617 1028 763 1083 gessit.
824 1027 934 1083 (Cus.
967 1028 1024 1084 6.)
1541 1040 1573 1067 ιε

270 1088 334 1129 10.
366 1086 586 1128 Industria
618 1089 661 1128 et
693 1086 845 1128 studio.
903 1086 1017 1142 (Cus.
1050 1086 1107 1142 7.)

268 1146 333 1188 11.
366 1143 441 1188 Cn.
472 1145 669 1200 Pompei,
709 1145 865 1186 summi
902 1146 1176 1200 imperatoris
1215 1149 1258 1187 et
1287 1145 1519 1188 fortissimi

128 1239 149 1266 L,
177 1204 269 1258 viri,
303 1206 474 1259 gestum
507 1206 572 1244 est
605 1204 819 1245 subsidiis.
875 1203 985 1258 (Cus.
1017 1203 1073 1259 8.)

129 1258 156 1318 ξ
269 1264 332 1304 12.
363 1262 585 1303 Frumenti
606 1263 816 1303 maximus
842 1277 1042 1304 numerus
1071 1277 1092 1303 e
1114 1262 1269 1317 Gallia,
1294 1263 1513 1318 peditatus

177 1321 468 1376 amplissimae
498 1321 644 1375 copiae
676 1335 698 1362 e
731 1320 891 1375 Gallia,
930 1322 1094 1375 equites
1126 1336 1303 1363 numero
1336 1321 1513 1376 plurimi
1536 1334 1571 1360 20

177 1396 198 1422 e
230 1379 381 1422 Gallia.
432 1379 608 1432 (Aquila
638 1379 754 1421 Rom.
785 1381 840 1421 35
866 1394 909 1432 p.
941 1383 1007 1421 33.
1039 1383 1109 1433 14,
1140 1379 1271 1421 Mart.
1302 1379 1401 1433 Cap.
1431 1382 1515 1423 534

131 1472 154 1502 ,ἱ
173 1454 213 1493 p.
247 1441 348 1481 482.
379 1441 409 1481 2
439 1437 602 1492 Halm.)

128 1496 154 1552 ζ
268 1498 333 1539 13.
383 1496 437 1540 Ut
477 1511 616 1538 verum
658 1497 764 1538 illud
803 1497 1003 1551 videatur,
1048 1497 1155 1550 quod
1195 1498 1258 1538 ait
1298 1497 1518 1549 defendens

175 1557 395 1598 Fonteium
434 1556 612 1608 Tullius,
657 1555 830 1597 Gallos
865 1559 978 1608 post
1012 1555 1127 1598 haec
1163 1556 1377 1598 dilutius
1418 1569 1519 1598 esse

167 1619 388 1668 poturos,
425 1616 532 1667 quod
559 1615 624 1655 illa·
655 1628 850 1656 venenum
881 1627 960 1656 esse
991 1614 1310 1656 arbitrabantur.
1358 1612 1515 1670 (Amm.
1536 1626 1570 1652 25

181 1675 315 1716 Illarc.
347 1673 435 1715 XV
459 1675 525 1715 12.
556 1672 614 1727 4.)

266 1733 331 1774 14.
369 1730 479 1780 Quid
520 1734 730 1786 pugnant,
773 1731 872 1785 quid
916 1733 1106 1785 struunt,
1148 1731 1249 1786 quid
1290 1731 1516 1772 nituntur?

177 1789 288 1846 (Cas.
320 1788 376 1844 9.)

1605 1444 1608 1471 ί

125 1895 144 1959 {k
266 1906 329 1949 15.
427 1907 667 1960 oportuisse
694 1921 748 1948 an
773 1907 836 1948 ita
856 1907 1064 1959 dissolvit,
1089 1909 1137 1948 ut
1158 1920 1305 1947 omnes
1332 1907 1407 1948 alii
1433 1907 1514 1948 dis-

135 1958 147 1976 *
175 1966 423 2008 solverunt?
479 1965 592 2007 Nam
623 1966 686 2007 ita
717 1979 796 2020 ego
829 1966 1007 2008 defendo
1040 1965 1095 2008 M.
1126 1964 1373 2020 Fonteium,
1410 1966 1514 2007 iudi·
1535 1977 1569 2003 30

175 2039 256 2079 ces,
279 2024 425 2078 itaque
445 2023 667 2077 contendo,
691 2027 790 2079 post
810 2025 947 2079 legem
967 2022 1187 2065 Valeriam
1208 2024 1342 2065 latam
1364 2056 1517 2066 .........
1590 2053 1597 2079 ³

175 2086 217 2125 te
239 2116 273 2125 ..
296 2084 522 2137 quaestore
548 2097 682 2136 usque
716 2082 769 2123 ad
801 2081 847 2123 T.
875 2081 1118 2136 Crispinum
1145 2085 1414 2137 quaestorem
1443 2083 1517 2124 ali·
1598 2113 1599 2116 ,

175 2145 241 2184 ter
266 2142 478 2183 neminem
506 2141 705 2195 solvisse3
730 2141 843 2183 hunc
869 2140 1058 2182 omnium
1084 2140 1364 2195 superiorum,
1391 2141 1516 2183 huius

177 2203 320 2242 autem
359 2213 524 2252 omneS,
567 2199 639 2253 qui
676 2203 827 2253 postea
862 2198 1039 2251 fuerint,
1080 2200 1381 2241 auctoritatem
1423 2199 1515 2241 dico

135 2271 151 2300 2
179 2262 358 2301 secutos.
418 2257 527 2306 Quid
554 2271 739 2311 accusas,
771 2257 872 2312 quid
897 2256 1145 2311 reprendis?
1195 2257 1309 2299 Nam
1335 2257 1447 2312 quod
1472 2258 1515 2299 in
1534 2268 1568 2294 35

176 2318 338 2359 tabulis
364 2315 649 2358 dodrantariis
683 2318 726 2357 et
752 2315 1079 2370 quadrantal-iis,
1112 2331 1216 2370 quas
1244 2316 1304 2358 ait
1337 2316 1390 2358 ab
1416 2316 1515 2357 Hir-
