1619 2542
153 79 238 120 320
525 77 620 113 PRO
646 78 686 113 L.
714 76 923 112 MURENA
950 76 1142 113 ORATIO.

81 187 125 219 47
151 174 353 230 petitioni
384 188 484 215 vero
517 173 736 228 refragata
769 176 845 215 est.
889 172 1033 214 Poena
1059 173 1232 228 gravior
1256 173 1301 215 in
1326 174 1496 228 plebem

152 237 228 275 tua
271 247 372 274 voce
418 232 657 288 efflagitata
701 234 784 283 est3
828 232 1033 273 commoti
1071 232 1204 273 animi
1242 233 1496 275 tenuiorum.

152 292 342 334 Exilium
373 291 418 333 in
448 296 644 333 nostrum
672 290 882 344 ordinem3
916 290 1126 332 concessit
1152 294 1326 332 senatus
1352 295 1496 346 postu-

153 352 306 392 lationi
338 353 448 403 tuae,
483 349 555 391 secl
586 364 672 391 non
704 349 889 391 libenter
922 349 1137 391 duriorem
1161 349 1361 392 fortunae
1387 365 1497 393 com-

154 409 272 451 muni
304 408 597 451 condicionem
628 412 671 449 te
704 410 877 450 auctore
910 408 1146 450 constituit.
1202 408 1345 450 Morbi
1377 424 1497 451 excu-
1516 424 1533 450 5

155 468 310 510 sationi
348 482 486 522 poena
527 467 672 508 addita
705 470 787 520 est,
823 467 1025 508 voluntas
1058 467 1220 509 offensa
1251 468 1498 522 multorum,

156 528 310 582 quibus
343 529 418 568 aut
450 529 603 568 contra
628 525 886 567 valetudinis
914 526 1185 568 commodum
1210 527 1498 569 laborandum

156 589 221 628 est
260 587 334 627 aut
371 584 640 627 incommodo
680 585 820 626 morbi
858 585 988 626 etiam
1026 585 1156 626 ceteri
1187 585 1302 627 vitae
1333 585 1497 628 fructus

154 644 436 698 relinquendi.
505 642 615 692 Quid
661 644 792 698 ergo?
835 643 940 685 haec
984 644 1078 698 quis
1122 644 1252 686 tulit?
1320 643 1381 698 Is,
1426 645 1499 700 qui

156 703 407 745 auctoritati
440 705 632 753 senatus,
670 702 888 744 voluntati
919 705 1018 744 tuae
1049 703 1212 757 paruit,
1251 702 1430 758 denique
1461 703 1498 745 is
1519 717 1552 743 ιο

155 762 274 816 tulit,
311 762 378 803 cui
416 761 590 803 minime
621 761 864 816 proderant.
926 760 1025 815 Illa,
1064 776 1171 816 quae
1204 777 1299 804 mea
1331 776 1499 804 summa

156 821 380 862 voluntate
414 822 589 861 senatus
622 821 821 874 frequens
847 820 1102 874 repudiavit,
1134 821 1404 863 mediocriter
1431 821 1499 863 ad-

156 882 326 921 versata
350 879 431 920 tibi
458 892 549 920 esse
576 879 826 921 existimas?
865 877 1169 920 Confusionem
1196 880 1499 935 suffragiorum

156 938 384 993 flagitasti,
420 937 768 993 perrogationem
800 937 906 992 legis
939 937 1158 991 Maniliae,
1199 939 1499 993 aequationem

158 997 339 1053 gratiae,
384 996 627 1050 dignitatis,
672 996 986 1051 suffragiorum.
1062 995 1261 1038 Graviter
1304 997 1498 1040 homines
1519 1010 1553 1037 15

157 1055 328 1097 honesti
366 1058 495 1109 atque
526 1055 572 1096 in
604 1056 692 1096 suis
724 1055 1019 1097 vicinitatibus
1053 1058 1095 1096 et
1127 1056 1370 1110 municipiis
1405 1071 1499 1112 gra-

157 1115 260 1156 tiosi
291 1114 485 1155 tulerunt
518 1129 543 1155 a
574 1114 654 1155 tali
685 1114 777 1155 viro
810 1128 902 1155 esse
928 1116 1181 1169 pugnatum,
1208 1117 1255 1156 ut
1283 1129 1430 1156 omnes
1458 1118 1501 1156 et

159 1173 384 1228 dignitatis
423 1175 465 1213 et
505 1172 671 1227 gratiae
710 1172 868 1227 gradus
901 1173 1167 1214 tollerentur.
1228 1173 1348 1215 Idem
1380 1173 1499 1215 editi-

158 1232 246 1273 cios
273 1231 432 1273 iudices
461 1245 552 1272 esse
579 1230 767 1285 voluisti,
799 1235 847 1272 ut
873 1231 971 1272 odia
997 1232 1165 1273 occulta
1191 1232 1359 1286 civium,
1392 1247 1499 1286 quae

159 1290 302 1332 tacitis
334 1304 447 1331 nunc
479 1289 701 1331 discordiis
735 1290 1020 1344 continentur,
1051 1290 1095 1331 in
1126 1290 1322 1332 fortunas
1349 1291 1500 1345 optimi
1520 1304 1553 1329 «ιο

87 1361 132 1393 48
159 1349 363 1403 cuiusque
420 1350 702 1403 erumperent.
782 1347 900 1390 Haec
952 1349 1095 1390 omnia
1143 1349 1226 1390 tibi
1276 1349 1500 1391 accusandi

158 1408 272 1449 viam
305 1407 573 1461 muniebant,
605 1407 866 1462 adipiscendi
898 1407 1218 1463 obsaepiebant.

89 1467 163 1511 (48)
256 1466 400 1521 Atque
433 1480 484 1507 ex
516 1466 713 1508 omnibus
745 1466 822 1508 illa
853 1467 984 1522 plaga
1015 1469 1081 1508 est
1111 1466 1268 1510 injecta
1299 1467 1501 1522 petitioni

159 1529 260 1567 tuae
291 1539 377 1566 non
409 1527 579 1567 tacente
611 1539 677 1566 me
710 1525 914 1579 maxima,
952 1525 1002 1566 de
1036 1540 1119 1579 qua
1151 1526 1204 1567 ab
1237 1525 1409 1567 homine
1441 1526 1502 1567 in-

160 1583 459 1639 geniosissimo
493 1586 536 1625 et
561 1584 869 1638 copiosissimo,
904 1583 950 1636 Q.
970 1583 1216 1638 Hortensio,
1243 1585 1380 1626 multa
1405 1598 1499 1640 gra·
1519 1597 1552 1624 25

160 1643 335 1684 vissime
368 1643 481 1684 dicta
514 1646 625 1684 sunt.
687 1642 778 1691 Quo
811 1644 941 1684 etiam
973 1643 1080 1684 mihi
1111 1643 1255 1685 durior
1286 1643 1404 1685 locus
1438 1646 1503 1685 est

162 1701 327 1742 dicendi
360 1701 495 1754 datus,
528 1705 587 1755 ut,
619 1716 715 1743 cum
747 1704 845 1743 ante
872 1716 939 1743 me
972 1704 1015 1743 et
1044 1701 1116 1743 ille
1150 1702 1328 1743 dixisset
1360 1704 1403 1743 et
1435 1701 1501 1743 vir

163 1774 330 1800 summa
363 1759 574 1814 dignitate
607 1763 650 1801 et
682 1761 907 1815 diligentia
933 1762 976 1802 et
1000 1759 1208 1802 facultate
1235 1760 1411 1814 dicendi,
1443 1759 1500 1801 M.

163 1817 355 1871 Crassus,
388 1832 467 1873 ego
499 1818 543 1858 in
576 1822 765 1861 extremo
797 1834 884 1861 non
914 1821 1081 1873 partem
1113 1819 1301 1873 aliquam
1328 1833 1499 1874 agerem

164 1890 334 1930 causae,
373 1876 446 1917 sed
479 1876 529 1917 de
560 1879 654 1918 tota
684 1893 728 1919 re
762 1879 961 1932 dicerem,
993 1877 1105 1932 quod
1136 1877 1242 1918 mihi
1273 1877 1498 1919 videretur.
1519 1890 1552 1916 30

162 1934 315 1989 Itaque
346 1934 391 1975 in
422 1934 556 1976 isdem
588 1936 714 1977 rebus
746 1936 834 1978 fere
867 1950 1012 1978 versor
1043 1938 1104 1989 et,
1141 1935 1281 1990 quoad
1311 1951 1500 1991 possum,

93 1994 150 2037 24
163 1993 339 2047 iudices,
378 2007 552 2034 occurro
584 1997 752 2036 vestrae
785 1994 988 2037 satietati.
1050 1992 1132 2035 Sed
1163 1997 1325 2048 tamen,
1368 1993 1500 2049 Servi,

166 2066 294 2107 quam
331 2054 375 2093 te
417 2051 598 2093 securim
635 2056 761 2107 putas
792 2053 986 2095 iniecisse
1019 2053 1219 2107 petitioni
1250 2056 1366 2107 tuae,
1404 2068 1500 2095 cum

164 2111 370 2166 populum
402 2110 642 2152 Romanum
673 2111 718 2152 in
749 2127 844 2153 eum
876 2114 1039 2153 metum
1071 2110 1296 2166 adduxisti,
1330 2115 1378 2154 ut
1408 2126 1500 2166 per-

165 2170 428 2223 timesceret,
466 2183 518 2210 ne
551 2170 699 2211 consul
731 2169 917 2212 Catilina
946 2170 1086 2225 fieret,
1124 2170 1223 2211 dum
1255 2174 1302 2212 tu
1334 2185 1500 2213 accusa—
1519 2181 1553 2208 35

166 2228 328 2270 tionem
366 2242 635 2282 comparares
674 2228 868 2282 deposita
905 2231 1032 2284 atque
1064 2229 1231 2271 abiecta
1262 2229 1499 2284 petitione?

95 2297 138 2328 49
165 2286 339 2328 Etenim
371 2289 412 2327 te
444 2286 657 2341 inquirere
689 2287 904 2341 videbant,
934 2287 1102 2329 tristem
1127 2288 1281 2343 ipsum,
1313 2291 1499 2330 maestos
