1687 2533
563 94 662 130 CAP.
691 100 829 131 20—22
856 99 875 138 ξ
904 100 1053 132 57—63.
1383 97 1465 139 361

124 191 330 246 oppidum
379 191 425 232 in
477 207 553 233 sua
602 194 818 247 potestate
866 195 1013 247 posset
1061 207 1138 247 per
1180 191 1466 247 Pompeianos

122 249 308 291 habere.'
353 249 545 291 Primum
579 252 715 291 01111113
743 250 1105 305 Pompeianorum
1133 251 1467 306 colonorumque

124 308 332 350 dissensio
359 309 501 350 delata
528 309 580 351 ad
606 313 810 363 patronos
838 312 915 364 est,
948 324 1044 351 cum
1072 311 1158 351 iam
1184 310 1468 352 inveterasset

123 383 171 409 ac
212 368 370 408 multos
405 382 539 409 annos
573 371 686 409 esset
719 368 907 423 agitata,
946 368 1095 410 deinde
1126 369 1188 410 ita
1221 384 1246 410 a
1271 371 1467 423 patronis

87 439 102 463 5
124 441 191 467 res
225 426 400 481 cognita
433 429 510 479 est,
542 429 590 468 ut
621 427 741 468 nulla
771 427 816 468 in
847 442 892 468 re
924 442 950 468 a
976 430 1215 469 ceterorum
1243 429 1466 470 sententiis

123 483 244 526 Sulla
276 485 543 538 dissenserit,
575 488 796 540 postremo
831 485 972 527 coloni
998 486 1081 541 ipsi
1108 486 1168 527 sic
1194 487 1467 542 intellegunt,

122 558 207 585 non
245 542 530 598 Pompeianos
573 559 597 585 a
630 543 749 586 Sulla
790 545 928 599 magis
970 559 1097 599 quam
1135 559 1226 586 sese
1268 560 1359 587 esse
1399 546 1465 587 de-

120 602 277 644 fensos.
338 602 482 657 Atque
520 603 618 657 hoc,
659 603 837 656 iudices,
875 618 925 644 ex
966 603 1046 645 hac
1077 603 1320 658 frequentia
1351 605 1466 646 colo-

120 675 285 714 norum,
311 660 712 703 honestissimorum
736 662 973 715 hominum,
998 662 1250 717 intellegere
1270 664 1466 717 potestis,

68 732 101 756 10
122 720 193 773 qui
242 720 415 772 adsunt,
464 720 681 774 laborant,
727 720 842 762 hunc
889 724 1139 776 patronum,
1188 721 1466 776 defensorem,

121 779 340 820 custodem
372 778 489 820 illius
521 779 713 820 coloniae
747 780 780 820 si
814 779 858 820 in
885 780 1002 821 omni
1027 780 1202 821 fortuna
1229 782 1357 835 atque
1385 781 1464 832 [in]

121 838 237 878 omni
269 837 429 878 honore
458 838 715 879 incolumem
742 838 901 879 habere
926 853 1013 879 non
1038 841 1285 893 potuerunt,
1315 839 1359 879 in
1384 839 1465 880 hoc

120 899 265 937 tamen
302 910 420 949 casu,
459 896 539 948 [in]
581 911 664 951 quo
704 897 890 938 afflictus
929 898 1057 950 iacet,
1096 912 1172 951 per
1211 912 1285 939 vos
1326 898 1462 939 iuvari

120 955 446 1009 conservarique
479 955 666 1010 cupiunt.
712 955 886 997 Adsunt
912 956 1006 1010 pari
1033 956 1175 997 studio
1201 955 1465 1009 Pompeiani,

68 1026 100 1050 15
121 1013 193 1067 qui
237 1013 290 1054 ab
333 1013 430 1054 istis
476 1014 607 1055 etiam
652 1014 696 1055 111
735 1014 896 1055 crimen
934 1017 1158 1067 vocantur,
1205 1015 1277 1068 qui
1313 1015 1376 1055 ita
1414 1015 1464 1056 de

125 1071 419 1113 ambulatione
452 1087 500 1114 ac
532 1073 582 1113 de
616 1073 832 1127 suffragiis
867 1074 955 1114 suis
988 1088 1084 1114 cum
1110 1073 1274 1115 colonis
1301 1073 1463 1114 dissen—

120 1132 277 1184 serunt,
310 1133 357 1171 ut
389 1130 502 1172 idem
535 1131 585 1172 de
618 1132 834 1172 communi
867 1132 1005 1172 salute
1039 1132 1259 1173 sentirent.
1321 1133 1384 1173 Ac
1411 1147 1462 1173 ne
1514 1149 1522 1157 -

118 1188 222 1230 haec
262 1189 431 1244 quidem
463 1189 508 1230 P.
540 1188 684 1231 Sullae
721 1190 827 1231 milii
866 1190 1036 1231 videtur
1068 1190 1241 1231 silentio
1274 1195 1463 1244 praeter-

120 1247 256 1288 eunda
304 1262 394 1289 esse
444 1248 596 1302 virtus,
641 1249 771 1302 quod,
817 1263 912 1289 cum
957 1250 1010 1290 ab
1057 1249 1136 1290 hoc
1181 1249 1258 1289 illa
1295 1249 1463 1290 colonia

66 1319 99 1343 ρο
118 1306 299 1348 deducta
336 1307 410 1359 sit,
449 1309 492 1347 et
531 1322 627 1348 cum
665 1307 889 1348 commoda
927 1307 1175 1348 colonorum
1215 1322 1240 1347 a
1276 1307 1462 1348 fortunis

118 1364 478 1419 Pompeianorum
529 1366 589 1406 rei
643 1365 841 1419 publicae
884 1365 1060 1406 fortuna
1105 1365 1352 1419 diiunxerit,
1401 1366 1463 1406 ita

119 1437 242 1464 carus
286 1423 480 1476 utrisque
526 1426 591 1464 est
637 1426 765 1477 atque
809 1423 1036 1477 iucundus,
1080 1426 1128 1463 ut
1171 1437 1258 1463 non
1302 1423 1461 1464 alteros

120 1476 374 1534 demovisse,
407 1481 479 1521 sed
511 1484 715 1535 utrosque
748 1481 1022 1522 constituisse
1058 1481 1261 1522 videatur.

1493 616 1535 648 61

207 1539 268 1580 At
293 1540 406 1580 enim
431 1541 474 1579 et
500 1539 760 1593 gladiatores
789 1543 830 1580 et
857 1540 995 1581 omnis
1021 1539 1105 1581 ista
1130 1539 1194 1580 vis
1220 1540 1460 1593 rogationis
1476 1542 1532 1582 22

66 1610 99 1634 25
120 1596 329 1639 Caeciliae
368 1612 495 1638 causa
527 1599 869 1652 comparabatur.
930 1599 1074 1651 Atque
1105 1597 1187 1639 hoc
1218 1598 1313 1639 loco
1345 1598 1391 1639 in
1415 1598 1460 1639 L.

119 1654 373 1710 Caecilium,
404 1656 763 1710 pudentissimum
794 1660 922 1710 atque
955 1656 1276 1697 ornatissimum
1309 1657 1461 1710 virum,

118 1715 392 1756 vehementer
437 1715 630 1756 invectus
675 1717 750 1755 est.
820 1713 951 1756 Cuius
992 1728 1071 1768 ego
1119 1715 1168 1755 de
1213 1715 1373 1756 virtute
1419 1719 1461 1756 et

119 1773 380 1827 constantia,
418 1773 594 1826 iudices,
634 1774 802 1813 tantum
842 1773 952 1827 dico,
992 1773 1125 1814 talem
1156 1773 1271 1814 1111110
1301 1773 1346 1814 in
1376 1774 1462 1815 ista

118 1832 355 1885 rogatione,
388 1846 517 1886 quam
547 1831 845 1886 promulgarat
874 1846 960 1872 non
993 1831 1043 1872 de
1068 1832 1271 1885 tollenda,
1305 1833 1378 1873 sed
1410 1833 1460 1873 de

66 1902 100 1927 30
119 1889 300 1931 levanda
348 1890 593 1931 calamitate
634 1889 782 1930 fratris
827 1889 910 1944 sui,
949 1890 1102 1940 fuisse,
1146 1893 1194 1931 ut
1239 1891 1459 1932 consulere

118 1948 304 1990 voluerit
334 1948 471 2002 fratri,
504 1963 599 1989 cum
630 1962 675 1988 re
707 1947 880 2001 publica
910 1962 1102 2004 pugnare
1126 1948 1331 2002 noluerit3
1362 1963 1458 2003 pro-

120 2007 325 2061 mulgarit
368 2007 563 2061 inpulsus
610 2020 754 2047 amore
798 2006 1010 2060 fraterno,
1053 2007 1268 2048 destiterit
1309 2006 1458 2048 fratris

121 2065 377 2106 auctoritate
416 2065 630 2107 deductus
693 2064 836 2118 Atque
872 2065 917 2105 in
958 2080 1008 2107 ea
1045 2080 1091 2107 re
1128 2080 1205 2119 per
1236 2064 1282 2105 L.
1316 2064 1457 2106 Caeci-

120 2123 226 2163 lium
253 2122 372 2164 Sulla
398 2126 632 2176 accusatur,
658 2122 703 2163 in
730 2137 813 2177 qua
838 2137 883 2164 re
911 2126 976 2165 est
1001 2126 1179 2178 uterque
1206 2123 1457 2177 laudandus,

67 2193 101 2218 35
120 2181 307 2235 primum
340 2180 565 2235 Caecilius,
604 2181 677 2236 qui
706 2183 744 2222 si
774 2181 817 2222 id
848 2182 1160 2237 promulgavit,
1198 2182 1243 2222 in
1275 2195 1357 2235 quo
1389 2195 1456 2222 res

119 2239 326 2280 iudicatas
358 2239 553 2281 videatur
583 2239 768 2281 voluisse
799 2239 1048 2294 rescindere,
1080 2243 1128 2281 ut
1159 2239 1458 2280 restitueretur

121 2295 259 2349 Sulla,
305 2300 418 2339 recte
467 2297 761 2352 reprehendis3
809 2300 949 2340 status
1000 2299 1113 2340 enim
1156 2298 1218 2339 rei
1260 2297 1457 2352 publicae

1485 2076 1527 2107 63
