1619 2542
527 61 627 97 CAP.
656 65 791 96 11—13
819 65 838 103 ἓ
860 65 1010 97 32-37,
1361 62 1418 104 49

78 159 269 214 disputo,
300 158 487 200 nondum
520 157 570 199 de
601 157 692 199 iure
724 157 1008 212 possessionis
1040 160 1215 199 nostrae
1248 158 1418 213 loquor3

77 220 248 259 tantum
281 216 331 258 de
362 219 438 258 tua
470 216 727 268 defensione,
759 216 803 258 C.
834 216 945 270 Piso,
978 231 1147 270 quaero.
1208 215 1418 265 Quoniam
1446 228 1489 259 35

77 277 139 318 ita
160 276 263 318 dicis
286 278 328 317 et
348 276 411 317 ita
431 275 669 329 constituis,
690 275 726 316 si
747 274 939 328 Caecina,
961 290 1055 317 cum
1075 275 1121 316 in
1141 275 1271 317 fundo
1294 278 1418 328 esset,

78 335 175 376 inde
220 334 405 376 deiectus
452 337 584 387 esset,
629 337 721 375 tum
763 348 839 388 per
881 334 962 376 hoc
1003 334 1279 376 interdictum
1323 349 1418 376 eum

42 393 248 435 5restitui
292 392 551 448 oportuisse3
594 407 706 434 nunc
743 407 844 434 vero
883 393 1091 434 deiectum
1129 393 1249 435 nullo
1291 394 1417 435 modo

79 466 170 494 esse
193 451 301 504 inde,
330 451 404 492 ubi
425 465 510 493 non
532 451 678 505 fuerit3
714 451 795 492 hoc
817 451 1044 493 interdicto
1067 451 1177 493 nihil
1199 466 1277 494 nos
1306 467 1420 494 asse·

79 515 198 552 cutos
231 524 340 552 esse:
379 524 556 564 quaero,
590 510 626 551 si
656 512 699 551 te
732 509 857 551 hodie
891 510 1063 552 domum
1094 514 1214 552 tuam
1246 511 1420 552 redeun-

76 572 163 611 tem
191 568 327 610 coacti
345 568 538 610 homines
559 572 602 610 et
623 568 779 609 armati
798 583 884 610 non
905 569 1030 611 modo
1051 569 1199 611 limine
1219 572 1419 624 tectoque

79 629 245 669 aedium
282 630 472 681 tuarum,
511 627 581 668 sed
620 627 758 681 primo
799 627 917 669 aditu
949 628 1245 684 vestibuloque
1277 629 1420 682 prohi-

25 697 59 722 10
77 686 264 740 buerint,
315 686 416 741 quid
460 688 631 728 acturus
677 685 746 727 sis.
807 686 955 727 Monet
1000 687 1159 728 amicus
1203 702 1320 729 meus
1365 690 1421 742 te,

76 745 122 786 L.
157 743 429 800 Calpurnius,
468 747 516 786 ut
553 745 665 786 idem
704 744 837 798 dicas,
877 745 990 799 quod
1020 746 1111 799 ipse
1144 749 1271 788 antea-
1302 746 1420 799 dixit,

77 803 339 845 iniuriarum.
402 802 509 852 Quid
556 803 609 845 ad
654 818 825 845 causam
869 804 1172 858 possessionis,
1224 804 1324 859 quid
1368 805 1421 846 ad

77 863 389 904 restituendum
417 877 524 917 eum,
550 877 674 916 quem
702 865 872 916 oportet
897 863 1078 916 restitui,
1112 863 1213 918 quid
1239 863 1418 918 denique

79 921 131 963 ad
163 922 228 963 ius
268 921 465 975 civile‘?†
505 924 579 962 aut
617 921 773 963 actoris
805 922 1026 963 notionem
1060 924 1188 977 atque
1231 923 1421 964 animad-

27 989 62 1015 15
81 980 320 1022 versionem
341 994 442 1035 ages
469 980 732 1022 iniuriarum.
782 979 886 1021 Plus
906 980 987 1022 tibi
1014 995 1092 1035 ego
1120 981 1298 1036 largiar,
1333 996 1421 1023 non

79 1040 218 1080 solum
256 1040 412 1095 egeris,
449 1053 598 1080 verum
637 1039 766 1080 etiam
805 1039 1100 1080 condemnaris
1140 1040 1257 1093 licet3
1301 1055 1421 1081 num-

79 1097 179 1152 quid
210 1098 348 1152 magis
379 1098 648 1153 possidebis?
682 1097 793 1139 actio
827 1098 938 1139 enim
965 1098 1217 1139 iniuriarum
1241 1113 1327 1140 non
1353 1099 1419 1140 ius

78 1156 363 1211 possessionis
391 1157 650 1211 adsequitur,
682 1156 755 1197 sed
788 1156 979 1198 dolorem
1011 1156 1262 1198 imminutae
1294 1157 1420 1199 liber—

79 1216 182 1257 tatis
213 1215 368 1257 iudicio
401 1230 622 1270 poenaque
654 1215 838 1270 mitigat.
888 1214 1069 1256 Praetor
1099 1216 1275 1268 interea,
1307 1216 1420 1268 Piso,
1436 1202 1491 1284 13}

27 1283 61 1309 20
80 1276 203 1315 tanta
236 1274 285 1315 de
316 1288 362 1315 re
394 1274 586 1315 tacebit?
629 1288 754 1328 quem
787 1274 839 1315 ad
865 1274 1037 1315 modum
1068 1277 1111 1315 te
1141 1276 1345 1316 restituat-
1375 1275 1420 1316 in

81 1333 196 1374 aedis
228 1335 337 1387 tuas,
368 1347 455 1374 non
486 1332 691 1374 habebit?
742 1332 824 1381 Qui
858 1332 945 1374 dies
979 1335 1095 1374 totos
1123 1335 1197 1374 aut
1215 1334 1304 1374 vin]
1330 1334 1422 1375 fieri

80 1393 200 1432 vetat
245 1394 319 1432 aut
361 1391 531 1433 restitui
574 1391 735 1432 factam
780 1391 915 1444 iubet,
968 1391 1039 1445 qui
1087 1391 1136 1432 de
1180 1391 1327 1445 fossis,
1372 1392 1422 1433 de

82 1449 248 1502 cloacis,
280 1450 329 1490 de
358 1450 546 1491 minimis
573 1464 780 1504 aqua-rum
806 1449 1093 1504 itinerumque
1118 1450 1421 1491 controversiis

82 1508 316 1561 interdicit,
359 1508 396 1549 is
437 1512 610 1562 repente
653 1508 937 1561 obmutescet,
981 1508 1026 1548 in
1068 1508 1336 1549 atrocissima
1377 1523 1422 1550 re

29 1577 62 1602 25
83 1567 184 1621 quid
215 1566 356 1619 faciat,
388 1580 474 1607 non
505 1566 710 1607 habebit?
743 1568 785 1606 et
811 1565 855 1608 C.
880 1565 1028 1607 Pisoni
1054 1566 1179 1608 domo
1211 1567 1422 1622 tectisque

83 1625 169 1666 suis
201 1625 432 1679 prohibito,
463 1625 670 1677 prohibito,
702 1624 887 1678 inquam,
918 1638 994 1678 per
1025 1625 1217 1666 homines
1251 1630 1422 1668 coactos

84 1687 127 1725 et
152 1686 354 1737 armatos,
385 1686 558 1737 praetor
585 1697 709 1737 quem
736 1683 789 1723 ad
815 1682 989 1724 modum
1015 1698 1133 1725 more
1159 1687 1203 1726 et
1229 1686 1421 1739 exemplo

84 1742 287 1796 opitulari
319 1742 474 1796 possit,
509 1756 595 1783 non
625 1741 830 1782 habebit?
893 1741 1005 1790 Quid
1037 1742 1149 1784 enim
1182 1742 1309 1797 dicet,
1348 1747 1423 1785 aut

85 1800 186 1854 quid
216 1803 263 1842 tu
294 1804 385 1842 tam
411 1801 572 1855 insigni
599 1802 773 1854 accepta
798 1800 954 1841 iniuria
978 1801 1250 1854 postulabis?
1284 1801 1422 1844 ‘Unde

32 1869 67 1894 30
88 1860 127 1900 vi
159 1859 449 1913 prohibitus'?
501 1858 569 1900 Sic
600 1873 725 1900 nemo
757 1873 961 1913 umquam
992 1860 1232 1915 interdixit3
1262 1875 1421 1902 novum

86 1920 167 1971 est,
204 1932 291 1959 non
328 1918 420 1960 dico
458 1919 730 1970 inusitatum,
774 1932 921 1959 verum
961 1918 1134 1960 omnino
1172 1919 1423 1960 inauditum.

86 1975 222 2016 ‘Unde
256 1975 486 2018 deiectus'?
531 1975 640 2025 Quid
671 1975 886 2029 proficies,
918 1991 1011 2018 cum
1044 1977 1109 2018 illi
1140 1977 1220 2019 hoc
1252 1992 1423 2032 respon-

86 2033 246 2075 debunt
276 2035 373 2089 tibi,
412 2035 523 2090 quod
555 2038 603 2076 tu
633 2049 746 2076 nunc
778 2034 900 2087 mihi,
939 2038 1128 2077 armat-os
1162 2050 1207 2077 se
1239 2036 1320 2077 tibi
1352 2036 1424 2078 ob-

88 2092 261 2146 stitisse,
292 2107 343 2134 ne
374 2093 419 2135 in
451 2094 565 2135 aedis
599 2093 834 2146 accedere83
867 2093 974 2135 deici
999 2109 1125 2148 porro
1152 2095 1268 2136 nullo
1295 2094 1420 2136 modo

34 2160 68 2186 35
87 2153 296 2205 potuisse,
334 2152 407 2205 qui
443 2167 530 2193 non
567 2152 819 2194 accesserit?
880 2151 1073 2194 ‘Deicior
1111 2151 1225 2208 ego',
1269 2152 1422 2207 inquis,
1448 2163 1492 2194 37

90 2209 148 2250 ‘si
192 2209 284 2263 quis
322 2225 512 2252 meorum
553 2211 730 2252 deicitur
769 2209 972 2252 omnino.'
1034 2210 1126 2253 Iam
1166 2213 1271 2252 bene
1311 2212 1422 2265 agis,

89 2281 115 2308 a
144 2267 284 2308 verbis
319 2269 430 2310 enim
461 2269 620 2311 recedis
654 2272 695 2310 et
721 2268 936 2323 aequitate
962 2269 1106 2311 uteris.
1156 2269 1267 2310 Nam
1293 2269 1424 2311 verba

159 2341 228 2367 οπο.
249 2342 290 2367 11.
310 2343 326 2368 ·2
1187 2341 1208 2373 4
