1619 2542
494 70 595 106 CAP.
621 74 733 105 9--11
762 74 781 112 ξ
806 74 955 105 25—32.
1330 71 1384 111 47

49 167 186 209 dicam
216 167 300 208 nisi
330 166 385 220 id,
420 166 533 221 quod
557 181 713 220 negare
738 181 824 208 non
848 167 998 221 possit,
1030 167 1196 209 venisse
1222 168 1266 208 in
1292 182 1388 209 con-

51 225 193 267 silium
233 224 427 280 publicae
467 225 749 280 quaestionis,
787 240 882 267 cum
920 226 1008 267 eius
1054 225 1221 268 consilii
1264 226 1388 267 iudex

47 299 134 326 non
167 286 292 327 esset.
326 287 368 325 et
397 284 442 325 in
474 299 522 325 eo
550 284 740 337 consilio,
772 299 866 326 cum
893 299 1064 326 causam
1089 299 1175 326 non
1202 285 1388 327 audisset

51 346 94 385 et
124 345 317 398 potestas
351 345 463 384 esset
496 343 746 397 ampliandi,
779 343 934 385 dixisse
966 343 1049 385 sibi
1080 343 1260 398 liquere,
1293 358 1387 385 cum

15 414 31 439 5
52 402 102 444 de
120 401 341 456 incognita
360 415 404 442 re
424 401 610 443 iudicare
636 401 853 455 voluisset,
879 402 1080 444 maluisse
1106 403 1387 444 condemnare

52 476 179 516 quam
212 459 450 513 absolvere3
489 474 596 513 cum,
630 461 666 501 si
697 475 783 502 uno
816 461 956 502 minus
987 461 1255 515 damnarent,
1294 475 1388 502 con-

52 518 243 561 demnari
273 532 371 559 reus
402 533 488 559 non
520 522 684 573 posset,
721 533 808 560 non
841 519 892 560 ad
924 520 1262 574 cognoscendam
1294 534 1388 561 cau-

51 593 162 631 sam,
200 577 272 619 sed
304 576 358 618 ad
389 577 641 631 explendam
674 577 992 619 damnationem
1024 581 1196 632 praesto
1227 578 1389 620 fuisse?

50 637 207 679 Utrum
239 636 414 691 gravius
446 635 607 690 aliquid
638 636 683 677 in
715 637 957 692 quempiam
983 637 1065 678 dici
1090 639 1235 691 potest
1261 652 1388 691 quam

1 708 33 732 ιο
53 696 106 738 ad
135 696 354 736 hominem
386 694 767 749 condemnandum,
801 710 927 750 quem
952 710 1186 750 numquam
1210 696 1389 737 vidisset

51 768 187 809 neque
216 753 416 806 audisset,
443 753 672 795 adductum
698 768 790 795 esse
816 754 986 808 pretio?
1013 769 1069 795 an
1095 754 1251 796 certius
1278 755 1389 809 quic-

53 827 179 869 quam
206 812 317 854 obici
342 814 496 867 potest,
522 827 651 866 quam
676 813 788 867 quod
813 813 862 865 is,
889 812 961 854 cui
987 813 1181 867 obicitur,
1205 827 1258 855 ne
1283 816 1390 855 nutu

53 872 221 927 quidem
262 871 479 912 infirmare
520 872 728 913 conatur?
783 871 945 913 Verum
985 874 1133 913 tamen
1172 873 1208 913 is
1253 872 1391 926 testiS,
1416 884 1460 915 30

52 933 100 972 ut
131 930 257 972 facile
288 929 597 984 intellegeretis
631 945 726 971 eum
757 944 844 972 non
875 930 1061 972 adfuisse
1095 930 1256 983 animo,
1295 945 1390 972 cum

2 1001 34 1026 15
53 1003 181 1032 causa
200 989 254 1030 ab
273 988 362 1029 illis
388 991 587 1043 ageretur
611 991 828 1044 testesque
854 988 1053 1043 dicerent,
1082 989 1154 1030 sed
1179 989 1391 1044 tantisper

53 1049 104 1090 de
136 1048 280 1102 aliquo
312 1061 384 1088 reo
417 1047 648 1102 cogitasse,
686 1063 778 1090 cum
820 1062 965 1089 omnes
1004 1051 1102 1089 ante
1140 1063 1235 1090 eum
1268 1048 1392 1089 dixis-

54 1109 151 1149 sent
193 1108 324 1147 testes
369 1109 557 1148 armatos
601 1121 696 1148 cum
733 1106 919 1148 Aebutio
962 1107 1094 1148 fuisse
1138 1108 1391 1162 complures,

56 1166 172 1207 solus
205 1164 312 1205 dixit
341 1179 427 1206 non
458 1164 603 1206 fuisse.
664 1165 794 1207 Visus
827 1169 894 1207 est
924 1165 1029 1206 mihi
1060 1166 1198 1219 primo
1230 1169 1391 1207 vetera-

53 1228 123 1266 tor
153 1223 403 1279 intellegere
427 1224 655 1278 praeclare,
687 1223 788 1279 quid
819 1238 971 1266 causae
997 1224 1202 1278 obstaret,
1234 1227 1276 1265 et
1300 1227 1392 1266 tan-

3 1286 148 1325 ²⁰tum
178 1282 305 1323 modo
338 1296 497 1336 errare,
535 1283 648 1337 quod
680 1297 828 1324 omnes
860 1286 993 1324 testes
1024 1283 1280 1336 infirmaret,
1319 1283 1393 1337 qui

56 1344 153 1383 ante
185 1355 282 1382 eum
313 1340 534 1382 dixissent:
573 1356 668 1383 cum
701 1342 861 1394 subito,
899 1356 992 1383 ecce
1023 1341 1135 1382 idem
1167 1341 1239 1396 qui
1271 1341 1393 1393 solet,

57 1414 155 1442 suos
188 1400 303 1441 solos
336 1413 480 1441 servos
513 1403 701 1441 armatos
731 1400 863 1441 fuisse
897 1400 1016 1441 dixit.
1077 1398 1186 1448 Quid
1217 1399 1314 1441 huic
1343 1401 1454 1443 tul]

57 1457 221 1500 homini
251 1457 411 1499 facias?
449 1472 588 1499 nonne
627 1459 832 1500 concedas
870 1458 1100 1510 interdum,
1138 1460 1186 1498 ut
1224 1472 1393 1499 excusa-

57 1517 175 1558 tione
217 1530 407 1557 summae
441 1516 652 1558 stultitiae
696 1531 885 1558 summae
916 1515 1193 1571 inprobitatis
1226 1515 1369 1557 odium
1394 1550 1445 1591 11

5 1586 39 1612 25
59 1574 335 1630 deprecetur?
396 1574 570 1627 Utrum,
601 1578 935 1630 recuperatores,
967 1574 1035 1615 his
1067 1574 1250 1616 testibus
1281 1552 1463 1640 non(31)

59 1633 308 1686 credidistis,
340 1647 446 1687 cum,
479 1633 578 1687 quid
599 1633 793 1687 liqueret,
824 1648 912 1674 non
932 1633 1174 1675 habuistis?
1207 1635 1252 1674 at
1278 1648 1373 1675 con-

57 1692 268 1735 troversia
291 1705 379 1733 non
406 1694 509 1744 erat,
535 1692 638 1746 quin
663 1706 808 1732 verum
836 1691 1033 1733 dicerent.
1082 1693 1152 1732 An
1176 1691 1221 1733 in
1247 1695 1393 1734 coacta

58 1750 342 1804 multitudine,
367 1750 412 1791 in
437 1751 579 1804 armis,
604 1750 649 1791 in
668 1750 778 1804 telis,
802 1750 848 1791 in
865 1750 1079 1803 praesenti
1098 1752 1215 1791 metu
1241 1751 1392 1792 mortis

58 1809 365 1865 perspicuoque
397 1809 585 1862 periculo
619 1808 758 1850 caedis
791 1808 966 1850 dubium
996 1809 1119 1850 vobis
1144 1808 1228 1850 fuit
1253 1810 1392 1851 inesse

8 1879 42 1904 30
59 1869 124 1910 vis
162 1867 306 1922 aliqua
343 1867 556 1908 videretur
591 1868 751 1909 necne?
814 1867 976 1916 Quibus
1012 1867 1146 1922 igitur
1182 1868 1227 1908 in
1264 1868 1392 1909 rebus

60 1927 124 1968 vis
162 1926 358 1981 intellegi
394 1928 557 1980 potest,
595 1926 631 1966 si
667 1925 712 1966 in
742 1925 809 1966 his
840 1940 927 1967 non
958 1926 1261 1981 intellegetur?
1322 1925 1393 1967 An

59 2000 159 2026 vero
179 1984 256 2025 illa
276 1984 464 2026 defensio
489 1984 611 2026 vobis
637 1984 856 2039 praeclara.
881 1984 973 2025 visa
992 1987 1074 2026 est:
1107 1984 1118 2002 ⁶
1133 1983 1232 2025 Non
1251 1984 1394 2038 deieci,

61 2043 134 2084 sed
172 2042 339 2097 obstiti3
379 2057 466 2084 non
503 2043 615 2084 enim
653 2046 695 2083 te
734 2057 828 2083 sum
865 2057 1015 2096 passus
1047 2043 1091 2084 in
1121 2042 1301 2084 fundum
1332 2044 1394 2083 in-

61 2101 198 2156 gredi,
236 2101 309 2142 sed
348 2104 536 2143 armatos
567 2101 762 2142 homines
794 2101 991 2155 opposui,
1028 2104 1076 2142 ut
1106 2101 1395 2156 intellegeres,

14 2169 43 2196 ³⁵
61 2160 99 2201 si
128 2161 172 2200 in
195 2159 326 2200 fundo
358 2160 508 2214 pedem
539 2160 776 2214 posuisses,
806 2160 954 2201 statim
984 2160 1066 2201 tibi
1098 2174 1189 2201 esse
1220 2173 1395 2214 pereun-

62 2217 213 2260 dum'?
274 2215 383 2265 Quid
414 2219 506 2259 ais‘?
543 2218 597 2271 is,
638 2217 709 2272 qui
742 2219 871 2259 armis
903 2219 1176 2272 proterritus,
1207 2220 1395 2272 fugatus,

62 2277 209 2330 pulsus
249 2279 332 2330 est,
368 2290 455 2317 non
490 2276 656 2318 videtur
693 2290 784 2317 esse
817 2276 1032 2318 deiectus?
1094 2276 1311 2318 Posterius
1344 2275 1394 2317 de
1420 2285 1463 2316 32
