1687 2533
164 422 205 453 12

233 81 318 122 462
428 81 491 116 DE
517 81 653 117 DOMO
675 81 766 117 SUA
791 81 856 116 AD
883 81 1164 118 PONTIFICES
1193 82 1384 119 ORATIO.

235 180 277 219 et
309 177 438 231 fame,
470 180 583 219 certe
615 178 810 220 consules
844 192 1016 219 causam
1049 179 1276 233 suscipere,
1309 182 1423 221 certe
1455 194 1576 222 sena-

233 239 324 277 tum
371 236 532 291 aliquid
571 236 740 277 consilii
781 250 931 291 capere
970 237 1178 291 oportuit,
1223 238 1289 278 sin
1328 253 1455 280 causa
1492 238 1575 280 fuit

235 309 422 348 annona,
460 295 682 336 seditionis
722 295 894 348 quidem
933 295 1223 337 instimulator
1263 299 1304 337 et
1337 297 1574 339 concitator

232 356 281 394 tu
317 353 457 407 fuisti,
495 368 634 395 nonne
672 353 715 394 id
754 353 964 408 agendum
1001 354 1125 395 nobis
1167 355 1364 396 omnibus
1396 355 1496 409 fuit,
1527 358 1576 397 ut

234 412 456 453 materiem
489 411 837 453 subtraheremus
863 412 999 454 furori
1025 413 1129 454 tuo?
1175 412 1312 461 Quid?
1346 414 1382 455 si
1408 417 1571 456 utrum·
1590 425 1610 450 5

234 485 313 525 que
344 470 438 524 fuit,
470 474 517 512 ut
550 473 598 521 et·
623 471 757 511 fames
786 471 1029 512 stimularet
1061 471 1257 513 homines
1284 474 1327 513 et
1351 476 1398 514 tu
1423 473 1468 514 in
1493 473 1575 515 hoc

233 530 375 570 ulcere
401 534 622 584 tamquam
649 529 807 584 inguen
834 529 1072 583 exsisteres,
1098 545 1238 572 nonne
1264 530 1348 572 fuit
1369 546 1416 573 eo
1437 532 1575 573 maior

234 588 475 629 adhibenda
520 587 747 642 medicina,
791 602 898 643 quae
943 591 985 629 et
1031 589 1137 629 illud
1182 589 1375 630 nativum
1415 592 1458 631 et
1494 590 1575 632 hoc

234 647 427 688 oblatum
460 647 622 688 malum
656 661 807 688 sanare
838 647 1014 701 posset?
1075 647 1185 688 Erat
1216 648 1349 703 igitur
1382 650 1424 689 et
1456 663 1574 703 prae-

235 719 330 746 36113
375 706 532 746 caritas
578 708 620 747 et
663 705 808 747 futura
851 705 1007 760 fames;
1050 720 1136 747 non
1181 709 1246 747 est
1292 707 1415 760 satis3
1459 706 1575 749 facta
1595 719 1629 744 10

232 764 439 818 lapidatio
485 766 561 805 est.
633 762 676 805 Si
721 779 771 805 ex
817 764 961 806 dolore
1008 765 1149 818 plebei
1193 765 1312 807 nullo
1356 765 1574 820 incitante,

233 836 435 877 magnum
482 823 661 876 malum,
706 822 743 863 si
780 822 825 864 P.
858 822 980 864 Clodi
1017 823 1207 877 inpulsu,
1252 824 1459 866 usitatum
1496 824 1574 866 ho-

234 881 360 922 minis
403 881 631 923 facinerosi
663 882 819 935 scelus3
858 882 893 922 si
924 885 1170 936 utrumque,
1208 885 1256 924 ut
1289 885 1332 924 et
1363 897 1430 924 res
1463 885 1574 924 esset

234 954 301 993 ea,
335 954 441 994 quae
475 955 551 981 sua
583 943 734 994 sponte
766 940 1053 981 multitudinis
1087 941 1252 982 animos
1285 942 1496 995 incitaret,
1530 944 1573 983 et

232 999 375 1053 parati
414 1002 542 1053 atque
581 999 737 1040 armati
776 999 996 1040 seditionis
1037 999 1180 1053 duces,
1218 1000 1440 1042 videturne
1477 1002 1573 1055 ipsa
1592 1011 1625 1037 15

233 1072 299 1098 res
332 1057 505 1111 publica
538 1060 581 1098 et
607 1057 795 1099 consulis
823 1057 1027 1098 auxilium
1053 1058 1307 1112 implorasse
1334 1061 1376 1100 et
1404 1065 1574 1100 senatus

232 1115 389 1156 fidem?
450 1115 615 1170 Atquin
655 1118 881 1170 utrumque
913 1116 1044 1157 fuisse
1075 1117 1346 1171 perspicuum
1379 1120 1461 1170 est3
1497 1118 1576 1158 dif-

232 1174 470 1215 ficultatem
508 1189 700 1216 annonae
740 1189 1032 1229 summamque
1073 1176 1263 1229 inopiam
1300 1176 1360 1216 rei
1390 1175 1574 1217 frumen-

232 1232 381 1283 tariae,
413 1236 461 1273 ut
491 1233 686 1274 homines
717 1248 804 1274 non
834 1233 921 1274 iam
954 1233 1198 1275 diuturnam
1231 1234 1467 1288 caritatem,
1500 1234 1574 1276 sed

234 1293 281 1332 ut
324 1290 483 1333 famem
522 1292 649 1346 plane
689 1293 910 1345 timerent,
947 1306 1072 1333 nemo
1109 1296 1258 1346 negat3
1294 1292 1404 1334 hanc
1440 1293 1573 1334 istum
1592 1304 1627 1330 20

235 1349 312 1390 otii
357 1353 399 1391 et
442 1351 560 1404 pacis
606 1350 776 1392 hostem
821 1365 995 1392 causam
1039 1354 1309 1405 arrepturum
1353 1351 1483 1392 fuisse
1521 1352 1575 1393 ad

234 1408 447 1461 incendia,
479 1409 640 1461 caedes,
671 1410 844 1463 rapinas
875 1409 996 1462 nolo,
1025 1409 1262 1463 pontifices,
1288 1409 1574 1464 suspicemini,

236 1466 320 1507 nisi
352 1467 559 1510 videritis
615 1466 696 1516 Qui
729 1470 827 1508 sunt
858 1467 1053 1508 homines
1087 1483 1111 1509 a
1144 1468 1190 1516 Q.
1221 1467 1408 1522 Metello,
1439 1467 1573 1510 fratre

233 1529 322 1578 tuo,
356 1526 531 1567 consule
563 1526 608 1567 in
641 1529 792 1567 senatu
822 1527 968 1581 palam
998 1527 1228 1580 nominati,
1259 1541 1285 1568 a
1317 1527 1468 1581 quibus
1500 1527 1572 1568 ille

234 1598 278 1624 se
321 1584 533 1637 lapidibus
574 1584 832 1638 adpetitum,
870 1584 1000 1625 etiam
1031 1599 1279 1639 percussum
1312 1599 1409 1627 esser
1436 1585 1571 1627 dixit?
1592 1596 1625 1623 25

232 1641 277 1682 L.
311 1641 505 1697 Sergium
546 1646 589 1684 et
621 1642 677 1684 M,
709 1642 893 1684 Lollium
931 1643 1182 1686 nominavit.
1244 1643 1347 1692 Quis
1386 1646 1451 1685 est
1488 1644 1571 1686 iste

233 1699 428 1742 Lollius?
509 1700 589 1750 Qui
642 1702 732 1742 sine
782 1702 895 1742 ferro
949 1716 1002 1742 ne
1050 1716 1161 1744 nunc
1213 1702 1382 1756 quidem
1431 1704 1572 1744 tecum

234 1761 316 1812 est,
354 1759 426 1812 qui
469 1764 515 1802 te
553 1760 724 1801 tribuno
764 1760 839 1813 pl.,
876 1760 984 1801 nihil
1022 1760 1072 1801 de
1103 1775 1170 1801 me
1203 1761 1357 1815 dicam,
1394 1760 1468 1802 sed
1498 1761 1572 1815 qui

234 1815 308 1858 Cn.
349 1816 599 1872 Pompeium
643 1818 982 1859 interficiendum
1026 1818 1283 1873 depoposcit.
1357 1817 1460 1867 Quis
1506 1822 1571 1860 est

235 1873 437 1929 Sergius?
514 1876 713 1932 Armiger
756 1876 984 1930 Catilinae,
1035 1878 1218 1932 stipator
1261 1877 1325 1918 tui
1368 1877 1624 1932 corporis,3o

235 1933 412 1988 signifer
439 1933 673 1988 seditionis,
706 1935 940 1976 concitator
965 1935 1319 1989 tabernariorum,
1345 1935 1570 1978 damnatus

233 1992 496 2046 iniuriarum,
532 2007 768 2047 percussor,
799 1993 1023 2049 lapidator,
1055 1994 1138 2035 fori
1170 1993 1465 2049 depopulator,
1496 1995 1570 2036 ob-

234 2064 375 2092 sessor
413 2050 567 2092 curiae.
628 2050 708 2092 His
746 2054 873 2106 atque
913 2053 1001 2093 eius
1040 2052 1155 2093 modi
1187 2052 1361 2094 ducibus
1394 2067 1490 2094 cum
1521 2055 1569 2094 tu

232 2108 277 2149 in
309 2122 501 2150 amionae
533 2109 711 2151 caritate
742 2110 785 2150 in
817 2111 1035 2163 consules,
1067 2110 1112 2151 in
1144 2112 1350 2165 senatum,
1380 2111 1426 2152 in
1455 2111 1569 2153 bona

231 2165 511 2222 fortunasque
560 2168 835 2222 locupletium
888 2183 964 2223 per
1008 2182 1178 2210 causam
1221 2169 1396 2223 inopum
1440 2172 1566 2223 atque
1586 2179 1620 2206 35

232 2225 531 2279 imperitorum
562 2226 807 2280 repentinos
838 2227 1022 2281 impetus
1055 2241 1336 2282 comparares,
1368 2242 1462 2269 cum
1487 2228 1566 2269 tibi

233 2284 348 2325 salus
375 2298 466 2326 6336
492 2284 537 2325 111
563 2284 650 2326 otio
676 2284 795 2326 nulla
819 2288 976 2339 posset,
1008 2299 1103 2327 611111
1130 2285 1363 2340 desperatis
1390 2285 1565 2328 ducibus
