1687 2533
532 74 635 110 CAP.
664 78 799 110 10—12
826 79 845 118 ξ
871 79 1021 110 29-34.
1366 75 1446 117 351

108 187 232 214 suum
270 172 361 214 vita
391 171 595 226 privavit,
632 173 680 212 ut
710 171 756 212 in
787 173 951 213 ceteros
982 171 1174 213 firmaret
1204 171 1450 227 imperium3

105 234 153 272 tu
184 245 273 272 rem
305 231 524 285 publicam
556 229 844 285 reprehendis,
875 245 982 284 quae
1016 230 1272 272 domesticos
1299 230 1450 284 hostis,

106 304 159 331 ne
205 290 258 331 ab
303 289 355 330 iis
393 289 488 344 ipsa
524 291 766 342 necaretur,
810 289 1008 330 necavit?
1076 289 1226 344 Itaque
1265 290 1450 344 attende,
1475 300 1518 331 33

107 348 336 404 Torquate,
369 362 496 402 quam
523 361 601 402 ego
629 347 843 402 defugiam
870 348 1173 389 auctoritatem
1200 348 1447 390 consulatus

71 418 87 443 5
108 407 206 449 mei!
268 406 456 447 Maxima
487 421 607 459 voce,
644 408 692 447 ut
725 420 873 447 omnes
906 407 1103 448 exaudire
1134 407 1322 462 possint,
1355 407 1447 448 dico

107 479 357 520 semperque
389 465 538 506 dicam.
593 464 754 506 Adeste
787 479 932 506 omnes
965 465 1140 520 animis,
1173 466 1245 520 qui
1278 466 1449 520 adestis,

108 539 288 579 quorum
345 538 425 579 ego
481 523 722 578 frequentia
771 537 1032 579 magnopere
1082 525 1238 579 laetor3
1296 524 1448 580 erigite

106 585 270 624 mentes
304 597 512 637 auresque
536 584 702 624 vestras
736 584 778 624 et
811 597 877 624 me
905 583 954 624 de
980 583 1202 625 invidiosis
1229 583 1369 636 rebuS,
1400 586 1450 625 ut

107 642 181 683 ille
212 644 351 697 putat,
383 641 593 683 dicentem
620 641 846 682 attendite!
891 641 987 697 Ego
1014 642 1175 696 consul,
1208 657 1303 683 cum
1337 656 1451 683 exer·

55 712 90 737 10
109 701 218 742 citus
259 700 525 755 perditorum
563 700 720 742 civium
753 700 1019 742 clandestino
1053 702 1209 742 scelere
1242 703 1450 742 conflatus

109 759 448 801 crudelissimum
481 761 524 800 et
549 758 916 800 luctuosissimum
943 759 1120 800 exitium
1147 760 1313 814 patriae
1340 774 1451 801 com-

107 820 321 873 parasset,
360 832 455 859 cum
494 818 546 859 ad
587 832 781 859 occasum
819 818 1128 873 interitumque
1160 819 1222 859 rei
1252 818 1450 873 publicae

109 876 297 918 Catilina
328 877 373 918 in
404 876 576 931 castris,
614 876 659 918 in
690 876 758 918 his
791 879 932 918 autem
958 877 1133 932 templis
1166 880 1291 931 atque
1324 877 1449 918 tectis

109 935 192 977 dux
229 934 434 976 Lentulus
477 938 590 977 esset
633 936 908 989 constitutus,
954 936 1060 977 meis
1099 936 1306 989 consiliis,
1343 936 1449 977 meis

56 1004 89 1030 15
109 994 351 1048 laboribus,
393 995 478 1036 mei
522 994 675 1048 capitis
715 994 936 1050 periculis,
979 995 1069 1035 sine
1107 995 1315 1047 tumultu,
1359 994 1449 1035 sine

110 1053 284 1107 dilectu,
324 1053 413 1094 sine
445 1054 593 1107 armis,
626 1053 716 1094 sine
749 1054 951 1107 exercitu,
985 1053 1170 1108 quinque
1201 1053 1449 1094 hominibus

109 1111 425 1166 comprehensis
458 1114 586 1166 atque
618 1111 824 1153 confessis
856 1112 1099 1154 incensione
1130 1112 1292 1166 urbem,
1323 1112 1451 1153 inter-

108 1171 276 1212 nicione
309 1171 434 1225 cives,
466 1171 670 1212 vastitate
696 1169 883 1222 Italiam,
914 1170 1091 1212 interitu
1116 1186 1208 1212 rem
1234 1171 1449 1224 publicam

108 1229 307 1282 liberavi3
328 1244 408 1284 ego
429 1229 564 1270 vitam
585 1229 774 1271 omnium
796 1230 964 1282 civium,
985 1232 1147 1270 statum
1169 1230 1284 1270 orbis
1298 1232 1450 1281 terrae,

57 1299 91 1324 20
110 1288 260 1329 urbem
291 1288 400 1329 hanc
433 1288 629 1342 denique,
667 1288 809 1328 sedem
843 1288 1035 1341 omnium
1066 1291 1278 1342 nostrum,
1311 1302 1449 1329 arcem

109 1360 258 1401 regum
293 1361 342 1388 ac
372 1346 596 1388 nationum
622 1349 876 1399 exterarum,
908 1347 1054 1387 lumen
1081 1347 1287 1401 gentium,
1320 1346 1450 1387 domi-

108 1405 253 1446 cilium
286 1405 466 1459 imperii,
498 1405 681 1459 quinque
713 1404 935 1445 hominum
968 1404 1201 1445 amentium
1234 1419 1282 1445 ac
1307 1404 1450 1458 perdi-

108 1466 251 1504 torum
272 1477 409 1517 poena
428 1463 599 1504 redemi.
636 1463 707 1503 An
726 1477 793 1503 me
814 1463 1075 1504 existimasti
1095 1463 1200 1504 haec
1211 1463 1445 1504 iniuratum
1473 1472 1517 1504 34

108 1522 154 1563 in
184 1521 340 1562 iudicio
372 1535 458 1562 non
491 1535 581 1562 esse
610 1521 833 1574 dicturum,
866 1535 973 1575 quae
998 1521 1164 1562 iuratus
1191 1521 1236 1562 in
1263 1521 1448 1562 maxima

56 1592 90 1617 ‘25
110 1581 306 1622 contione
339 1579 569 1620 dixissem?
625 1580 767 1633 Atque
794 1579 923 1620 etiam
954 1579 1063 1621 illud
1094 1579 1258 1633 addam,
1289 1594 1342 1621 ne
1375 1580 1446 1634 qui
1466 1581 1517 1622 12

109 1640 220 1680 forte
252 1638 430 1692 incipiat
460 1638 666 1692 inprobus
700 1637 842 1679 subito
875 1641 917 1679 te
949 1653 1112 1692 amare,
1144 1638 1372 1693 Torquate,
1405 1641 1447 1680 et

111 1697 270 1752 aliquid
298 1711 468 1752 sperare
495 1698 544 1737 de
571 1699 625 1750 te,
658 1700 796 1750 atque,
823 1699 870 1737 ut
896 1697 1008 1738 idem
1035 1711 1180 1738 omnes
1208 1697 1446 1745 exaudiant,

111 1756 349 1798 clarissima
385 1770 486 1797 voce
525 1755 678 1796 dicam:
716 1754 880 1796 Harum
921 1756 1111 1797 omnium
1143 1770 1302 1809 rerum,
1341 1771 1446 1810 quas

111 1829 191 1870 ego
223 1815 268 1855 in
299 1814 524 1856 consulatu
550 1829 626 1868 pro
655 1814 791 1855 salute
819 1814 880 1854 rei
904 1814 1100 1868 publicae
1126 1815 1293 1868 suscepi
1319 1817 1446 1868 atque

59 1885 92 1909 20
111 1873 236 1927 gessi,
267 1872 310 1914 L.
331 1873 405 1914 ille
431 1872 685 1926 Torquatus,
717 1887 812 1913 cum
844 1875 956 1913 esset
982 1887 1100 1914 meus
1128 1873 1445 1914 contubernalis

110 1932 155 1972 in
193 1932 419 1972 consulatu
451 1935 577 1985 atque
611 1931 740 1972 etiam
770 1931 815 1971 in
846 1934 1048 1985 praetura
1078 1932 1248 1985 fuisset,
1287 1934 1445 1985 auctor,

112 1989 297 2043 adiutor,
333 1990 548 2044 particeps
582 1990 742 2042 extitit,
781 2004 875 2031 cum
906 1989 1120 2044 princeps,
1159 2005 1255 2031 cum
1288 1992 1446 2042 auctor,

113 2063 207 2090 cum
257 2048 434 2102 signifer
484 2052 596 2090 esset
645 2048 897 2101 iuventutis3
952 2064 1106 2103 parens
1157 2048 1265 2102 eius,
1315 2048 1444 2088 homo

113 2107 433 2148 amantissimus
463 2107 646 2162 patriae,
685 2106 861 2147 maximi
893 2107 1041 2160 animi,
1080 2107 1235 2148 summi
1267 2106 1445 2159 consilii,

60 2175 94 2201 35
114 2164 342 2220 singularis
362 2165 639 2220 constantiae,
665 2180 760 2206 cum
787 2168 897 2206 esset
916 2180 1054 2221 aeger,
1079 2168 1225 2207 tamen
1245 2163 1443 2206 omnibus

113 2224 239 2264 rebus
286 2223 374 2263 illis
417 2223 627 2276 interfuit,
676 2238 886 2277 nusquam
930 2229 994 2265 est
1038 2239 1063 2265 a
1106 2239 1173 2265 me
1216 2223 1443 2277 digressus,

113 2282 274 2335 studio,
318 2282 512 2333 consilio,
557 2283 812 2324 auctoritate
849 2297 957 2324 unus
999 2283 1162 2325 adiuvit
1198 2281 1443 2336 plurimum,
