1619 2542
520 69 622 103 CAP.
650 72 790 102 24-‘26
816 72 834 111 g
862 72 1011 104 67—72.
1355 68 1436 109 1⁵27

95 163 202 206 Cum
236 167 349 206 esset
382 178 531 219 egens,
569 167 864 219 sumptuosus,
897 164 1052 217 audax,
1085 163 1282 217 callidus,
1315 165 1508 219 perii-26

95 223 251 277 diosus,
278 226 320 264 et
347 238 441 264 cum
469 223 585 264 domi
612 238 712 264 suae
740 223 991 264 miserrimis
1018 224 1061 263 in
1088 223 1193 264 locis
1221 227 1264 264 et
1284 223 1439 264 inanis-

96 282 215 324 simis
248 285 419 323 tantum
450 297 726 323 nummorum
757 282 944 337 positum
977 281 1150 335 videret,
1183 282 1236 323 ad
1269 296 1438 323 omnem

96 341 309 382 malitiam
355 344 397 381 et
438 340 633 381 fraudem
671 355 842 382 versare
887 343 1074 382 mentem
1120 355 1241 382 suam
1280 340 1439 395 coepit:

59 409 76 434 5
96 400 207 455 ‘Ego
236 400 330 440 dem
357 399 596 440 iudicibus?
623 399 729 440 mihi
755 399 839 452 ipsi
857 400 991 449 igitur
1011 402 1181 454 praeter
1201 400 1438 454 periculum

98 462 141 499 et·
171 458 396 499 infamiam
430 458 530 512 quid
563 458 821 511 quaeretur?
871 457 993 499 Nihil
1026 458 1278 513 excogitem,
1311 473 1439 512 quam

98 518 152 559 ob
172 531 262 557 rem
283 516 566 570 Oppianicum
588 516 781 557 damnari
800 531 972 558 necesse
993 518 1079 558 sit?
1106 517 1214 566 Quid
1235 518 1439 558 tandem?

98 575 224 625 (nihil
264 576 377 616 enim
416 579 497 629 est,
539 575 653 629 quod
689 590 775 616 11011
812 576 904 616 fieri
942 576 1097 630 possit)
1139 576 1176 617 si
1213 576 1308 630 quis
1342 591 1438 617 eum

96 635 206 676 forte
251 648 374 676 casus
414 649 463 674 ex
501 633 691 688 periculo
732 634 952 688 eripuerit,
995 649 1136 675 nonne
1173 635 1438 676 reddundum

45 702 78 727 10
98 694 191 735 est‘?
253 692 616 747 Praecipitantem
660 693 793 747 igitur
837 692 1141 747 impellamus',
1184 693 1342 748 inquit,
1384 693 1441 734 eet

97 752 312 808 perditum
344 751 695 805 prosternamus?
759 750 885 804 Capit
916 751 997 792 hoc
1029 752 1209 805 consilii,
1240 755 1289 793 ut
1321 767 1440 806 pecu-
1468 764 1509 795 71

97 812 212 852 niam
241 810 493 864 quibusdam
513 810 723 851 iudicibus
744 810 975 851 levissimis
996 811 1264 864 polliceatur,
1292 811 1440 851 deinde

99 885 192 912 eam
230 871 383 924 postea
421 869 678 924 supprimat,
716 872 781 922 ut,
820 869 1021 922 quoniam
1061 884 1213 924 graves
1245 869 1440 910 homines

100 944 176 970 sua
221 931 371 982 sponte
417 943 560 969 severe
605 927 867 969 iudicaturos
905 928 1106 982 putabat,
1145 943 1235 981 eos,
1275 928 1348 982 qui
1385 928 1441 969 le-

48 995 80 1020 15
100 988 240 1029 viores
285 989 424 1039 erant,
469 986 748 1027 destitutione
786 987 920 1027 iratos
954 986 1192 1041 Oppianico
1234 987 1442 1028 redderet.

98 1047 267 1100 Itaque,
308 1048 353 1086 ut
385 1048 478 1086 erat
510 1060 677 1100 semper
707 1048 1010 1100 praeposterus
1044 1048 1172 1099 atque
1204 1060 1443 1099 perversus,

98 1105 270 1146 initium
311 1104 412 1145 facit
454 1119 478 1145 a
515 1102 654 1145 Bulbo
697 1106 739 1144 et
782 1118 895 1157 eum,
938 1104 1051 1158 quod
1090 1104 1176 1145 iam
1219 1104 1291 1145 diu
1330 1104 1441 1145 nihil

100 1164 361 1217 quaesierat,
399 1163 569 1203 tristem
613 1166 739 1216 atque
773 1163 1028 1204 oscitantem
1060 1163 1212 1204 leviter
1243 1162 1441 1217 impellit.

100 1221 248 1270 ‘Quid
287 1221 390 1262 tu‘?'
430 1221 588 1275 inquit,
637 1220 836 1275 eecquid
875 1236 948 1262 me
988 1221 1220 1275 adiuvas,
1257 1220 1441 1275 Bulbe,

45 1289 155 1322 20ne
198 1280 363 1336 gratis
410 1279 486 1320 rei
529 1280 766 1334 publicae
811 1279 1143 1321 serviamus?
1216 1279 1297 1321 Ille
1338 1294 1440 1321 vero

101 1339 225 1380 simul
258 1341 385 1392 atque
416 1338 498 1380 hoc
531 1338 694 1379 audivit
733 1339 812 1379 ‘ne
851 1338 1058 1392 gratis':
1093 1337 1217 1386 ‘Quo
1258 1338 1441 1390 voles’,

99 1398 250 1451 inquit,
277 1397 502 1450 esequar3
529 1397 614 1438 sed
642 1397 761 1450 quid
788 1396 1010 1438 adfers?
1055 1397 1164 1437 Tum
1191 1397 1229 1437 ei
1248 1395 1321 1438 HS
1342 1411 1440 1450 qua-

102 1456 300 1511 draginta
341 1455 479 1509 milia,
518 1455 554 1496 si
593 1459 705 1496 esset
746 1455 968 1496 absolutus
1001 1455 1279 1509 Oppianicus,
1317 1455 1441 1509 polli-

101 1517 220 1556 cetur
259 1518 300 1554 et
338 1528 452 1566 eum,
496 1517 544 1554 ut
581 1516 745 1555 ceteros
783 1514 988 1567 appellet,
1033 1513 1285 1567 quibuscum
1322 1513 1441 1567 loqui

48 1581 82 1607 25
103 1575 365 1623 consuesset,
412 1575 539 1626 rogat
586 1575 712 1625 atque
761 1572 889 1612 etiam
933 1571 1024 1624 ipse
1070 1571 1265 1612 conditor
1305 1573 1439 1613 totius

101 1631 266 1686 negotii
299 1630 479 1671 Guttam
515 1630 707 1684 aspergit
738 1630 836 1671 111110
866 1629 1019 1671 Bulbo.
1080 1629 1232 1684 Itaque
1263 1630 1439 1672 minime
1467 1643 1509 1673 72

103 1704 274 1731 amarus
321 1689 374 1729 iis
414 1689 531 1729 visus
574 1691 656 1742 est,
705 1689 775 1742 qui
817 1688 978 1742 aliquid
1019 1703 1069 1729 ex
1110 1688 1199 1729 eius
1243 1703 1439 1730 sermone

103 1749 299 1802 speculae
327 1748 621 1802 degustarant.
668 1746 788 1788 Unus
817 1749 858 1787 et
883 1748 991 1787 alter
1017 1747 1105 1788 dies
1125 1747 1440 1802 intercesserat,

102 1821 198 1848 cum
235 1821 303 1847 res
342 1821 493 1860 parum
532 1808 647 1846 certa
678 1805 919 1858 videbatur3
959 1809 1177 1860 sequester
1215 1808 1256 1847 et
1291 1806 1440 1847 confir-

49 1874 82 1899 30
102 1868 243 1906 mator
280 1865 484 1918 pecuniae
523 1864 854 1905 desiderabatur.
922 1863 1030 1904 Tum
1069 1864 1262 1919 appellat
1296 1864 1438 1906 hilaro

100 1924 222 1964 vultu
253 1923 472 1964 hominem
498 1921 674 1975 Bulbus,
707 1925 753 1963 ut
779 1922 1068 1976 placidissime
1094 1925 1256 1977 potest:
1289 1921 1438 1971 ‘Quid

100 1981 188 2035 tu’,
219 1982 377 2035 inquit,
410 1980 633 2022 ε133015οΨ
663 1981 763 2035 (1100
796 1980 906 2021 enim
939 1981 1022 2021 sibi
1054 1980 1250 2023 Staienus
1283 1995 1437 2036 cogno-

101 2055 199 2081 men
231 2055 279 2081 ex
312 2039 573 2095 imaginibus
608 2039 827 2080 Aeliorum
862 2039 1099 2094 delegerat,
1130 2054 1195 2093 ne,
1228 2039 1264 2080 si
1296 2054 1340 2080 30
1372 2039 1437 2080 Li-

102 2113 248 2154 gurem
288 2099 474 2151 fecisset,
511 2098 700 2139 nationis
738 2098 877 2152 magis
917 2113 1044 2152 quam
1077 2098 1244 2154 generis
1276 2097 1340 2138 uti
1372 2112 1437 2138 co-

48 2166 82 2192 35
102 2157 302 2212 gnomine
334 2156 567 2211 videretur)
601 2156 715 2210 ‘qua
747 2157 802 2197 de
834 2171 884 2197 re
916 2171 1103 2198 mecum
1136 2157 1336 2198 locutus
1370 2169 1438 2209 es,

101 2218 355 2269 quaerunt
388 2230 412 2255 a
443 2229 534 2267 1110,
566 2215 650 2256 ubi
682 2215 750 2256 sit
781 2214 1020 2268 pecunia?
1070 2214 1152 2256 Hic
1183 2215 1255 2255 ille
1281 2214 1435 2268 planus

100 2273 445 2328 improbissimus
484 2276 663 2328 quaestu
700 2272 920 2315 iudiciario
957 2276 1126 2328 pastus,
1165 2272 1237 2327 qui
1268 2272 1334 2312 illi
1364 2286 1436 2328 pe-
