1619 2542
531 72 633 107 CAP.
663 75 798 107 17-19
825 75 844 114 g
871 74 1020 106 51-5r.
1391 72 1449 112 93

109 168 164 211 ad
205 170 400 210 nostram
445 168 696 209 memoriam
742 167 968 223 disciplina
1010 167 1179 209 navalis
1223 170 1267 209 et
1310 167 1451 223 gloria

108 227 334 281 remansit,
379 241 486 282 quae
532 227 701 280 civitas,
744 227 939 281 inquam,
989 229 1116 268 antea
1159 230 1249 267 tam
1299 226 1451 280 tenuis,

108 300 212 339 quae
242 289 332 327 tam
364 300 498 340 parva
529 285 671 327 insula
701 285 802 340 fuit,
836 300 943 340 quae
974 299 1060 327 non
1092 288 1243 340 portus
1277 299 1376 326 suos
1409 288 1452 326 et

111 359 239 399 agros
277 347 320 386 et
358 344 544 398 aliquam
586 347 753 399 partem
793 343 980 399 regionis
1023 347 1152 398 atque
1191 358 1290 385 orae
1323 344 1450 385 mari-

65 417 80 443 5
114 405 246 445 timae
288 417 365 458 per
408 417 452 444 se
499 403 594 458 ipsa
637 402 910 444 defenderet?
978 403 1039 444 At
1078 403 1250 444 hercule
1289 403 1455 458 aliquot

112 476 247 503 annos
291 461 516 503 continuos
565 464 663 503 ante
708 462 847 516 legem
886 460 1116 503 Gabiniam
1152 461 1227 503 ille
1267 462 1453 517 populus

111 520 348 574 Romanus,
385 520 504 562 cuius
536 534 669 575 usque
702 521 755 562 ad
787 523 981 562 nostram
1013 520 1266 562 memoriam
1297 534 1454 562 nomen

110 579 316 621 invictum
348 580 393 620 in
424 579 652 620 navalibus
684 579 840 635 pugnis
873 580 1177 634 permanserit,
1200 577 1373 634 'magna
1405 593 1454 621 ac

111 638 249 680 multo
289 637 476 679 maxima
514 641 637 693 parte
674 652 762 679 non
793 639 919 679 modo
951 638 1170 691 utilitatis,
1212 638 1285 679 sed
1318 638 1453 693 digni-

59 713 93 739 10
112 697 216 738 tatis
249 699 377 751 atque
409 696 580 751 imperii
612 697 767 750 caruit3
804 711 901 750 nos,
941 711 1122 750 quorum
1154 697 1337 738 maiores
1370 699 1454 738 An·
1481 706 1521 737 55

112 755 301 798 tiochum
334 768 478 809 regem
511 755 648 797 classe
676 756 930 809 Persemque
957 758 1213 810 superarunt
1239 756 1455 797 omnibus-

113 829 193 869 que
241 814 467 856 navalibus
517 814 673 870 pugnis
725 812 1112 870 Carthaginiensis,
1167 815 1361 856 homines
1410 814 1455 855 in

113 873 342 914 maritimis
405 873 531 914 rebus
595 872 990 915 exercitatissumos
1046 874 1455 927 paratissumosque,

112 933 324 985 vicerunt,
355 931 386 972 ii
415 932 535 973 nullo
568 931 613 973 in
643 933 737 974 loco
770 932 857 973 iam
889 931 1174 985 praedonibus
1207 946 1330 986 pares
1363 946 1455 973 esse

63 1008 94 1034 15
116 994 383 1044 poteramus3
421 1004 518 1043 nos,
556 991 629 1045 qui
667 993 794 1031 antea
830 1005 918 1032 non
950 990 1076 1032 modo
1109 990 1282 1032 Italiam
1314 988 1455 1031 tutam

115 1049 392 1103 habebamus,
425 1050 497 1090 sed
530 1063 678 1090 omnes
712 1050 849 1091 socios
881 1049 925 1090 in
957 1048 1122 1091 ultimis
1155 1049 1241 1090 oris
1274 1049 1456 1091 auctori·

114 1111 204 1150 tate
241 1107 379 1149 nostri
416 1107 585 1162 imperii
625 1109 767 1150 salvos
794 1110 1013 1162 praestare
1045 1110 1312 1162 poteramus,
1350 1113 1455 1160 tum,

115 1181 210 1209 cum
241 1166 382 1208 insula
412 1165 544 1208 Delos
578 1170 667 1208 tam
694 1167 843 1222 procul
876 1181 901 1207 a
925 1166 1049 1208 nobis
1075 1168 1120 1208 in
1146 1167 1320 1222 Aegaeo
1347 1167 1456 1208 mari

118 1225 270 1280 posita,
304 1239 386 1280 quo
419 1239 563 1266 omnes
591 1225 777 1279 undique
803 1240 898 1267 cum
926 1225 1148 1267 mercibus
1165 1229 1292 1279 atque
1319 1226 1453 1267 oneri-

67 1303 101 1328 ρο
119 1285 198 1326 bus
237 1283 554 1337 commeabant,
592 1284 750 1325 referta
793 1284 972 1338 divitiis,
1013 1298 1164 1339 parva,
1203 1284 1293 1325 sine
1331 1299 1453 1325 muro

116 1343 224 1384 nihil
264 1343 463 1396 timebat,
504 1343 615 1384 idem
654 1357 739 1384 non
778 1342 904 1384 modo
942 1342 1174 1397 provinciis
1207 1345 1334 1396 atque
1367 1342 1454 1384 oris

116 1401 268 1442 Italiae
294 1401 521 1442 maritimis
548 1416 596 1443 ac
621 1401 832 1456 portubus
857 1401 1031 1452 nostris,
1056 1400 1130 1442 sed
1156 1400 1285 1442 etiam
1313 1400 1456 1455 Appia

118 1460 203 1501 iam
250 1459 317 1501 via
360 1460 627 1513 carebamus;
670 1463 713 1500 et
748 1460 800 1500 iis
839 1459 1106 1514 temporibus
1144 1474 1230 1500 non
1267 1459 1457 1513 pudebat

121 1518 400 1572 magistratus
450 1519 598 1572 populi
642 1518 823 1559 Romani
872 1518 918 1558 in
966 1517 1079 1558 hunc
1128 1517 1269 1572 ipsum
1314 1517 1456 1559 locum

66 1596 99 1622 25
119 1576 352 1628 escendere,
378 1591 473 1618 cum
506 1591 601 1617 eum
633 1577 757 1617 nobis
790 1576 971 1617 maiores
1003 1576 1142 1617 nostri
1168 1575 1329 1617 exuviis
1356 1591 1457 1618 nau·
1501 1608 1526 1642 Q

118 1635 214 1677 ticis
253 1638 296 1676 et
334 1635 534 1676 classium
574 1635 723 1689 spoliis
756 1637 953 1675 ornatum
985 1634 1279 1688 reliquissent!
1335 1635 1456 1676 Bono
1483 1638 1526 1690 5}

120 1698 161 1735 te
194 1694 335 1735 animo
368 1697 472 1747 tum,
505 1693 551 1741 Q.
573 1693 789 1746 Hortensi,
820 1694 1003 1747 populus
1050 1694 1254 1734 {omanus
1281 1695 1323 1734 et
1348 1696 1455 1735 cete-

121 1767 209 1806 ros,
242 1752 314 1807 qui
346 1755 469 1793 erant
500 1752 544 1793 in
575 1752 723 1793 eadem
757 1752 986 1806 sententia,
1022 1751 1162 1793 dicere
1194 1752 1457 1793 existimavit

121 1825 186 1864 ea,
227 1825 333 1865 quae
372 1810 647 1864 sentiebatis;
694 1811 764 1851 sed
801 1815 948 1851 tamen
982 1810 1027 1851 in
1064 1811 1202 1852 salute
1240 1811 1456 1852 communi

68 1890 102 1915 30
121 1869 231 1910 idem
268 1870 452 1924 populus
484 1868 702 1910 Romanus
741 1868 878 1910 dolori
911 1883 986 1910 suo
1012 1869 1166 1910 maluit
1198 1884 1327 1924 quam
1359 1884 1455 1910 auc-

124 1927 291 1969 toritati
332 1931 498 1970 vestrae
537 1930 843 1982 optemperare.
903 1927 1054 1981 Itaque
1092 1942 1177 1969 una
1217 1928 1302 1980 lex,
1346 1942 1455 1968 unus

120 1986 204 2038 vir,
240 2001 348 2027 unus
382 2001 516 2027 annus
547 2000 631 2027 non
665 1986 789 2027 modo
821 2000 898 2027 nos
930 1986 1007 2027 illa
1039 1986 1211 2027 miseria
1242 2001 1290 2027 ac
1322 1987 1455 2040 turpi-

121 2045 268 2086 tudine
300 2045 517 2097 liberavit,
556 2045 627 2086 sed
661 2045 791 2085 etiam
824 2044 978 2097 effecit,
1016 2047 1064 2086 ut
1095 2044 1324 2098 aliquando
1358 2059 1455 2085 vere

122 2103 362 2144 videremur
400 2103 597 2144 omnibus
631 2103 830 2158 gentibus
863 2117 910 2144 ac
940 2103 1188 2144 nationibus
1220 2106 1336 2143 terra
1368 2117 1453 2143 ma-

70 2182 103 2208 35
123 2161 242 2215 rique
285 2162 507 2215 imperare.
574 2161 665 2209 Quo
711 2161 816 2202 mihi
860 2161 990 2202 etiam
1032 2161 1248 2216 indignius
1287 2161 1454 2201 videtur
1481 2172 1523 2204 57

124 2219 409 2260 obtrectatum
441 2234 532 2261 esse
565 2220 713 2272 adhuc,
747 2219 929 2261 Gabinio
962 2220 1098 2261 dicam
1125 2233 1233 2261 anne
1253 2218 1457 2273 Pompeio

124 2291 178 2318 an
208 2278 390 2332 utrique,
421 2277 464 2319 id
497 2278 609 2332 quod
641 2281 707 2320 est
737 2277 889 2332 verius,
919 2292 971 2319 ne
1004 2279 1218 2332 legaretur
1251 2277 1301 2318 A.
1330 2276 1455 2319 Gabi·
1514 2296 1517 2298 ·
