1687 2533
571 90 671 126 CAP.
693 94 806 125 9—11
836 94 855 132 ἓ
879 94 1026 125 18-23.
1391 90 1477 131 523

134 187 236 236 Quis
264 190 329 229 est
355 202 405 229 ex
432 187 678 243 gigantibus
705 187 805 240 illis,
832 201 938 241 quos
965 190 1120 241 poetae
1147 186 1291 228 ferunt
1316 187 1477 228 bellum

133 247 198 288 dis
230 246 547 288 immortalibus
581 246 798 299 intulisse,
829 248 920 286 tam
954 246 1132 300 impius,
1171 246 1242 299 qui
1274 245 1355 287 hoc
1387 248 1477 286 tam

132 320 243 347 novo
275 308 482 359 tantoque
509 308 628 346 motu
653 319 739 346 non
765 318 973 359 magnum
1001 304 1164 358 aliquid
1189 305 1291 346 deos
1317 304 1477 359 populo

134 364 329 405 Romano
355 366 701 418 praemonstrare
728 365 771 404 et
797 364 1043 418 praecinere
1069 363 1287 404 fateatur?
1331 362 1396 404 De
1429 377 1478 404 ea

82 433 99 458 5
136 437 181 464 re
220 422 427 477 scriptum
467 425 549 463 est:
587 421 918 463 ‘POSTILIONES
951 433 1060 463 ESSE
1093 421 1214 475 Iovl,
1246 420 1478 475 SATURNO,

134 480 375 535 NEPTUNO,
400 481 622 534 TELLUR1‚
647 492 721 522 D1s
749 479 1086 522 CAELESTIBUS.'
1138 480 1290 534 Audio,
1323 481 1476 534 quibus
1503 493 1545 523 21

134 540 196 581 dis
228 540 403 581 violatis
436 540 622 594 expiatio
655 539 878 593 debeatur,
918 540 990 580 sed
1022 539 1248 580 hominum
1280 554 1388 594 quae
1421 539 1475 580 ob

134 598 303 652 delicta,
348 613 516 653 quaero.
585 597 762 640 ‘LUDos
800 609 941 640 MINUS
981 609 1262 640 DILIGENTER
1300 609 1476 640 FAcTos

133 657 497 708 POLLUTOSQUE.'
543 656 657 706 Quos
684 657 836 698 ludos?
881 656 941 698 Te
967 657 1150 711 appello,
1175 657 1368 711 Lentule,
1395 656 1477 711 (tui

82 726 115 751 1⁰
135 716 362 758 sacerdotii
389 719 489 758 sunt
515 718 674 769 tensae,
706 716 926 769 curricula,
958 716 1218 770 praecentio,
1244 716 1345 769 ludi,
1371 716 1477 757 liba-

133 776 273 816 tiones
307 775 539 829 epulaeque
566 773 782 830 ludorum)
818 789 990 829 vosque,
1021 775 1257 828 pontifices,
1290 775 1343 816 ad
1371 789 1476 828 quos

135 834 338 888 epulones
377 833 493 875 Iovis
532 833 685 888 optimi
725 834 921 886 maximi,
965 834 1001 874 si
1043 833 1145 887 quid
1186 836 1251 875 est
1291 836 1477 887 praeter-

134 893 313 934 missum
334 895 407 934 aut
428 894 714 945 commissum,
742 892 952 945 adferunt,
979 906 1159 946 quorum
1187 893 1236 933 de
1265 893 1478 934 sententia

133 952 209 993 illa
236 951 383 993 eadem
408 953 614 992 renovata
641 926 767 1005 atq⁷ue
794 926 1040 992 instaurata
1066 951 1346 992 celebrantul.
1397 950 1478 999 Qui

81 1019 114 1045 15
136 1012 235 1051 sunt
264 1010 353 1051 ludi
384 1010 525 1051 minus
559 1009 789 1065 diligenter
820 1010 935 1062 sacti,
968 1010 1137 1064 quando
1172 1013 1245 1051 aut
1277 1025 1360 1064 quo
1394 1024 1478 1051 sce-

134 1070 220 1110 lere
256 1068 440 1123 polluti?
502 1068 796 1122 Respondebis
838 1071 880 1109 et
917 1083 994 1122 pro
1032 1071 1074 1109 te
1114 1071 1156 1109 et
1187 1083 1265 1122 pro
1299 1068 1477 1124 collegis

134 1128 238 1182 tuis,
277 1128 405 1168 etiam
439 1141 515 1181 pro
548 1128 798 1182 pontificum
837 1128 1040 1183 collegio,
1079 1127 1188 1175 nihil
1226 1128 1477 1181 cuiusquam

135 1189 209 1228 aut
245 1186 518 1242 neglegentia
556 1189 849 1241 contemptum
894 1189 968 1227 aut
1012 1186 1170 1227 scelere
1214 1200 1305 1227 esse
1342 1186 1477 1240 pollu-

135 1248 245 1298 tum3
272 1245 416 1286 omnia
442 1245 668 1286 sollemnia
695 1260 741 1286 ac
767 1245 882 1286 iusta
907 1245 1104 1286 ludorum
1132 1246 1329 1286 omnibus
1350 1245 1476 1285 rebus

83 1313 118 1337 20
139 1303 379 1345 observatis
413 1318 580 1344 summa
611 1317 706 1344 cum
739 1304 998 1344 caerimonia
1030 1318 1122 1344 esse
1155 1306 1337 1344 servata.

224 1361 338 1410 Quos
360 1361 495 1417 igitur
515 1361 763 1415 haruspices
783 1362 906 1403 ludos
928 1362 1068 1402 minus
1091 1362 1319 1417 diligenter
1337 1361 1476 1408 factos
1494 1338 1548 1419 121)

134 1421 411 1475 pollutosque
438 1435 531 1462 esse
558 1420 731 1461 dicunt?
773 1420 874 1474 Eos,
907 1435 1087 1475 quorum
1119 1421 1203 1475 ipsi
1235 1420 1314 1460 (11
1302 1435 1477 1462 lmmor-

133 1479 244 1521 tales
278 1482 404 1533 atque
435 1479 511 1520 illa
544 1481 682 1520 mater
708 1478 836 1520 Idaea
861 1483 916 1534 16,
948 1482 1004 1530 te,
1037 1478 1110 1520 Cn.
1130 1479 1324 1533 Lentule,
1357 1479 1476 1520 cuius

135 1538 261 1579 abavi
293 1538 489 1579 manibus
523 1540 635 1579 esset
668 1541 853 1592 accepta,
886 1541 1173 1593 spectatorem
1207 1552 1298 1579 esse
1325 1538 1476 1579 voluit.

81 1595 304 1645 257Quodni
329 1599 378 1637 tu
402 1595 636 1651 Megalesia
668 1597 744 1637 illo
778 1597 844 1638 die
879 1599 1073 1651 spectare
1106 1597 1328 1650 voluisses,
1359 1597 1475 1637 haud

135 1654 222 1696 seio
262 1669 316 1696 an
353 1655 495 1696 vivere
532 1655 657 1696 nobis
697 1658 824 1709 atque
862 1655 929 1696 his
969 1655 1018 1696 de
1058 1656 1185 1696 rebus
1227 1655 1313 1695 iam
1357 1656 1475 1709 queri

134 1727 217 1755 non
241 1713 400 1754 liceret,
443 1713 521 1754 Vis
548 1714 660 1754 enim
692 1713 1015 1755 innumerabilis
1046 1714 1226 1755 incitata
1259 1728 1308 1754 ex
1341 1714 1477 1754 omni-

136 1772 216 1813 bus
255 1771 357 1813 vicis
397 1772 579 1813 collecta
621 1786 839 1813 servorum
882 1772 935 1813 ab
974 1772 1054 1813 hoc
1095 1773 1230 1813 aedile
1271 1772 1475 1827 religioso

135 1832 309 1885 repente
351 1844 370 1871 c
411 1829 646 1871 fornicibus
693 1831 900 1884 ostiisque
945 1831 1145 1872 omnibus
1189 1831 1233 1871 in
1278 1845 1475 1872 scaenam

83 1897 119 1922 30
139 1889 262 1943 signo
295 1889 395 1929 dato
427 1888 604 1929 inmissa
635 1888 809 1942 inrupit.
871 1888 962 1929 Tua
993 1892 1102 1943 tum,
1139 1892 1233 1943 tua,
1266 1888 1339 1930 Cn.
1371 1889 1475 1930 Len-

135 1948 236 2001 11116,
269 1946 414 1988 eadem
446 1947 581 1987 virtus
613 1947 708 2012 fuit,
741 1962 847 2001 quae
879 1948 923 1988 in
954 1948 1122 2001 privato
1157 1947 1370 2002 quondam
1399 1950 1473 1989 tuo

134 2020 313 2060 proavo3
344 2008 404 2059 te,
435 2019 608 2058 nomen,
639 2005 884 2059 imperium,
915 2021 1075 2059 vocem,
1107 2007 1366 2060 adspectum,
1399 2006 1475 2047 im-

136 2066 283 2119 petum
307 2067 429 2105 11111111
456 2066 574 2104 stans
597 2067 769 2105 senatus
792 2065 1039 2119 equitesque
1059 2065 1243 2106 Romani
1265 2067 1307 2105 et
1328 2079 1473 2105 omnes

135 2122 238 2163 boni
270 2122 568 2177 sequebantur,
600 2137 694 2164 cum
727 2123 801 2164 ille
834 2137 1054 2165 servorum
1081 2123 1341 2164 eludentium
1369 2123 1474 2164 mul-

85 2190 118 2215 35
138 2180 313 2221 titudini
346 2182 542 2221 senatum
573 2181 860 2236 populumque
886 2181 1128 2223 Romanum
1159 2181 1348 2222 vinctum
1379 2181 1473 2235 ipso

139 2253 341 2280 consessu
379 2241 421 2280 61
459 2239 733 2280 constrictum
773 2241 1027 2294 spectaculis
1060 2244 1186 2294 atque
1219 2239 1472 2293 impeditum
1501 2244 1504 2245 ⁷

139 2297 267 2338 turba
299 2299 341 2337 et
373 2297 583 2352 angustiis
614 2297 871 2340 tradidisset.
926 2301 1006 2352 An,
1038 2299 1075 2339 si
1105 2298 1246 2340 ludius
1279 2298 1473 2339 constitit
1500 2307 1543 2338 23
