1687 2533
151 279 194 311 83

152 1019 208 1059 34

151 1071 196 1102 84

154 1749 198 1780 85

221 111 308 152 420
595 111 691 147 PRO
718 112 756 147 L.
784 110 969 146 FLACCO
997 111 1190 146 ORATIO.

223 210 269 249 ut
307 207 403 249 hoc⁴
428 208 522 249 veri
560 208 699 249 simile
733 211 798 249 est
838 207 972 259 [haud
1002 207 1094 248 veri
1126 206 1300 261 simile],
1332 206 1569 249 Decianum

222 282 247 308 a
284 266 438 308 Flacco
486 281 577 308 esse
622 269 890 320 corruptum,
934 267 996 307 ita
1043 266 1213 320 scitote,
1256 265 1433 320 iudices,
1476 280 1568 307 esse

222 328 383 379 cetera,
415 325 535 366 velut
567 325 681 380 quod
714 326 775 366 ait
804 324 1023 379 Lucceius,
1054 324 1100 366 L.
1119 323 1321 366 Flaccum
1352 324 1437 366 sibi
1468 324 1568 366 dare

221 385 406 439 cupisse,
449 386 498 425 ut
544 399 569 426 a
608 384 690 425 fide
733 399 777 425 se
818 385 1066 437 abduceret,
1112 384 1358 425 sestertium
1395 383 1568 425 viciens.

220 443 279 484 Et
317 458 411 484 eum
448 445 496 484 tu
535 457 709 484 accusas
749 443 975 496 avaritiae,
1014 457 1141 498 quem
1179 442 1283 484 dicis
1322 443 1568 484 sestertium

220 502 379 543 viciens
418 502 603 543 voluisse
641 501 845 556 perdere?
907 501 1022 543 Nam
1061 501 1162 556 quid
1189 501 1372 556 emebat,
1403 516 1500 543 cum
1526 503 1568 542 te

221 561 421 602 emebat?
467 563 515 601 ut
553 561 606 602 ad
646 575 690 601 se
728 561 964 602 transires?
1034 559 1172 609 Quam
1210 563 1379 615 partem
1416 574 1568 601 causae

220 619 301 660 tibi
335 619 561 661 daremus?
624 621 694 660 An
730 622 779 661 ut
818 619 1061 660 enuntiares
1094 619 1275 661 consilia
1306 618 1455 660 Laeli?
1496 618 1569 673 qui

221 681 355 719 testes
395 678 447 719 ab
488 693 536 720 eo
577 678 826 732 prodirent?
883 678 1023 727 Quid?
1057 693 1137 720 nos
1169 693 1255 719 non
1287 677 1566 719 videbamus?

221 736 433 777 Habitare
477 738 591 779 una?
655 735 757 786 Quis
797 738 878 779 hoc
915 737 1078 779 nescit?
1140 736 1328 778 Tabulas
1365 737 1411 777 in
1446 735 1569 778 Laeli

220 798 436 851 potestate
480 796 644 838 fuisse?
705 795 823 837 Num
866 796 1040 837 dubium
1086 796 1181 837 est?
1243 795 1314 836 An
1355 810 1409 837 ne
1445 795 1568 836 vehe-

222 857 399 907 menter,
425 870 477 895 ne
499 855 669 910 copiose
691 855 946 897 accusares?
991 854 1032 896 N
1038 870 1116 896 unc
1135 855 1241 896 facis
1264 854 1567 909 suspicionem3

220 913 283 954 ita
316 914 427 954 enim
461 914 620 969 dixisti,
651 916 701 955 ut
731 914 874 955 nescio
907 914 1008 968 quid
1039 929 1065 955 a
1095 916 1138 955 te
1169 913 1450 968 impetratum
1475 927 1568 954 esse

222 972 429 1013 videatur.

310 1032 370 1072 At
409 1032 521 1073 enim
554 1031 749 1073 Androni
781 1030 959 1073 Sextilio
993 1032 1137 1087 gravis
1170 1032 1325 1073 iniuria
1355 1031 1472 1072 facta
1503 1032 1569 1071 est

224 1092 266 1131 et
303 1105 392 1131 non
435 1091 627 1144 ferenda,
672 1091 801 1145 quod,
839 1105 935 1132 cum
973 1094 1086 1132 esset
1124 1090 1213 1131 eius
1251 1105 1358 1132 uxor
1393 1089 1569 1131 Valeria

223 1148 431 1191 intestato
464 1152 647 1203 mortua,
681 1149 739 1190 sic
772 1149 860 1203 egit
893 1164 986 1190 eam
1017 1164 1109 1190 rem
1138 1149 1328 1202 Flaccus,
1360 1148 1483 1203 quasi
1514 1147 1569 1189 ad

222 1207 363 1261 ipsum
395 1207 612 1249 hereditas
644 1207 990 1263 peitineret.1n
1023 1222 1104 1262 quo
1138 1208 1238 1261 quid
1269 1206 1568 1262 reprehendas,

224 1266 331 1307 scire
375 1267 513 1320 cupio.
587 1265 708 1315 Quod
750 1267 908 1308 falsum
952 1267 1213 1308 intenderit?
1287 1265 1368 1315 Qui
1412 1265 1567 1307 doces?

224 1324 461 1379 ‘Ingenua',
498 1325 657 1380 inquit,
695 1324 820 1367 ‘fuit'
893 1325 927 1367 O
966 1325 1153 1380 peritum
1189 1325 1295 1366 iuris
1331 1324 1566 1366 hominem!

224 1383 364 1432 Quid?
409 1384 462 1426 ab
506 1384 703 1439 ingenuis
748 1384 998 1426 mulieribus
1043 1384 1302 1426 hereditates
1346 1383 1442 1439 lege
1478 1397 1568 1424 non

222 1443 429 1484 veniunt?
468 1442 534 1484 ‘In
553 1442 756 1498 manum',
775 1443 928 1497 inquit,
948 1442 1247 1485 ‘convenerat'
1280 1442 1404 1484 Nunc
1423 1441 1568 1496 audio3

225 1502 298 1543 sed
339 1516 515 1557 quaero,
557 1517 637 1543 usu
682 1517 736 1544 an
779 1503 1075 1557 coemptione?
1146 1501 1238 1543 Usu
1281 1516 1367 1543 non
1406 1500 1567 1556 potuit3

224 1561 331 1602 nihil
382 1561 495 1602 enim
546 1563 693 1616 potest
743 1561 793 1602 de
836 1561 975 1602 tutela
1011 1560 1206 1615 legitima
1248 1560 1332 1601 nisi
1376 1560 1568 1601 omnium

223 1622 417 1661 tutorum
448 1620 704 1661 auctoritate
737 1619 934 1661 deminui.
991 1619 1300 1674 Co‘emptione?
1357 1618 1567 1660 Omnibus

225 1693 328 1733 ergo
368 1679 633 1731 auctoribus;
671 1679 715 1719 in
755 1679 909 1733 quibus
942 1681 1055 1720 certe
1087 1678 1287 1720 Flaccum
1318 1678 1450 1719 fuisse
1481 1691 1569 1718 non

226 1737 351 1778 dices.
413 1737 687 1792 Relinquitur
718 1737 837 1792 illud,
868 1738 980 1792 quod
1012 1737 1237 1779 vociferari
1269 1751 1357 1778 non
1388 1735 1567 1786 destitit,

223 1810 312 1837 non
337 1795 546 1850 debuisse,
572 1811 667 1838 cum
692 1799 866 1850 praetor
892 1799 1016 1849 esset,
1043 1811 1167 1837 suum
1191 1795 1413 1850 negotium
1439 1808 1567 1849 agere

225 1857 301 1896 aut
350 1854 611 1896 mentionem
660 1854 801 1896 facere
849 1855 1113 1896 hereditatis.
1185 1853 1396 1895 Maximas
1440 1852 1565 1894 audio

225 1912 323 1967 tibi,
360 1911 407 1953 L.
438 1911 631 1966 Luculle,
664 1914 737 1967 qui
769 1913 818 1954 de
849 1913 896 1954 L.
926 1913 1079 1955 Flacco
1113 1913 1368 1954 sententiam
1399 1912 1565 1953 laturus

225 1986 288 2025 es,
325 1985 403 2025 pro
442 1973 517 2012 tua
555 1972 710 2012 eximia
742 1972 1005 2013 liberalitate
1038 1972 1318 2027 maximisque
1349 1970 1566 2011 beneficiis

225 2031 270 2071 in
312 2032 411 2070 tuos
449 2029 615 2071 venisse
654 2031 936 2084 hereditates,
981 2045 1076 2072 cum
1113 2029 1262 2070 Asiam
1301 2030 1566 2084 provinciam

226 2088 443 2130 consulari
485 2088 666 2143 imperio
710 2090 936 2130 obtineres.
1004 2088 1049 2130 Si
1093 2088 1187 2142 quis
1225 2102 1296 2129 eas
1335 2102 1434 2129 suas
1472 2101 1565 2129 esse

227 2147 423 2201 dixisset,
461 2147 772 2188 concessisses?
835 2147 915 2200 Tu,
954 2147 1000 2188 Τ.
1031 2146 1170 2199 Vetti,
1202 2147 1239 2187 si
1272 2161 1378 2200 quae
1409 2146 1491 2187 tibi
1521 2147 1566 2187 in

227 2206 376 2247 Africa
413 2205 578 2247 venerit
615 2205 848 2260 hereditas,
885 2221 964 2248 usu
1002 2205 1173 2246 amittes
1207 2219 1262 2246 an
1293 2208 1415 2246 tuum
1445 2205 1564 2246 nulla
1585 2213 1599 2237 3

227 2264 408 2305 avaritia
446 2264 568 2305 salva
605 2263 815 2318 dignitate
854 2263 1086 2305 retinebis?
1149 2264 1208 2304 At
1244 2263 1370 2304 istius
1401 2263 1564 2304 heredi-

226 2322 330 2364 tatis
386 2322 473 2364 iam
523 2322 708 2364 Globulo
766 2326 961 2376 praetore
1009 2321 1153 2364 Flacci
1206 2322 1378 2363 nomine
1427 2321 1565 2376 petita

1587 453 1603 479 5

1589 747 1622 772 10

1589 1040 1621 1065 15

1588 1335 1621 1359 20

1587 1627 1621 1653 ‘25

1585 1920 1619 1945 30
