1619 2542
174 81 295 117 LVIII
586 81 867 117 ADNOTATIO
896 82 1094 117 CRITICA.

175 175 344 220 Zumptio
363 176 414 219 (v.
428 175 591 210 Richter.
612 189 646 221 p.
662 177 754 220 268).
772 196 813 200 —-
830 176 867 209 P.
883 180 962 210 224.
979 180 1020 210 17
1041 187 1084 211 ac
1097 187 1203 220 quam
1216 176 1339 210 multis
1351 176 1460 211 vider.
1475 177 1514 211 et

175 233 240 257 suo
254 222 403 257 nomine
418 226 455 257 et
467 226 620 267 propter
634 234 676 258 ac
689 224 848 267 suspect.
864 222 926 265 (ad
940 235 973 267 p.
988 226 1044 257 43.
1059 226 1134 266 25);
1149 222 1232 257 fort.
1248 233 1355 267 quam
1368 223 1513 258 multas

173 271 246 304 vid.
274 271 335 313 (ad
360 282 394 314 p.
423 274 589 313 22217).
612 290 654 295 —
674 270 713 303 P.
736 274 814 303 224.
830 274 874 303 20
901 280 979 313 sqq.
1000 271 1124 314 quovis
1148 281 1263 313 praes.
1291 289 1335 294 —
1361 270 1511 313 improb.

174 318 262 351 civis
274 320 433 351 tutatum
445 318 598 352 victoria
612 321 715 361 atque
729 317 850 360 Kays,
866 327 951 350 nam
965 318 1087 361 quovis
1101 316 1244 360 aliquot
1254 316 1346 360 ng.
1357 315 1512 350 ridicule

175 365 293 407 (cuius
317 363 426 406 Bait„
453 363 583 407 Klotz.,
610 365 739 408 quoius
764 362 908 397 EFSM
925 362 990 407 Lg.
1006 367 1025 397 9
1053 364 1091 397 et
1116 368 1170 406 13,
1196 374 1265 408 quo
1289 365 1349 397 ius
1368 364 1434 407 Lg.
1456 367 1510 406 39,

174 421 287 455 quous
312 411 365 456 P),
392 415 549 446 tutatum
573 411 725 445 victoria
750 410 816 453 Lg.
838 414 875 452 9,
903 411 1014 444 tutati
1036 421 1160 445 sumus
1185 411 1337 445 victoria
1357 409 1512 454 Zumpt„

173 457 343 492 Karsten.
370 457 444 491 Mn.
474 461 563 492 1878
589 470 623 502 p.
652 461 736 499 290,
772 456 835 490 Cn.
863 457 999 500 Pomp„
1020 458 1248 501 praesidium
1271 467 1374 500 saepe
1399 458 1452 491 rei
1473 468 1510 501 p.

174 515 201 540 c.
218 517 251 539 α.
265 505 298 540 h.
319 508 350 539 et
371 516 398 539 c.
419 506 444 539 i.
466 506 529 539 civ.
546 508 650 548 atque
663 506 839 546 victorem,
853 502 1054 538 Buechner.
1069 514 1191 548 progr.
1207 502 1404 537 Schwerin.
1422 507 1511 538 1866

173 563 208 596 p.
225 556 244 586 3
260 563 331 594 sq.3
352 563 384 585 v.
400 555 443 585 21
460 552 619 595 populus
633 551 735 585 Rom.
757 560 823 595 pro
838 552 1019 595 rempubl.
1034 554 1123 585 vett.
1139 551 1232 593 edd,
1249 549 1383 584 Baiter.
1399 549 1461 593 (ad
1475 561 1510 594 p.

176 602 254 633 186.
269 600 345 642 37);
378 611 410 633 v.
431 602 474 632 22
490 599 653 643 praemio
678 599 848 632 victoriae
873 597 1035 631 Richter.
1055 610 1091 642 p.
1112 602 1191 640 265,
1217 598 1384 632 victorem
1403 596 1510 631 codd.

174 644 294 688 EFG,
329 646 516 680 victoriam
541 645 579 678 P.
607 665 650 670 —
676 645 715 679 P.
742 648 822 678 224.
837 648 882 678 24
913 646 1108 689 depravari
1139 644 1262 678 Madv.
1288 643 1381 678 Adv.
1408 643 1442 677 II
1473 655 1508 688 p.

175 695 253 735 207,
281 693 480 727 delacerari
504 691 717 734 Buechner,
745 692 925 726 declarari
950 692 1054 726 codd.
1083 693 1120 726 et
1145 690 1228 725 edd.
1250 710 1291 715 —
1312 689 1350 724 P.
1371 694 1450 724 224.
1465 694 1509 724 25

173 740 211 774 vi
236 740 379 774 conlata
403 750 515 773 manu
541 738 634 773 coni.
655 737 816 773 Richter.
837 750 871 782 p.
893 742 972 782 263,
999 738 1103 773 codd.
1124 738 1188 772 EF
1207 739 1260 772 vel
1286 738 1380 772 laeta
1400 738 1510 781 (leta),

174 785 283 820 PSM
308 787 425 820 velata
450 797 573 820 manu.
602 806 646 811 —
671 786 710 820 P.
738 789 816 820 224.
832 790 875 820 33
902 796 1002 820 nemo
1028 787 1068 820 in
1092 796 1164 820 sen.
1190 784 1353 819 Richter.
1379 795 1415 828 p.
1442 787 1509 818 269

175 835 212 867 et
236 832 356 867 voluit
380 832 498 867 Klotz.
527 836 574 875 (v.
601 845 635 877 p.
662 832 775 875 LXX,
809 843 876 866 scr.
902 844 1002 868 ‘nemo
1026 834 1218 874 senatum),
1245 842 1319 866 non
1343 832 1385 866 in
1408 841 1510 866 sena-

174 883 249 914 tum
275 879 392 923 codd,
421 879 575 923 Zumpt„
601 879 724 924 Kays„
749 890 823 915 non
847 884 992 914 senatus
1016 879 1096 913 Nic.
1119 878 1263 923 Angel.,
1291 877 1385 912 Bait.
1405 897 1452 902 —
1470 877 1509 913 P.

174 930 289 961 2258
314 927 424 972 [mei]
448 926 569 971 Kays,
597 937 666 960 om.
693 926 773 961 cod.
800 927 864 970 Lg.
881 930 917 969 9,
951 927 1094 971 Zumpt.
1116 946 1158 951 —
1179 928 1217 959 P.
1245 928 1385 959 225.10
1410 925 1513 959 modo

173 975 206 1007 si
244 974 349 1007 codd.
381 973 499 1016 EFP,
537 975 639 1008 modo
676 978 716 1007 ut
750 973 976 1018 SMeng.,
1014 974 1149 1016 Klotz.,
1190 972 1349 1016 Zumpt.,
1388 970 1511 1016 Kays.,

174 1019 339 1054 Richter.
371 1032 406 1064 p.
439 1025 525 1063 269,
563 1021 666 1055 modo
697 1020 810 1062 Bait.;
850 1020 933 1055 fort.
967 1021 1068 1055 modo
1099 1021 1178 1054 vita
1208 1019 1426 1064 suppeditet3
1464 1017 1510 1052 cf.

173 1067 276 1101 Brut.
303 1071 358 1102 27.
381 1071 458 1110 105,
486 1071 541 1101 32.
565 1071 631 1101 124
657 1077 722 1110 ex„
750 1072 804 1102 70.
826 1071 904 1110 245,
931 1066 1026 1101 Phil.
1046 1066 1097 1100 ΠΙ
1123 1070 1214 1101 6.15
1239 1077 1286 1101 m.
1309 1085 1351 1091 —
1371 1066 1411 1100 Ρ.
1432 1068 1512 1099 225.

177 1118 218 1148 11
258 1115 405 1149 summis
435 1114 454 1134 ‘¹‘
480 1114 498 1134 ³²
536 1115 581 1149 ab
618 1115 769 1149 istorum
801 1115 824 1159 †
851 1115 1027 1159 periculis
1057 1114 1186 1157 Kays„
1219 1113 1396 1158 periculis
1427 1112 1510 1146 add.

174 1161 279 1195 codd.
305 1161 398 1205 ng.
413 1165 445 1204 3,
473 1165 504 1203 9,
536 1162 569 1196 si
595 1172 741 1205 possum
773 1162 817 1196 ab
843 1163 994 1196 istorum
1017 1172 1063 1196 sc.
1091 1160 1209 1195 Klotz.
1236 1170 1354 1203 neque
1379 1157 1511 1193 melius

176 1207 339 1242 Richter.
365 1220 400 1252 p.
427 1212 494 1242 263
522 1219 574 1251 sq.
603 1209 763 1251 (summis
794 1209 912 1243 adhuc
941 1209 1113 1252 periculis
1138 1227 1181 1232 —
1208 1207 1366 1250 defendi)
1392 1216 1509 1249 neque

174 1254 375 1289 Buechner.
402 1265 524 1299 progr.
547 1254 744 1289 Schwerin.
774 1258 861 1289 1866
887 1267 922 1299 p.
945 1259 964 1289 6
990 1265 1108 1298 neque
1136 1253 1302 1288 Karsten.
1324 1253 1398 1287 Mn.
1421 1256 1511 1288 1878

174 1313 209 1346 p.
237 1305 315 1335 304.
365 1301 459 1335 Mihi
495 1301 571 1335 tale
603 1301 692 1345 quid
726 1301 931 1335 desiderari
963 1301 1124 1335 videtur:
1162 1302 1310 1335 summis
1337 1300 1512 1344 periculis

175 1350 310 1383 obicere
341 1350 435 1383 malo
466 1360 573 1393 quam
604 1359 679 1383 non
708 1360 781 1383 ‘rem
806 1360 844 1392 p.
873 1350 917 1383 ab
950 1350 1006 1383 ist.
1034 1350 1113 1382 aut:
1145 1359 1252 1392 quam
1283 1357 1344 1391 eyo
1377 1357 1456 1380 sum
1479 1347 1512 1380 is

177 1407 242 1430 cos.
265 1397 328 1440 qui
352 1397 494 1430 miliens
516 1396 740 1440 profundere
764 1397 887 1430 malim
911 1407 1019 1440 quam
1043 1405 1117 1429 non
1142 1406 1214 1429 rem
1233 1405 1273 1438 p.
1299 1413 1345 1418 -
1370 1392 1408 1427 P.
1430 1396 1510 1427 225.

177 1447 219 1476 12
249 1444 443 1487 profiteor?
483 1462 526 1467 —
563 1443 602 1477 P.
635 1446 779 1477 225.13
817 1444 1050 1487 diliyencique
1081 1441 1158 1475 cod.
1194 1442 1314 1485 Lg.9,
1353 1439 1508 1484 Zumpt„

174 1488 308 1533 Kays.;
335 1489 382 1523 ad
406 1501 441 1533 p.
469 1493 523 1524 39.
539 1493 570 1524 4.
599 1509 642 1515 —
667 1489 706 1524 P.
735 1493 812 1524 225.
830 1494 871 1523 14
897 1489 977 1533 Eyo
1008 1499 1081 1523 non
1112 1499 1189 1523 sum
1214 1491 1247 1522 is
1272 1490 1378 1530 cos.?;
1412 1488 1510 1520 certe

175 1537 257 1580 Eyo
289 1538 322 1571 is
352 1538 476 1571 consul
505 1536 571 1570 ——.2
603 1537 790 1581 integrum
814 1547 887 1570 non
914 1536 1069 1570 videtur.
1096 1555 1139 1560 —
1165 1536 1204 1570 P.
1232 1538 1368 1568 225.15
1395 1535 1510 1568 tribu-

175 1595 275 1617 num
294 1584 346 1627 pl.
375 1583 454 1617 cod.
481 1582 523 1626 G,
549 1582 666 1627 Bait„
694 1589 737 1619 tr.
758 1585 811 1628 pl.
839 1583 917 1617 rell.
946 1583 1062 1625 codd,
1089 1583 1254 1617 tribunos
1268 1582 1321 1626 pl.
1348 1591 1441 1614 unus
1467 1579 1509 1623 E,

175 1629 305 1671 Klotz,
329 1630 438 1673 Kays.
465 1650 509 1655 —
535 1629 587 1664 Ib.
608 1633 828 1675 pertimese.
851 1630 930 1664 cod.
952 1630 1017 1674 Lg.
1033 1634 1064 1673 9,
1092 1628 1246 1673 Zumpt,
1274 1627 1384 1672 Kays.
1406 1647 1449 1652 —
1469 1627 1509 1661 P.

176 1680 313 1710 225.18
351 1678 444 1711 enim
481 1688 547 1721 pro
580 1689 659 1712 cum
691 1678 769 1712 cod.
797 1676 842 1720 G,
874 1676 970 1711 Bait.
1000 1697 1038 1701 —
1067 1676 1118 1710 lb.
1146 1679 1309 1711 armatus
1338 1675 1406 1709 sim
1439 1674 1508 1708 ins.

176 1724 332 1768 Zumpt„
355 1723 478 1767 Kays„
502 1723 664 1758 Richter.
688 1736 723 1769 p.
744 1728 813 1759 264
836 1735 855 1758 e
879 1724 957 1758 cod.
973 1724 1039 1768 Lg.
1055 1727 1086 1766 9,
1110 1723 1149 1757 in
1169 1733 1240 1766 quo
1262 1723 1328 1756 est.
1349 1724 1511 1755 armatus

175 1771 243 1805 sim
279 1772 470 1814 siynisque.
505 1790 548 1795 —
580 1770 617 1804 P.
652 1775 790 1806 225.19
823 1775 973 1806 ornatus
1005 1768 1312 1813 coddsMng„
1351 1766 1508 1811 Zumpt.,

175 1817 285 1861 Kays.
319 1819 501 1861 (ornatus,
540 1818 703 1862 imperio,
735 1822 861 1861 auca),
893 1821 1088 1853 exornatus
1118 1815 1199 1859 EF,
1233 1814 1327 1849 Bait.
1361 1816 1510 1856 (worm,

175 1866 281 1908 imp„
313 1865 442 1908 auct),
473 1863 591 1899 Klotz.
619 1867 753 1908 (exorre.
781 1867 866 1908 sim,
896 1868 1013 1899 vestra
1043 1865 1205 1906 auctor).
1233 1881 1276 1886 —
1301 1860 1340 1894 P.
1367 1864 1443 1895 225.
1465 1864 1509 1896 20

170 1922 275 1957 posse
306 1910 423 1953 codd,
451 1922 534 1945 cum
565 1922 672 1945 cruce
698 1912 824 1956 Kays.‚
853 1922 998 1956 possum
1023 1910 1182 1965 Zumpt,
1214 1919 1322 1952 porro
1348 1907 1509 1942 Richter.

175 1969 211 2003 p.
239 1962 323 2001 271,
363 1958 433 1992 del.
460 1957 603 2001 Lamb.,
635 1958 749 2001 Bait„
782 1958 936 2003 improb.
970 1956 1109 1999 omnia,
1142 1955 1225 1990 fort.
1259 1965 1427 1999 speroque
1457 1965 1511 1990 me

172 2016 276 2050 posse
300 2005 416 2047 vobis,
445 2005 561 2049 Quin,
588 2010 681 2040 auct.
709 2005 771 2048 (ad
796 2018 830 2050 p.
854 2009 931 2040 188.
947 2007 993 2049 9).
1020 2024 1062 2028 —
1089 2003 1139 2037 lb.
1161 2002 1389 2037 adiutoribus
1414 2000 1508 2036 coni.

178 2052 301 2086 Madv.
329 2052 420 2085 Adv.
447 2051 481 2085 Π
506 2064 541 2096 p.
569 2056 635 2086 207
662 2052 814 2096 probab.
842 2073 885 2078 -
911 2052 962 2086 Ib.
987 2051 1181 2085 hominum
1207 2048 1367 2093 Zumpt,
1398 2047 1510 2093 Kays.

178 2099 306 2133 dubito
345 2109 393 2132 an
424 2101 534 2133 recte.
567 2119 612 2124 -—
643 2100 681 2134 P.
709 2103 788 2134 225.
804 2104 847 2134 29
881 2099 1078 2134 libertatem
1108 2095 1233 2142 potius
1265 2106 1375 2138 quam
1408 2100 1510 2130 tran·

177 2147 390 2191 quillitatem
415 2145 518 2180 Rein.
545 2156 668 2191 progr.
694 2145 886 2180 Eisenach.
915 2148 1003 2179 1841
1030 2156 1065 2189 p.
1087 2148 1118 2178 3.
1140 2164 1182 2168 —
1203 2142 1241 2177 P.
1263 2146 1341 2177 225.
1357 2146 1401 2177 33
1428 2143 1510 2177 odio

177 2197 227 2227 est
252 2193 373 2228 Madv.
400 2193 534 2227 Phssol.
560 2193 595 2226 Π
618 2204 654 2237 p.
682 2197 759 2236 142,
785 2192 950 2236 Ussing,
983 2191 1096 2234 Bait„
1129 2190 1259 2234 Kays.,
1293 2190 1403 2224 ociosi
1434 2191 1508 2234 (ot.)

179 2240 295 2283 codd,
317 2240 435 2275 Klotz.
456 2260 501 2265 —
520 2239 573 2274 Ib.
587 2241 743 2285 quietiss.
765 2244 834 2284 atq.
850 2241 1000 2274 otiosiss.
1014 2238 1146 2280 Madv„
1168 2235 1289 2280 Kays,
1309 2238 1511 2279 fecissemus

179 2288 402 2331 (sucessimus
421 2287 463 2331 P)
483 2291 588 2332 atque
607 2288 690 2332 (om.
712 2286 782 2321 SM
797 2286 929 2330 6ng.)
949 2286 1184 2320 ociosissimos
1197 2285 1348 2329 (ociosos
1361 2282 1456 2318 EFP
1465 2283 1510 2327 G)
