1619 2542
575 95 676 132 CAP.
704 100 818 132 9—11
845 101 863 139 5
889 100 1039 132 21—25.
1375 96 1460 138 309

115 207 242 248 opere
269 192 469 246 dilexisti,
494 193 762 247 praeclarum
789 192 949 247 aliquid
975 206 1067 234 esse
1088 192 1309 234 arbitrere.
1347 191 1460 233 Aliis

116 266 196 308 ego
236 254 279 292 te
318 251 573 305 virtutibus,
617 251 927 305 continentiae,
971 251 1219 308 gravitatis,
1257 251 1461 305 iustitiae,

113 310 224 364 fidei,
251 310 402 352 ceteris
431 310 641 364 omnibus,
668 310 892 352 consulatu
913 312 956 352 et
976 310 1093 352 omni
1111 310 1273 352 honore
1294 324 1461 365 semper

116 369 416 425 dignissimum
448 368 650 422 iudicavi3
684 369 797 423 quod
823 368 992 423 quidem
1017 368 1083 410 ius
1110 369 1235 411 civile
1262 368 1463 418 didicisti,

78 438 95 465 5
113 442 201 470 non
232 427 371 469 dicam
402 441 578 482 operam
609 427 843 481 perdidisti,
877 428 949 469 sed
980 427 1088 468 illud
1114 427 1264 482 dicam,
1294 428 1460 469 nullam

117 501 209 529 esse
246 487 291 527 in
326 486 412 527 ista
443 486 670 540 disciplina
701 487 913 528 munitam
946 486 999 528 ad
1031 487 1302 528 consulatum
1333 486 1460 528 viam.

116 545 273 587 Omnes
307 544 420 586 enim
454 547 587 599 artes,
620 559 728 599 quae
759 545 886 587 nobis
918 545 1068 599 populi
1098 545 1285 587 Romani
1317 545 1460 587 studia

114 603 362 658 concilient,
407 605 450 645 et
492 603 790 645 admirabilem
835 604 1089 659 dignitatem
1131 607 1172 645 et
1209 607 1457 660 pergratam

114 662 348 704 utilitatem
382 661 537 704 debent
567 662 737 705 habere.
788 660 966 704 Summa
999 663 1188 718 dignitas
1222 665 1289 704 est
1320 663 1365 704 in
1396 663 1461 717 iis,

61 732 96 757 10
116 721 189 775 qui
219 720 399 762 militari
429 721 555 763 laude
587 721 872 775 antecellunt3
904 722 1050 763 omnia
1075 721 1199 775 enim,
1226 736 1334 776 quae
1361 724 1461 763 sunt

114 781 159 821 in
190 780 372 835 imperio
405 782 448 821 et
479 780 525 821 in
557 782 674 822 statu
707 780 907 833 civitatis,
940 780 993 821 ab
1025 780 1093 822 his
1126 780 1297 822 defendi
1323 782 1365 822 et
1390 781 1460 821 fir-

114 839 224 880 mari
250 840 476 892 putantur3
509 853 679 880 summa
704 839 834 880 etiam
860 839 1042 892 utilitas,
1076 839 1285 893 siquidem
1312 853 1461 880 eorum

115 897 295 939 consilio
329 899 372 938 et
396 898 586 952 periculo
614 912 710 940 cum
736 912 780 939 re
806 898 991 952 publica,
1023 901 1116 939 tum
1143 898 1274 939 etiam
1300 898 1460 939 nostris

114 957 242 997 rebus
292 955 455 1010 perfrui
497 971 737 1010 possumus.
812 955 966 998 Gravis
1012 957 1143 998 etiam
1188 957 1265 998 illa
1308 960 1374 998 est
1418 959 1462 997 et

62 1025 95 1051 15
116 1015 243 1069 plena
281 1014 506 1070 dignitatis
547 1015 748 1067 [dicendi]
780 1014 984 1069 facultas,
1023 1030 1131 1070 quae
1159 1030 1289 1069 ‚saepe
1320 1015 1460 1057 valuit

114 1074 158 1114 in
189 1073 365 1116 consule
396 1073 634 1129 deligendo,
664 1088 790 1129 posse
817 1074 996 1116 consilio
1030 1076 1157 1129 atque
1190 1073 1384 1115 oratione
1416 1076 1460 1115 et

115 1135 288 1173 senatus
322 1134 365 1173 et
394 1133 545 1187 populi
577 1136 620 1174 et
651 1147 816 1186 eorum,
849 1133 921 1187 qui
952 1147 1019 1174 res
1051 1133 1259 1187 iudicant,
1292 1135 1458 1174 mentes

114 1204 375 1244 permovere.
438 1190 667 1240 Quaeritur
706 1192 870 1246 consul,
909 1191 982 1245 qui
1014 1191 1190 1234 dicendo
1222 1206 1310 1233 non
1339 1206 1459 1232 num-

116 1264 244 1304 quam
282 1249 540 1304 comprimat
576 1250 830 1292 tribunicios
868 1250 1053 1303 furores,
1091 1250 1165 1305 qui
1197 1250 1460 1291 concitatum

61 1318 95 1343 20
115 1308 321 1363 populum
352 1308 514 1362 flectat,
546 1309 620 1363 qui
650 1308 876 1364 largitioni
906 1309 1095 1350 resistat.
1159 1307 1260 1349 Non
1292 1308 1461 1362 mirum,

116 1367 151 1407 si
189 1367 243 1407 ob
282 1366 393 1408 hanc
430 1366 681 1408 facultatem
717 1367 911 1408 homines
951 1380 1076 1420 saepe
1109 1367 1240 1407 etiam
1270 1380 1358 1407 non
1388 1380 1461 1407 no-

115 1424 224 1466 biles
257 1425 529 1466 consulatum
562 1425 778 1467 consecuti
811 1427 922 1479 sunt,
952 1424 1209 1479 praesertim
1236 1438 1331 1465 cum
1356 1424 1462 1466 haec

117 1483 264 1525 eadem
313 1497 381 1524 res
430 1483 638 1537 plurimas
691 1483 874 1539 gratias,
921 1483 1192 1524 firmissimas
1239 1482 1461 1537 amicitias,

117 1542 305 1582 maxima
344 1541 486 1582 studia
523 1542 677 1596 pariat.
740 1541 932 1591 Quorum
968 1541 1015 1582 in
1050 1541 1136 1583 isto
1175 1544 1319 1583 vestro
1360 1541 1460 1582 arti-

64 1610 97 1636 25
116 1600 226 1654 ficio,
258 1598 431 1654 Sulpici,
461 1599 570 1641 nihil
597 1602 674 1641 est.
717 1600 912 1641 Primum
938 1600 1129 1655 dignitas
1155 1600 1200 1641 in
1225 1602 1316 1641 tam
1342 1600 1461 1642 tenui

119 1658 297 1701 scientia
328 1673 415 1699 non
446 1661 591 1712 potest
623 1673 732 1712 esse,
765 1673 832 1699 res
860 1658 972 1699 enim
998 1661 1099 1699 sunt
1124 1673 1295 1713 parvae,
1326 1673 1460 1714 prope

117 1718 161 1759 in
200 1717 381 1772 singulis
420 1717 578 1758 litteris
618 1719 746 1772 atque
783 1717 1201 1770 interpunctionibus
1233 1717 1461 1759 verborum

120 1780 360 1831 occupatae.
404 1775 579 1830 Deinde,
612 1775 782 1817 etiamsi
814 1775 915 1830 quid
941 1776 1052 1830 apud
1077 1775 1261 1817 maiores
1286 1778 1461 1818 nostros

118 1834 202 1875 fuit
238 1834 283 1875 in
322 1834 407 1875 isto
442 1834 582 1876 studio
616 1833 930 1888 admirationis,
965 1834 1009 1875 id
1041 1834 1274 1876 enuntiatis
1306 1837 1460 1876 vestris

65 1902 101 1928 30
121 1892 339 1946 mysteriis
372 1895 513 1934 totum
546 1895 612 1934 est
643 1895 934 1947 contemptum
966 1895 1010 1933 et
1041 1893 1265 1935 abiectum.
1307 1893 1462 1935 Posset

121 1950 191 2004 agi
222 1950 317 2006 lege
348 1965 499 2005 necne,
529 1951 655 2006 pauci
688 1951 900 2006 quondam
933 1951 1142 2006 sciebant3
1180 1951 1315 1993 fastos
1348 1952 1462 1993 enim

119 2008 250 2063 vulgo
293 2023 380 2050 non
416 2009 645 2052 habebant.
705 2008 844 2051 Erant
874 2009 919 2051 in
950 2023 1109 2063 magna
1139 2010 1351 2065 potentia,
1389 2010 1462 2064 qui

122 2067 472 2122 consulebantur,
506 2083 531 2109 a
562 2068 716 2123 quibus
743 2068 874 2109 etiam
906 2067 994 2109 dies
1025 2071 1250 2124 tamquam
1282 2084 1307 2110 a
1338 2066 1462 2110 Chal-

123 2125 238 2166 daeis
285 2126 523 2179 petebatur.
596 2126 799 2167 Inventus
850 2129 914 2167 est
958 2127 1098 2169 scriba
1142 2127 1333 2182 quidam,
1385 2125 1461 2167 Cn.

69 2194 102 2220 35
121 2182 314 2238 Flavius,
357 2185 428 2239 qui
474 2185 690 2226 cornicum
735 2184 881 2226 oculos
925 2186 1148 2227 confixerit
1192 2188 1234 2227 et
1278 2185 1460 2240 singulis

122 2242 270 2283 diebus
303 2241 535 2284 ediscendis
560 2243 697 2285 fastos
723 2243 883 2298 populo
909 2244 1181 2298 proposuerit
1207 2246 1249 2284 et
1276 2243 1328 2285 ab
1354 2243 1460 2298 ipsis

123 2300 262 2355 capsis
288 2300 393 2342 iuris
420 2303 709 2343 consultorum
736 2302 989 2355 sapientiam
1015 2302 1270 2358 compilarit.
1308 2300 1461 2355 Itaque

1478 637 1529 677 11

1486 687 1533 720 24

1486 1610 1531 1643 25
