1619 2542
559 97 663 133 CAP.
687 101 778 132 2-6
804 101 823 140 ἓ
849 101 975 133 5-14,
1417 99 1443 139 ἵ)

101 210 313 237 summam
332 209 422 236 rem
443 193 660 248 publicam
679 194 893 249 pertinere
913 193 1141 247 videretur,
1161 193 1216 236 M.
1228 193 1445 248 Lucullus,

101 254 173 308 qui
212 268 380 295 summa
418 254 636 307 aequitate
674 255 717 294 et
755 252 967 307 sapientia
1004 252 1069 294 ius
1109 252 1234 307 dixit,
1278 254 1442 308 primus

99 313 181 354 hoc
212 312 414 354 iudicium
446 312 688 367 composuit
720 315 763 353 et
792 312 837 353 id
869 311 1092 366 spectavit,
1123 316 1172 353 ut
1203 326 1350 353 omnes
1382 313 1445 354 ita

99 371 289 414 familias
310 385 406 412 suas
427 370 708 425 continerent,
739 373 788 412 ut
806 385 892 412 non
914 371 1040 412 modo
1061 371 1218 412 armati
1239 371 1441 413 damnum

64 430 258 472 5nemini
295 430 462 483 darent,
499 444 649 471 verum
687 429 818 471 etiam
858 428 1048 471 lacessiti
1086 429 1178 471 iure
1219 444 1264 471 se
1295 430 1441 485 potius

102 504 228 543 quam
272 490 402 530 armis
447 487 742 542 defenderent3
792 491 835 530 et
879 503 974 530 cum
1018 488 1146 529 sciret
1190 488 1241 530 de
1286 489 1441 531 damno
1468 490 1489 521 9

100 548 240 603 legem
266 561 357 589 esse
384 547 616 601 Aquiliam,
642 549 788 588 tamen
813 546 894 589 hoc
919 547 981 588 ita
1007 546 1302 601 existumavit,
1329 548 1444 603 apud

100 607 282 647 maiores
322 609 494 647 nostros
535 620 630 648 eum
673 609 716 647 et
755 619 823 647 res
865 608 908 647 et
952 605 1210 661 cupiditates
1256 606 1443 649 minores

100 667 242 707 essent
279 667 322 706 et
357 664 550 706 familiae
580 678 667 705 non
698 678 882 720 magnae
915 678 1071 718 magno
1105 667 1223 707 metu
1255 666 1445 708 contine—

49 738 81 763 ιο
99 727 264 777 rentur,
302 726 350 765 ut
381 738 556 779 perraro
588 723 725 775 fieret,
765 727 814 764 ut
845 722 973 765 homo
1006 723 1286 776 occideretur,
1318 724 1444 779 idque

98 783 308 824 nefarium
347 797 396 825 ac
434 782 652 837 singulare
688 781 856 824 facinus
894 784 1136 836 putaretur,
1179 783 1290 824 nihil
1334 798 1442 838 opus

99 841 230 884 fuisse
281 840 435 884 iudicio
486 842 537 882 de
580 841 623 883 vi
668 840 827 883 coactis
873 841 1135 896 armatisque
1178 841 1443 895 hominibus3

100 900 211 955 quod
243 900 356 941 enim
387 914 466 942 usu
498 914 585 941 non
616 899 827 954 veniebat,
859 900 909 941 de
942 913 990 941 eo
1017 900 1054 941 si
1080 900 1175 954 quis
1202 901 1343 956 legem
1370 905 1445 943 aut

99 959 300 1001 iudicium
345 958 643 1012 constitueret,
692 973 778 1000 non
821 960 912 1000 tam
956 958 1185 1013 prohibere
1229 959 1444 1002 videretur
1469 994 1486 1002 -

48 1032 81 1057 15
100 1033 226 1073 quam
266 1017 505 1060 admonere.
566 1017 646 1058 His
685 1017 952 1071 temporibus
985 1031 1081 1059 cum
1108 1032 1158 1059 ex
1200 1018 1315 1059 bello
1355 1018 1444 1059 diu·
1466 1007 1515 1077 {130

100 1080 226 1119 turno
260 1080 389 1132 atque
427 1076 660 1118 domestico
693 1091 761 1117 res
793 1076 837 1117 in
870 1091 962 1117 eam
995 1077 1345 1119 consuetudinem
1377 1092 1444 1118 ve-

99 1136 250 1187 nisset,
287 1140 337 1178 ut
374 1135 569 1177 homines
601 1135 764 1177 minore
796 1135 1006 1191 religione
1042 1135 1171 1176 armis
1210 1138 1445 1191 uterentur,

100 1208 271 1237 necesse
309 1195 480 1249 putavit
517 1208 609 1236 esse
648 1197 691 1235 et
727 1194 772 1235 in
809 1194 1054 1235 universam
1090 1193 1303 1248 familiam
1342 1195 1445 1236 iudi-

101 1254 211 1295 cium
245 1253 363 1308 dare,
396 1253 509 1307 quod
541 1268 566 1294 a
596 1252 764 1294 familia
794 1253 956 1294 factum
990 1252 1218 1307 diceretur,
1257 1256 1299 1294 et
1330 1268 1444 1296 recu-

48 1325 82 1351 20
102 1316 320 1366 peratores
360 1312 479 1366 dare,
515 1314 565 1353 ut
597 1326 724 1366 quam
761 1312 948 1366 primum
983 1325 1050 1352 res
1088 1311 1365 1363 iudicaretur,
1404 1316 1445 1353 et
1473 1313 1514 1344 11

100 1385 281 1425 poenam
322 1370 563 1425 graviorem
596 1371 875 1424 constituere,
913 1373 962 1410 ut
999 1372 1115 1411 metu
1149 1372 1444 1425 comprimere-

99 1434 170 1470 tur
213 1429 406 1483 audacia,
445 1432 488 1470 et
524 1429 645 1470 illam
677 1429 888 1470 latebram
920 1428 1091 1469 tollere:
1131 1428 1345 1471 eDAMNUM
1381 1442 1446 1470 IN-

101 1486 256 1529 IURIA'.
318 1486 439 1535 Quod
470 1488 515 1529 in
562 1487 658 1529 aliis
703 1487 842 1529 causis
882 1487 1009 1528 debet
1045 1487 1187 1528 valere
1232 1490 1274 1529 et
1318 1488 1516 1533 valettll)

102 1546 198 1601 lege
233 1546 422 1599 Aquilia,
459 1546 502 1587 id
534 1560 584 1587 ex
622 1546 748 1586 huius
787 1545 902 1586 modi
941 1545 1115 1599 damno,
1153 1545 1267 1599 quod
1297 1547 1340 1588 vi
1371 1561 1447 1601 per

49 1617 82 1643 25
103 1619 247 1646 servos
282 1607 471 1645 armatos
505 1604 651 1645 datum
684 1606 796 1645 esset
830 1637 837 1644 .
870 1636 878 1643 .
912 1636 920 1644 .

191 1663 372 1716 [Desunt
402 1666 548 1716 sepiem
580 1663 766 1704 versiculi
797 1665 1005 1704 temeram
1042 1663 1241 1704 denarum
1275 1664 1359 1716 fere

644 1721 902 1773 litterarum]

102 1781 186 1835 ipsi
225 1783 482 1832 statuerent,
521 1794 604 1834 quo
642 1782 835 1834 tempore
873 1782 1050 1833 possent
1088 1795 1164 1822 suo
1202 1781 1294 1823 iure
1326 1796 1446 1824 arma
1474 1794 1516 1825 12

104 1853 270 1893 capere,
299 1854 472 1880 manum
505 1852 674 1894 cogere,
706 1838 900 1880 homines
934 1839 1134 1881 occidere.
1198 1838 1307 1881 Cum
1339 1840 1445 1882 iudi-

104 1898 215 1939 cium
255 1898 316 1939 ita
357 1898 494 1950 daret,
538 1901 587 1939 ut
627 1897 708 1939 hoc
753 1896 891 1938 solum
934 1897 978 1938 in
1021 1897 1224 1939 iudicium
1269 1899 1446 1952 veniret,

103 1956 370 1997 videreturne
407 1957 450 1998 vi
486 1956 732 1998 hominibus
771 1955 930 1997 coactis
971 1957 1202 1998 armatisve
1245 1957 1445 1999 damnum

50 2026 84 2051 30
105 2015 200 2056 dolo
222 2015 336 2056 malo
356 2015 547 2056 familiae
569 2015 726 2068 datum,
748 2028 884 2069 neque
903 2014 1012 2056 illud
1032 2015 1206 2056 adderet
1228 2015 1446 2070 ‘INIUR1A',

102 2073 271 2128 putavit
296 2087 340 2115 se
367 2073 585 2115 audaciam
612 2073 906 2128 improborum
934 2074 1172 2128 sustulisse,
1202 2089 1297 2115 cum
1324 2088 1445 2129 spem

104 2131 360 2173 defensionis
392 2132 556 2173 nullam
588 2132 845 2186 reliquisset.
1472 2166 1497 2203 6

192 2188 420 2244 Quoniam,
459 2190 571 2245 quod
602 2190 804 2232 iudicium
837 2192 880 2231 et
912 2205 994 2245 quo
1028 2191 1206 2232 consilio
1240 2191 1446 2232 constitu·
1473 2217 1515 2247 13

102 2251 195 2289 tum
239 2248 312 2300 sit,
356 2249 594 2304 cognostis,
636 2263 749 2290 nunc
788 2263 878 2290 rem
917 2249 1075 2304 ipsam,
1119 2253 1167 2290 ut
1212 2252 1334 2304 gesta
1378 2249 1446 2303 sit,
1534 2303 1538 2305 ,

52 2316 84 2342 35
105 2306 202 2348 dum
250 2307 437 2348 breviter
480 2307 604 2349 vobis
649 2307 913 2354 demonstro,
964 2307 1183 2349 attendite.
1250 2307 1444 2349 Fundum
1473 2319 1516 2350 14
