<?xml version="1.0" encoding="UTF-8"?>
<!DOCTYPE html PUBLIC "-//W3C//DTD XHTML 1.0 Transitional//EN"
    "http://www.w3.org/TR/xhtml1/DTD/xhtml1-transitional.dtd">
<html xmlns="http://www.w3.org/1999/xhtml" xml:lang="en" lang="en">
 <head>
  <title>
</title>
<meta http-equiv="Content-Type" content="text/html;charset=utf-8" />
  <meta name='ocr-system' content='tesseract 3.04.00' />
  <meta name='ocr-capabilities' content='ocr_page ocr_carea ocr_par ocr_line ocrx_word'/>
</head>
<body>
  <div class='ocr_page' id='page_1' title='image "./p2scriptaquaemanse02ciceuoft_0226.png"; bbox 0 0 1619 2542; ppageno 0'>
   <div class='ocr_carea' id='block_1_1' title="bbox 499 591 1154 640">
    <p class='ocr_par' dir='ltr' id='par_1_1' title="bbox 499 591 1154 640">
     <span class='ocr_line' id='line_1_1' title="bbox 499 591 1154 640; baseline 0 -1"><span class='ocrx_word' id='word_1_1' title='bbox 499 593 560 639; x_wconf 89' lang='lat' dir='ltr'>M.</span> <span class='ocrx_word' id='word_1_2' title='bbox 602 592 789 639; x_wconf 87' lang='lat' dir='ltr'>TULLI</span> <span class='ocrx_word' id='word_1_3' title='bbox 828 591 1154 640; x_wconf 82' lang='lat' dir='ltr'>CICERONIS</span> 
     </span>
    </p>
   </div>
   <div class='ocr_carea' id='block_1_2' title="bbox 161 701 1496 850">
    <p class='ocr_par' dir='ltr' id='par_1_2' title="bbox 161 701 1496 850">
     <span class='ocr_line' id='line_1_2' title="bbox 161 701 1496 768; baseline 0 -10"><span class='ocrx_word' id='word_1_4' title='bbox 161 701 253 759; x_wconf 87' lang='lat' dir='ltr'>DE</span> <span class='ocrx_word' id='word_1_5' title='bbox 284 701 576 756; x_wconf 82' lang='lat' dir='ltr'>IMPERIO</span> <span class='ocrx_word' id='word_1_6' title='bbox 617 701 718 756; x_wconf 91' lang='lat' dir='ltr'>CN.</span> <span class='ocrx_word' id='word_1_7' title='bbox 753 701 1014 756; x_wconf 81' lang='lat' dir='ltr'>POMPEI</span> <span class='ocrx_word' id='word_1_8' title='bbox 1046 701 1142 756; x_wconf 84' lang='lat' dir='ltr'>AD</span> <span class='ocrx_word' id='word_1_9' title='bbox 1175 701 1496 768; x_wconf 82' lang='lat' dir='ltr'>QUIRITES</span> 
     </span>
     <span class='ocr_line' id='line_1_3' title="bbox 696 794 966 850; baseline 0.007 -2"><span class='ocrx_word' id='word_1_10' title='bbox 696 794 966 850; x_wconf 83' lang='lat' dir='ltr'>ORATIO.</span> 
     </span>
    </p>
   </div>
   <div class='ocr_carea' id='block_1_3' title="bbox 618 976 1045 1020">
    <p class='ocr_par' dir='ltr' id='par_1_3' title="bbox 618 976 1045 1020">
     <span class='ocr_line' id='line_1_4' title="bbox 618 976 1045 1020; baseline 0.002 -2"><span class='ocrx_word' id='word_1_11' title='bbox 618 976 903 1019; x_wconf 88' lang='lat' dir='ltr'>ARGUMEN</span> <span class='ocrx_word' id='word_1_12' title='bbox 908 977 1045 1020; x_wconf 90' lang='lat' dir='ltr'>TUM.</span> 
     </span>
    </p>
   </div>
   <div class='ocr_carea' id='block_1_4' title="bbox 157 1056 1497 2131">
    <p class='ocr_par' dir='ltr' id='par_1_4' title="bbox 157 1056 1497 2131">
     <span class='ocr_line' id='line_1_5' title="bbox 253 1056 1494 1100; baseline 0.001 -8"><span class='ocrx_word' id='word_1_13' title='bbox 253 1058 344 1093; x_wconf 90' lang='lat' dir='ltr'>Cum</span> <span class='ocrx_word' id='word_1_14' title='bbox 369 1057 408 1091; x_wconf 94' lang='lat' dir='ltr'>L.</span> <span class='ocrx_word' id='word_1_15' title='bbox 433 1056 622 1100; x_wconf 82' lang='lat' dir='ltr'>Lucullus,</span> <span class='ocrx_word' id='word_1_16' title='bbox 656 1057 719 1100; x_wconf 89' lang='lat' dir='ltr'>qui</span> <span class='ocrx_word' id='word_1_17' title='bbox 743 1057 884 1092; x_wconf 88' lang='lat' dir='ltr'>bellum</span> <span class='ocrx_word' id='word_1_18' title='bbox 920 1057 1094 1092; x_wconf 83' lang='lat' dir='ltr'>adversus</span> <span class='ocrx_word' id='word_1_19' title='bbox 1127 1057 1384 1093; x_wconf 68' lang='lat' dir='ltr'>Mithridatem</span> <span class='ocrx_word' id='word_1_20' title='bbox 1414 1059 1494 1093; x_wconf 83' lang='lat' dir='ltr'>Ma-</span> 
     </span>
     <span class='ocr_line' id='line_1_6' title="bbox 158 1103 1496 1150; baseline 0.001 -12"><span class='ocrx_word' id='word_1_21' title='bbox 158 1115 288 1147; x_wconf 75' lang='lat' dir='ltr'>gnum,</span> <span class='ocrx_word' id='word_1_22' title='bbox 316 1103 427 1139; x_wconf 91' lang='lat' dir='ltr'>Ponti</span> <span class='ocrx_word' id='word_1_23' title='bbox 453 1115 588 1148; x_wconf 85' lang='lat' dir='ltr'>regem,</span> <span class='ocrx_word' id='word_1_24' title='bbox 615 1106 757 1148; x_wconf 84' lang='lat' dir='ltr'>septem</span> <span class='ocrx_word' id='word_1_25' title='bbox 783 1115 899 1139; x_wconf 89' lang='lat' dir='ltr'>annos</span> <span class='ocrx_word' id='word_1_26' title='bbox 924 1105 1043 1149; x_wconf 89' lang='lat' dir='ltr'>primo</span> <span class='ocrx_word' id='word_1_27' title='bbox 1070 1104 1273 1147; x_wconf 86' lang='lat' dir='ltr'>consulari,</span> <span class='ocrx_word' id='word_1_28' title='bbox 1303 1105 1389 1140; x_wconf 89' lang='lat' dir='ltr'>dein</span> <span class='ocrx_word' id='word_1_29' title='bbox 1413 1116 1496 1150; x_wconf 85' lang='lat' dir='ltr'>pro—</span> 
     </span>
     <span class='ocr_line' id='line_1_7' title="bbox 160 1150 1494 1195; baseline 0.001 -10"><span class='ocrx_word' id='word_1_30' title='bbox 160 1151 343 1186; x_wconf 79' lang='lat' dir='ltr'>consulari</span> <span class='ocrx_word' id='word_1_31' title='bbox 369 1150 524 1195; x_wconf 88' lang='lat' dir='ltr'>imperio</span> <span class='ocrx_word' id='word_1_32' title='bbox 552 1150 887 1191; x_wconf 73' lang='lat' dir='ltr'>administraverat,</span> <span class='ocrx_word' id='word_1_33' title='bbox 914 1162 946 1186; x_wconf 91' lang='lat' dir='ltr'>a.</span> <span class='ocrx_word' id='word_1_34' title='bbox 972 1163 1006 1185; x_wconf 93' lang='lat' dir='ltr'>u.</span> <span class='ocrx_word' id='word_1_35' title='bbox 1034 1162 1063 1186; x_wconf 81' lang='lat' dir='ltr'>c,</span> <span class='ocrx_word' id='word_1_36' title='bbox 1091 1156 1157 1187; x_wconf 84' lang='grc'>687</span> <span class='ocrx_word' id='word_1_37' title='bbox 1185 1163 1208 1186; x_wconf 89' lang='lat' dir='ltr'>a</span> <span class='ocrx_word' id='word_1_38' title='bbox 1233 1155 1365 1187; x_wconf 89' lang='lat' dir='ltr'>senatu</span> <span class='ocrx_word' id='word_1_39' title='bbox 1390 1162 1494 1187; x_wconf 81' lang='lat' dir='ltr'>revo-</span> 
     </span>
     <span class='ocr_line' id='line_1_8' title="bbox 160 1197 1493 1243; baseline 0.001 -11"><span class='ocrx_word' id='word_1_40' title='bbox 160 1200 264 1232; x_wconf 84' lang='lat' dir='ltr'>catus</span> <span class='ocrx_word' id='word_1_41' title='bbox 285 1199 384 1233; x_wconf 85' lang='lat' dir='ltr'>esset</span> <span class='ocrx_word' id='word_1_42' title='bbox 403 1198 509 1241; x_wconf 90' lang='lat' dir='ltr'>eique</span> <span class='ocrx_word' id='word_1_43' title='bbox 529 1197 587 1231; x_wconf 87' lang='grc' dir='ltr'>Μ’.</span> <span class='ocrx_word' id='word_1_44' title='bbox 609 1197 749 1232; x_wconf 86' lang='lat' dir='ltr'>Acilius</span> <span class='ocrx_word' id='word_1_45' title='bbox 769 1197 932 1241; x_wconf 85' lang='lat' dir='ltr'>Glabrio,</span> <span class='ocrx_word' id='word_1_46' title='bbox 959 1198 1068 1233; x_wconf 89' lang='lat' dir='ltr'>homo</span> <span class='ocrx_word' id='word_1_47' title='bbox 1094 1198 1211 1233; x_wconf 85' lang='lat' dir='ltr'>tantis</span> <span class='ocrx_word' id='word_1_48' title='bbox 1231 1199 1339 1233; x_wconf 90' lang='lat' dir='ltr'>rebus</span> <span class='ocrx_word' id='word_1_49' title='bbox 1364 1198 1493 1243; x_wconf 86' lang='lat' dir='ltr'>impar,</span> 
     </span>
     <span class='ocr_line' id='line_1_9' title="bbox 160 1244 1495 1290; baseline 0.001 -11"><span class='ocrx_word' id='word_1_50' title='bbox 160 1244 414 1287; x_wconf 83' lang='lat' dir='ltr'>successisset,</span> <span class='ocrx_word' id='word_1_51' title='bbox 453 1245 665 1288; x_wconf 83' lang='lat' dir='ltr'>insequenti</span> <span class='ocrx_word' id='word_1_52' title='bbox 697 1255 792 1279; x_wconf 86' lang='lat' dir='ltr'>anno</span> <span class='ocrx_word' id='word_1_53' title='bbox 824 1245 871 1279; x_wconf 87' lang='lat' dir='ltr'>M.</span> <span class='ocrx_word' id='word_1_54' title='bbox 897 1244 1055 1280; x_wconf 89' lang='lat' dir='ltr'>Aemilio</span> <span class='ocrx_word' id='word_1_55' title='bbox 1087 1245 1227 1290; x_wconf 89' lang='lat' dir='ltr'>Lepido</span> <span class='ocrx_word' id='word_1_56' title='bbox 1259 1246 1296 1280; x_wconf 93' lang='lat' dir='ltr'>L.</span> <span class='ocrx_word' id='word_1_57' title='bbox 1324 1245 1495 1281; x_wconf 87' lang='lat' dir='ltr'>Volcatio</span> 
     </span>
     <span class='ocr_line' id='line_1_10' title="bbox 159 1291 1496 1336; baseline 0.001 -10"><span class='ocrx_word' id='word_1_58' title='bbox 159 1291 266 1326; x_wconf 90' lang='lat' dir='ltr'>Tullo</span> <span class='ocrx_word' id='word_1_59' title='bbox 294 1302 442 1326; x_wconf 75' lang='lat' dir='ltr'>cossa</span> <span class='ocrx_word' id='word_1_60' title='bbox 469 1302 503 1325; x_wconf 92' lang='lat' dir='ltr'>u</span> <span class='ocrx_word' id='word_1_61' title='bbox 530 1302 558 1326; x_wconf 86' lang='lat' dir='ltr'>e.</span> <span class='ocrx_word' id='word_1_62' title='bbox 587 1294 655 1326; x_wconf 82' lang='lat'>688</span> <span class='ocrx_word' id='word_1_63' title='bbox 683 1291 719 1327; x_wconf 92' lang='lat' dir='ltr'>C</span> <span class='ocrx_word' id='word_1_64' title='bbox 746 1291 919 1326; x_wconf 84' lang='lat' dir='ltr'>Manilius</span> <span class='ocrx_word' id='word_1_65' title='bbox 955 1291 1124 1326; x_wconf 87' lang='lat' dir='ltr'>tribunus</span> <span class='ocrx_word' id='word_1_66' title='bbox 1149 1291 1269 1336; x_wconf 89' lang='lat' dir='ltr'>plebis</span> <span class='ocrx_word' id='word_1_67' title='bbox 1300 1292 1423 1336; x_wconf 86' lang='lat' dir='ltr'>legem</span> <span class='ocrx_word' id='word_1_68' title='bbox 1447 1292 1496 1327; x_wconf 84' lang='lat' dir='ltr'>ad</span> 
     </span>
     <span class='ocr_line' id='line_1_11' title="bbox 159 1337 1495 1384; baseline 0.001 -11"><span class='ocrx_word' id='word_1_69' title='bbox 159 1338 336 1383; x_wconf 89' lang='lat' dir='ltr'>populum</span> <span class='ocrx_word' id='word_1_70' title='bbox 363 1337 468 1380; x_wconf 89' lang='lat' dir='ltr'>tulit,</span> <span class='ocrx_word' id='word_1_71' title='bbox 499 1338 555 1372; x_wconf 90' lang='lat' dir='ltr'>uti</span> <span class='ocrx_word' id='word_1_72' title='bbox 581 1338 659 1372; x_wconf 88' lang='lat' dir='ltr'>eius</span> <span class='ocrx_word' id='word_1_73' title='bbox 693 1338 780 1372; x_wconf 88' lang='lat' dir='ltr'>belli</span> <span class='ocrx_word' id='word_1_74' title='bbox 813 1338 1086 1373; x_wconf 86' lang='lat' dir='ltr'>administratio</span> <span class='ocrx_word' id='word_1_75' title='bbox 1119 1338 1181 1373; x_wconf 90' lang='lat' dir='ltr'>Cn.</span> <span class='ocrx_word' id='word_1_76' title='bbox 1207 1337 1400 1384; x_wconf 91' lang='lat' dir='ltr'>Pompeio,</span> <span class='ocrx_word' id='word_1_77' title='bbox 1434 1340 1495 1384; x_wconf 89' lang='lat' dir='ltr'>qui</span> 
     </span>
     <span class='ocr_line' id='line_1_12' title="bbox 158 1384 1497 1430; baseline 0.001 -11"><span class='ocrx_word' id='word_1_78' title='bbox 158 1387 238 1419; x_wconf 86' lang='lat' dir='ltr'>tum</span> <span class='ocrx_word' id='word_1_79' title='bbox 269 1385 408 1420; x_wconf 89' lang='lat' dir='ltr'>bellum</span> <span class='ocrx_word' id='word_1_80' title='bbox 439 1385 666 1419; x_wconf 88' lang='lat' dir='ltr'>maritimum</span> <span class='ocrx_word' id='word_1_81' title='bbox 701 1387 831 1420; x_wconf 89' lang='lat' dir='ltr'>contra</span> <span class='ocrx_word' id='word_1_82' title='bbox 861 1384 1014 1420; x_wconf 83' lang='lat' dir='ltr'>Ciliciae</span> <span class='ocrx_word' id='word_1_83' title='bbox 1047 1386 1188 1430; x_wconf 85' lang='lat' dir='ltr'>piratas</span> <span class='ocrx_word' id='word_1_84' title='bbox 1222 1385 1305 1429; x_wconf 84' lang='lat' dir='ltr'>lege</span> <span class='ocrx_word' id='word_1_85' title='bbox 1336 1385 1497 1421; x_wconf 86' lang='lat' dir='ltr'>Gabinia</span> 
     </span>
     <span class='ocr_line' id='line_1_13' title="bbox 159 1431 1497 1483; baseline 0.001 -17"><span class='ocrx_word' id='word_1_86' title='bbox 159 1442 256 1467; x_wconf 90' lang='lat' dir='ltr'>anno</span> <span class='ocrx_word' id='word_1_87' title='bbox 289 1431 478 1477; x_wconf 85' lang='lat' dir='ltr'>superiore</span> <span class='ocrx_word' id='word_1_88' title='bbox 505 1431 768 1466; x_wconf 88' lang='lat' dir='ltr'>demandatum</span> <span class='ocrx_word' id='word_1_89' title='bbox 800 1432 1024 1483; x_wconf 79' lang='lat' dir='ltr'>confecerat,</span> <span class='ocrx_word' id='word_1_90' title='bbox 1056 1433 1358 1468; x_wconf 83' lang='lat' dir='ltr'>committeretur.</span> <span class='ocrx_word' id='word_1_91' title='bbox 1416 1431 1497 1474; x_wconf 89' lang='lat' dir='ltr'>Qua</span> 
     </span>
     <span class='ocr_line' id='line_1_14' title="bbox 158 1478 1495 1524; baseline 0 -10"><span class='ocrx_word' id='word_1_92' title='bbox 158 1479 242 1523; x_wconf 85' lang='lat' dir='ltr'>lege</span> <span class='ocrx_word' id='word_1_93' title='bbox 274 1489 357 1513; x_wconf 90' lang='lat' dir='ltr'>cum</span> <span class='ocrx_word' id='word_1_94' title='bbox 387 1489 463 1514; x_wconf 89' lang='lat' dir='ltr'>non</span> <span class='ocrx_word' id='word_1_95' title='bbox 489 1479 606 1513; x_wconf 90' lang='lat' dir='ltr'>solum</span> <span class='ocrx_word' id='word_1_96' title='bbox 633 1479 724 1513; x_wconf 89' lang='lat' dir='ltr'>Asia</span> <span class='ocrx_word' id='word_1_97' title='bbox 754 1478 960 1524; x_wconf 86' lang='lat' dir='ltr'>provincia,</span> <span class='ocrx_word' id='word_1_98' title='bbox 988 1479 1045 1514; x_wconf 84' lang='lat' dir='ltr'>cui</span> <span class='ocrx_word' id='word_1_99' title='bbox 1070 1479 1241 1513; x_wconf 88' lang='lat' dir='ltr'>Lucullus</span> <span class='ocrx_word' id='word_1_100' title='bbox 1273 1479 1495 1524; x_wconf 82' lang='lat' dir='ltr'>praefuerat,</span> 
     </span>
     <span class='ocr_line' id='line_1_15' title="bbox 159 1524 1496 1570; baseline 0 -9"><span class='ocrx_word' id='word_1_101' title='bbox 159 1528 198 1561; x_wconf 85' lang='lat' dir='ltr'>et</span> <span class='ocrx_word' id='word_1_102' title='bbox 231 1536 339 1561; x_wconf 90' lang='lat' dir='ltr'>omne</span> <span class='ocrx_word' id='word_1_103' title='bbox 374 1525 452 1560; x_wconf 89' lang='lat' dir='ltr'>eius</span> <span class='ocrx_word' id='word_1_104' title='bbox 487 1525 680 1570; x_wconf 83' lang='lat' dir='ltr'>imperium</span> <span class='ocrx_word' id='word_1_105' title='bbox 716 1524 777 1562; x_wconf 89' lang='lat' dir='ltr'>Cn.</span> <span class='ocrx_word' id='word_1_106' title='bbox 813 1525 987 1570; x_wconf 88' lang='lat' dir='ltr'>Pompeio</span> <span class='ocrx_word' id='word_1_107' title='bbox 1023 1526 1333 1568; x_wconf 83' lang='lat' dir='ltr'>committeretur,</span> <span class='ocrx_word' id='word_1_108' title='bbox 1369 1537 1496 1562; x_wconf 89' lang='lat' dir='ltr'>verum</span> 
     </span>
     <span class='ocr_line' id='line_1_16' title="bbox 159 1572 1494 1617; baseline 0.001 -10"><span class='ocrx_word' id='word_1_109' title='bbox 159 1573 273 1607; x_wconf 88' lang='lat' dir='ltr'>etiam</span> <span class='ocrx_word' id='word_1_110' title='bbox 297 1572 492 1617; x_wconf 77' lang='lat' dir='ltr'>Bithynia,</span> <span class='ocrx_word' id='word_1_111' title='bbox 530 1573 588 1607; x_wconf 89' lang='lat' dir='ltr'>cui</span> <span class='ocrx_word' id='word_1_112' title='bbox 613 1572 765 1608; x_wconf 87' lang='lat' dir='ltr'>Glabrio</span> <span class='ocrx_word' id='word_1_113' title='bbox 797 1575 983 1617; x_wconf 85' lang='lat' dir='ltr'>praeerat,</span> <span class='ocrx_word' id='word_1_114' title='bbox 1020 1573 1150 1608; x_wconf 90' lang='lat' dir='ltr'>classis</span> <span class='ocrx_word' id='word_1_115' title='bbox 1181 1574 1271 1608; x_wconf 88' lang='lat' dir='ltr'>item</span> <span class='ocrx_word' id='word_1_116' title='bbox 1305 1575 1344 1608; x_wconf 88' lang='lat' dir='ltr'>et</span> <span class='ocrx_word' id='word_1_117' title='bbox 1368 1584 1494 1608; x_wconf 89' lang='lat' dir='ltr'>omnes</span> 
     </span>
     <span class='ocr_line' id='line_1_17' title="bbox 159 1619 1494 1664; baseline 0.001 -10"><span class='ocrx_word' id='word_1_118' title='bbox 159 1620 290 1664; x_wconf 83' lang='lat' dir='ltr'>copiae</span> <span class='ocrx_word' id='word_1_119' title='bbox 315 1619 535 1662; x_wconf 86' lang='lat' dir='ltr'>maritimae,</span> <span class='ocrx_word' id='word_1_120' title='bbox 562 1631 653 1663; x_wconf 89' lang='lat' dir='ltr'>quas</span> <span class='ocrx_word' id='word_1_121' title='bbox 678 1619 836 1664; x_wconf 86' lang='lat' dir='ltr'>piratico</span> <span class='ocrx_word' id='word_1_122' title='bbox 863 1620 961 1655; x_wconf 89' lang='lat' dir='ltr'>bello</span> <span class='ocrx_word' id='word_1_123' title='bbox 987 1619 1063 1654; x_wconf 89' lang='lat' dir='ltr'>iam</span> <span class='ocrx_word' id='word_1_124' title='bbox 1088 1620 1310 1661; x_wconf 87' lang='lat' dir='ltr'>obtinuerat,</span> <span class='ocrx_word' id='word_1_125' title='bbox 1340 1619 1494 1655; x_wconf 86' lang='lat' dir='ltr'>multae-</span> 
     </span>
     <span class='ocr_line' id='line_1_18' title="bbox 160 1666 1494 1711; baseline 0.001 -11"><span class='ocrx_word' id='word_1_126' title='bbox 160 1677 230 1710; x_wconf 90' lang='lat' dir='ltr'>que</span> <span class='ocrx_word' id='word_1_127' title='bbox 260 1668 455 1711; x_wconf 87' lang='lat' dir='ltr'>praeterea</span> <span class='ocrx_word' id='word_1_128' title='bbox 484 1666 714 1711; x_wconf 88' lang='lat' dir='ltr'>provinciae,</span> <span class='ocrx_word' id='word_1_129' title='bbox 751 1677 843 1710; x_wconf 86' lang='lat' dir='ltr'>quae</span> <span class='ocrx_word' id='word_1_130' title='bbox 875 1666 959 1711; x_wconf 85' lang='lat' dir='ltr'>lege</span> <span class='ocrx_word' id='word_1_131' title='bbox 986 1666 1146 1701; x_wconf 86' lang='lat' dir='ltr'>Gabinia</span> <span class='ocrx_word' id='word_1_132' title='bbox 1175 1666 1351 1711; x_wconf 85' lang='lat' dir='ltr'>Pompeio</span> <span class='ocrx_word' id='word_1_133' title='bbox 1383 1666 1494 1702; x_wconf 87' lang='lat' dir='ltr'>datae</span> 
     </span>
     <span class='ocr_line' id='line_1_19' title="bbox 157 1712 1492 1758; baseline 0 -11"><span class='ocrx_word' id='word_1_134' title='bbox 157 1724 233 1748; x_wconf 89' lang='lat' dir='ltr'>non</span> <span class='ocrx_word' id='word_1_135' title='bbox 252 1712 475 1756; x_wconf 85' lang='lat' dir='ltr'>viderentur,</span> <span class='ocrx_word' id='word_1_136' title='bbox 496 1714 668 1758; x_wconf 85' lang='lat' dir='ltr'>Phrygia,</span> <span class='ocrx_word' id='word_1_137' title='bbox 688 1713 884 1757; x_wconf 65' lang='lat' dir='ltr'>Lycaonia,</span> <span class='ocrx_word' id='word_1_138' title='bbox 906 1713 1065 1756; x_wconf 74' lang='lat' dir='ltr'>Galatia,</span> <span class='ocrx_word' id='word_1_139' title='bbox 1086 1713 1331 1758; x_wconf 86' lang='lat' dir='ltr'>Cappadocia,</span> <span class='ocrx_word' id='word_1_140' title='bbox 1353 1712 1492 1756; x_wconf 86' lang='lat' dir='ltr'>Cilicia,</span> 
     </span>
     <span class='ocr_line' id='line_1_20' title="bbox 162 1758 1493 1805; baseline 0.001 -12"><span class='ocrx_word' id='word_1_141' title='bbox 162 1758 319 1802; x_wconf 85' lang='lat' dir='ltr'>Colchis,</span> <span class='ocrx_word' id='word_1_142' title='bbox 346 1761 535 1802; x_wconf 89' lang='lat' dir='ltr'>Armenia,</span> <span class='ocrx_word' id='word_1_143' title='bbox 562 1761 640 1795; x_wconf 88' lang='lat' dir='ltr'>eius</span> <span class='ocrx_word' id='word_1_144' title='bbox 664 1761 846 1804; x_wconf 88' lang='lat' dir='ltr'>potestati</span> <span class='ocrx_word' id='word_1_145' title='bbox 870 1761 1188 1805; x_wconf 83' lang='lat' dir='ltr'>permitterentur,</span> <span class='ocrx_word' id='word_1_146' title='bbox 1215 1761 1412 1804; x_wconf 87' lang='lat' dir='ltr'>optimates</span> <span class='ocrx_word' id='word_1_147' title='bbox 1437 1759 1493 1794; x_wconf 89' lang='lat' dir='ltr'>ni-</span> 
     </span>
     <span class='ocr_line' id='line_1_21' title="bbox 159 1805 1494 1852; baseline 0.001 -12"><span class='ocrx_word' id='word_1_148' title='bbox 159 1807 228 1841; x_wconf 88' lang='lat' dir='ltr'>mis</span> <span class='ocrx_word' id='word_1_149' title='bbox 249 1805 377 1850; x_wconf 85' lang='lat' dir='ltr'>augeri</span> <span class='ocrx_word' id='word_1_150' title='bbox 397 1817 484 1851; x_wconf 88' lang='lat' dir='ltr'>opes</span> <span class='ocrx_word' id='word_1_151' title='bbox 506 1808 544 1841; x_wconf 90' lang='lat' dir='ltr'>et</span> <span class='ocrx_word' id='word_1_152' title='bbox 562 1807 769 1851; x_wconf 88' lang='lat' dir='ltr'>potentiam</span> <span class='ocrx_word' id='word_1_153' title='bbox 790 1806 897 1841; x_wconf 85' lang='lat' dir='ltr'>unius</span> <span class='ocrx_word' id='word_1_154' title='bbox 919 1808 980 1842; x_wconf 89' lang='lat' dir='ltr'>Cn.</span> <span class='ocrx_word' id='word_1_155' title='bbox 1001 1806 1154 1852; x_wconf 89' lang='lat' dir='ltr'>Pompei</span> <span class='ocrx_word' id='word_1_156' title='bbox 1179 1807 1251 1841; x_wconf 89' lang='lat' dir='ltr'>rati</span> <span class='ocrx_word' id='word_1_157' title='bbox 1270 1816 1352 1840; x_wconf 85' lang='lat' dir='ltr'>eam</span> <span class='ocrx_word' id='word_1_158' title='bbox 1371 1806 1494 1851; x_wconf 88' lang='lat' dir='ltr'>legem</span> 
     </span>
     <span class='ocr_line' id='line_1_22' title="bbox 159 1853 1493 1898; baseline 0 -11"><span class='ocrx_word' id='word_1_159' title='bbox 159 1853 427 1898; x_wconf 87' lang='lat' dir='ltr'>oppugnabant</span> <span class='ocrx_word' id='word_1_160' title='bbox 457 1864 655 1897; x_wconf 90' lang='lat' dir='ltr'>eorumque</span> <span class='ocrx_word' id='word_1_161' title='bbox 689 1854 838 1889; x_wconf 88' lang='lat' dir='ltr'>nomine</span> <span class='ocrx_word' id='word_1_162' title='bbox 872 1853 912 1895; x_wconf 88' lang='lat' dir='ltr'>Q.</span> <span class='ocrx_word' id='word_1_163' title='bbox 947 1853 1098 1888; x_wconf 89' lang='lat' dir='ltr'>Catulus</span> <span class='ocrx_word' id='word_1_164' title='bbox 1129 1855 1168 1888; x_wconf 89' lang='lat' dir='ltr'>et</span> <span class='ocrx_word' id='word_1_165' title='bbox 1200 1853 1239 1895; x_wconf 87' lang='lat' dir='ltr'>Q.</span> <span class='ocrx_word' id='word_1_166' title='bbox 1274 1853 1493 1888; x_wconf 83' lang='lat' dir='ltr'>Hortensius</span> 
     </span>
     <span class='ocr_line' id='line_1_23' title="bbox 158 1899 1495 1944; baseline 0 -10"><span class='ocrx_word' id='word_1_167' title='bbox 158 1901 391 1944; x_wconf 85' lang='lat' dir='ltr'>rogationem</span> <span class='ocrx_word' id='word_1_168' title='bbox 423 1900 460 1935; x_wconf 88' lang='lat' dir='ltr'>C.</span> <span class='ocrx_word' id='word_1_169' title='bbox 486 1900 616 1934; x_wconf 86' lang='lat' dir='ltr'>Manili</span> <span class='ocrx_word' id='word_1_170' title='bbox 647 1900 909 1935; x_wconf 86' lang='lat' dir='ltr'>dissuaserant.</span> <span class='ocrx_word' id='word_1_171' title='bbox 967 1900 1206 1935; x_wconf 85' lang='lat' dir='ltr'>Adiuvabant</span> <span class='ocrx_word' id='word_1_172' title='bbox 1233 1901 1359 1934; x_wconf 85' lang='lat' dir='ltr'>tamen</span> <span class='ocrx_word' id='word_1_173' title='bbox 1384 1899 1495 1934; x_wconf 90' lang='lat' dir='ltr'>multi</span> 
     </span>
     <span class='ocr_line' id='line_1_24' title="bbox 159 1927 1492 1990; baseline 0.001 -9"><span class='ocrx_word' id='word_1_174' title='bbox 159 1946 195 1981; x_wconf 90' lang='lat' dir='ltr'>C.</span> <span class='ocrx_word' id='word_1_175' title='bbox 202 1927 410 1980; x_wconf 63' lang='lat' dir='ltr'>²³Manilium</span> <span class='ocrx_word' id='word_1_176' title='bbox 433 1948 655 1982; x_wconf 81' lang='lat' dir='ltr'>auctoritate</span> <span class='ocrx_word' id='word_1_177' title='bbox 683 1947 795 1982; x_wconf 89' lang='lat' dir='ltr'>etiam</span> <span class='ocrx_word' id='word_1_178' title='bbox 815 1947 852 1982; x_wconf 92' lang='lat' dir='ltr'>C.</span> <span class='ocrx_word' id='word_1_179' title='bbox 875 1946 1051 1989; x_wconf 86' lang='lat' dir='ltr'>Caesaris,</span> <span class='ocrx_word' id='word_1_180' title='bbox 1078 1948 1264 1990; x_wconf 89' lang='lat' dir='ltr'>suasitque</span> <span class='ocrx_word' id='word_1_181' title='bbox 1284 1945 1330 1981; x_wconf 90' lang='grc' dir='ltr'>Μ</span> <span class='ocrx_word' id='word_1_182' title='bbox 1352 1946 1492 1990; x_wconf 89' lang='lat' dir='ltr'>Cicero,</span> 
     </span>
     <span class='ocr_line' id='line_1_25' title="bbox 160 1975 1493 2039; baseline 0.001 -12"><span class='ocrx_word' id='word_1_183' title='bbox 160 1993 223 2037; x_wconf 91' lang='lat' dir='ltr'>qui</span> <span class='ocrx_word' id='word_1_184' title='bbox 247 2003 290 2028; x_wconf 90' lang='lat' dir='ltr'>eo</span> <span class='ocrx_word' id='word_1_185' title='bbox 318 2003 413 2027; x_wconf 89' lang='lat' dir='ltr'>anno</span> <span class='ocrx_word' id='word_1_186' title='bbox 439 1995 588 2038; x_wconf 86' lang='lat' dir='ltr'>praetor</span> <span class='ocrx_word' id='word_1_187' title='bbox 608 1996 698 2036; x_wconf 88' lang='lat' dir='ltr'>erat,</span> <span class='ocrx_word' id='word_1_188' title='bbox 725 1995 794 2029; x_wconf 91' lang='lat' dir='ltr'>hac</span> <span class='ocrx_word' id='word_1_189' title='bbox 814 1995 895 2039; x_wconf 85' lang='lat' dir='ltr'>ipsa</span> <span class='ocrx_word' id='word_1_190' title='bbox 915 1994 1091 2036; x_wconf 85' lang='lat' dir='ltr'>oratione,</span> <span class='ocrx_word' id='word_1_191' title='bbox 1119 2004 1193 2037; x_wconf 90' lang='lat' dir='ltr'>qua</span> <span class='ocrx_word' id='word_1_192' title='bbox 1216 1993 1375 2037; x_wconf 88' lang='lat' dir='ltr'>primum</span> <span class='ocrx_word' id='word_1_193' title='bbox 1394 1975 1493 2039; x_wconf 58' lang='lat' dir='ltr'>apud</span> 
     </span>
     <span class='ocr_line' id='line_1_26' title="bbox 158 2039 1492 2085; baseline 0 -10"><span class='ocrx_word' id='word_1_194' title='bbox 158 2040 337 2085; x_wconf 89' lang='lat' dir='ltr'>populum</span> <span class='ocrx_word' id='word_1_195' title='bbox 363 2040 494 2082; x_wconf 85' lang='lat' dir='ltr'>oravit,</span> <span class='ocrx_word' id='word_1_196' title='bbox 520 2040 641 2084; x_wconf 84' lang='lat' dir='ltr'>legem</span> <span class='ocrx_word' id='word_1_197' title='bbox 667 2040 712 2074; x_wconf 86' lang='lat' dir='ltr'>de</span> <span class='ocrx_word' id='word_1_198' title='bbox 737 2040 891 2085; x_wconf 83' lang='lat' dir='ltr'>imperio</span> <span class='ocrx_word' id='word_1_199' title='bbox 915 2039 977 2074; x_wconf 89' lang='lat' dir='ltr'>Cn.</span> <span class='ocrx_word' id='word_1_200' title='bbox 997 2039 1152 2084; x_wconf 88' lang='lat' dir='ltr'>Pompei</span> <span class='ocrx_word' id='word_1_201' title='bbox 1175 2039 1409 2084; x_wconf 86' lang='lat' dir='ltr'>prorogando</span> <span class='ocrx_word' id='word_1_202' title='bbox 1436 2042 1492 2075; x_wconf 87' lang='lat' dir='ltr'>at-</span> 
     </span>
     <span class='ocr_line' id='line_1_27' title="bbox 159 2086 1245 2131; baseline 0 -11"><span class='ocrx_word' id='word_1_203' title='bbox 159 2097 228 2131; x_wconf 89' lang='lat' dir='ltr'>que</span> <span class='ocrx_word' id='word_1_204' title='bbox 255 2086 487 2131; x_wconf 84' lang='lat' dir='ltr'>adaugendo,</span> <span class='ocrx_word' id='word_1_205' title='bbox 513 2097 605 2130; x_wconf 88' lang='lat' dir='ltr'>quae</span> <span class='ocrx_word' id='word_1_206' title='bbox 631 2087 772 2121; x_wconf 87' lang='lat' dir='ltr'>cunctis</span> <span class='ocrx_word' id='word_1_207' title='bbox 799 2086 983 2131; x_wconf 84' lang='lat' dir='ltr'>suffragiis</span> <span class='ocrx_word' id='word_1_208' title='bbox 1007 2086 1155 2131; x_wconf 80' lang='lat' dir='ltr'>perlata</span> <span class='ocrx_word' id='word_1_209' title='bbox 1179 2088 1245 2121; x_wconf 90' lang='lat' dir='ltr'>est.</span> 
     </span>
    </p>
   </div>
   <div class='ocr_carea' id='block_1_5' title="bbox 686 2159 965 2164">
    <p class='ocr_par' dir='ltr' id='par_1_5' title="bbox 686 2159 965 2164">
     <span class='ocr_line' id='line_1_28' title="bbox 686 2159 965 2164; baseline 0 0"><span class='ocrx_word' id='word_1_210' title='bbox 686 2159 965 2164; x_wconf 95' lang='lat' dir='ltr'> </span> 
     </span>
    </p>
   </div>
   <div class='ocr_carea' id='block_1_6' title="bbox 114 2180 1493 2366">
    <p class='ocr_par' dir='ltr' id='par_1_6' title="bbox 114 2180 1493 2366">
     <span class='ocr_line' id='line_1_29' title="bbox 114 2180 1493 2261; baseline -0.001 -26"><span class='ocrx_word' id='word_1_211' title='bbox 114 2180 136 2261; x_wconf 51' lang='grc' dir='ltr'>ἒ</span> <span class='ocrx_word' id='word_1_212' title='bbox 248 2193 515 2248; x_wconf 84' lang='lat' dir='ltr'>Quamquam</span> <span class='ocrx_word' id='word_1_213' title='bbox 541 2194 647 2234; x_wconf 86' lang='lat' dir='ltr'>mihi</span> <span class='ocrx_word' id='word_1_214' title='bbox 667 2209 832 2249; x_wconf 87' lang='lat' dir='ltr'>semper</span> <span class='ocrx_word' id='word_1_215' title='bbox 853 2193 1052 2247; x_wconf 87' lang='lat' dir='ltr'>frequens</span> <span class='ocrx_word' id='word_1_216' title='bbox 1073 2196 1323 2247; x_wconf 87' lang='lat' dir='ltr'>conspectus</span> <span class='ocrx_word' id='word_1_217' title='bbox 1351 2196 1493 2235; x_wconf 86' lang='lat' dir='ltr'>vester</span> 
     </span>
     <span class='ocr_line' id='line_1_30' title="bbox 159 2251 1491 2294; baseline 0 -1"><span class='ocrx_word' id='word_1_218' title='bbox 159 2252 296 2294; x_wconf 91' lang='lat' dir='ltr'>multo</span> <span class='ocrx_word' id='word_1_219' title='bbox 337 2251 663 2294; x_wconf 88' lang='lat' dir='ltr'>iucundissimus</span> <span class='ocrx_word' id='word_1_220' title='bbox 725 2252 794 2294; x_wconf 85' lang='lat' dir='ltr'>hic</span> <span class='ocrx_word' id='word_1_221' title='bbox 838 2255 979 2294; x_wconf 89' lang='lat' dir='ltr'>autem</span> <span class='ocrx_word' id='word_1_222' title='bbox 1024 2252 1142 2293; x_wconf 77' lang='lat' dir='ltr'>locus</span> <span class='ocrx_word' id='word_1_223' title='bbox 1183 2252 1235 2293; x_wconf 86' lang='lat' dir='ltr'>ad</span> <span class='ocrx_word' id='word_1_224' title='bbox 1279 2267 1303 2294; x_wconf 89' lang='lat' dir='ltr'>a</span> <span class='ocrx_word' id='word_1_225' title='bbox 1337 2253 1491 2293; x_wconf 89' lang='lat' dir='ltr'>endum</span> 
     </span>
     <span class='ocr_line' id='line_1_31' title="bbox 160 2266 1492 2366; baseline -0.001 -14"><span class='ocrx_word' id='word_1_226' title='bbox 160 2311 462 2366; x_wconf 76' lang='lat' dir='ltr'>amplissimUS,</span> <span class='ocrx_word' id='word_1_227' title='bbox 494 2310 546 2351; x_wconf 86' lang='lat' dir='ltr'>ad</span> <span class='ocrx_word' id='word_1_228' title='bbox 573 2286 792 2351; x_wconf 75' lang='lat' dir='ltr'>dicendum</span> <span class='ocrx_word' id='word_1_229' title='bbox 821 2309 1117 2352; x_wconf 87' lang='lat' dir='ltr'>ornatissimus</span> <span class='ocrx_word' id='word_1_230' title='bbox 1145 2313 1210 2352; x_wconf 83' lang='lat' dir='ltr'>est</span> <span class='ocrx_word' id='word_1_231' title='bbox 1236 2266 1362 2364; x_wconf 54' lang='lat' dir='ltr'>visffs,</span> <span class='ocrx_word' id='word_1_232' title='bbox 1395 2309 1492 2359; x_wconf 89' lang='lat' dir='ltr'>Qui-</span> 
     </span>
    </p>
   </div>
  </div>
 </body>
</html>
