1619 2542
202 109 284 149 170
543 108 637 143 PRO
664 110 707 143 A.
735 108 973 143 CLUENTIO
1001 109 1189 145 ORATIO.

199 204 383 246 stionem
414 205 639 247 habuisses
671 204 844 258 Romae,
875 219 970 246 cum
1002 205 1052 246 de
1083 205 1129 246 T.
1161 204 1289 259 Anni,
1319 205 1365 247 L.
1391 206 1536 262 Rutili,

196 263 242 305 P.
282 262 441 317 Saturi,
485 266 724 305 ceterorum
769 263 1166 305 honestissimorum
1211 265 1400 306 virorum
1444 280 1535 307 sen-

197 322 335 363 tentia
359 323 641 364 constit-utum
668 324 781 363 esset
807 322 912 363 satis
943 322 1182 376 quaesitum
1209 322 1356 375 videri,
1388 324 1535 367 eadem

198 381 248 422 de
280 395 324 422 re
350 381 534 422 triennio
561 382 659 433 post
684 380 819 421 isdem
847 380 896 421 de
922 380 1167 421 hominibus
1194 382 1313 422 nullo
1342 381 1533 424 adhibito

196 453 282 480 non
315 439 452 480 dicam
480 439 582 492 viro,
615 453 668 479 ne
695 439 891 480 colonum
918 438 1030 480 forte
1057 439 1243 481 adfuisse
1269 439 1434 494 dicatis,
1461 441 1534 482 sed
1570 453 1586 479 5

198 498 311 539 bono
352 498 461 551 viro,
501 498 547 537 111
583 497 661 538 filii
702 500 830 552 caput
869 497 1160 552 quaestionem
1193 498 1350 539 habere
1382 502 1536 540 conata

130 565 193 597 183
210 557 282 597 es‘?
345 557 415 597 An
457 556 538 597 1100
582 556 722 597 dicitis
767 555 891 610 (mihi
935 556 1045 597 enim
1089 556 1208 598 venit
1249 556 1293 598 in
1337 562 1535 611 mentem,

199 615 299 669 quid
342 615 423 656 (1101
454 615 610 669 possit,
648 614 823 655 tametsi
856 615 991 656 adhuc
1021 629 1109 656 non
1140 629 1233 656 esse
1264 615 1345 657 1100
1376 615 1535 657 dictum

198 674 496 728 mementote),
538 688 632 714 011111
670 673 902 714 haberetur
935 673 984 714 de
1015 673 1131 715 furto
1165 674 1376 728 quaestio,
1417 672 1535 715 Stra-

197 735 342 773 tonem
381 732 544 786 aliquid
583 731 632 772 (16
669 746 830 773 veneno
873 746 964 773 esse
995 732 1266 774 confessum?
1326 732 1421 774 Hoc
1450 745 1588 774 1111010

197 790 340 845 modo,
378 790 556 843 iudices,
596 805 720 844 saepe
762 790 995 831 multorum
1026 790 1303 845 improbitate
1335 791 1536 846 depressa

197 849 355 890 veritas
395 850 576 903 emergit
607 852 649 890 et
680 849 948 890 innocentiae
980 848 1169 890 defensio
1206 849 1439 891 interclusa
1474 864 1536 891 re-

197 908 350 962 spirat,
383 908 496 962 quod
528 910 602 948 aut
632 907 680 960 ii,
713 908 786 961 qui
819 907 871 949 ad
902 907 1095 948 fraudem
1127 908 1271 950 callidi
1303 910 1417 962 sunt,
1448 922 1535 950 non

196 970 363 1007 tantum
402 966 575 1019 audent,
613 970 818 1020 quantum
861 966 1124 1021 excogitant,
1163 969 1237 1007 aut
1267 966 1315 1021 ii,
1354 981 1535 1021 quorum

197 1025 354 1066 eminet
387 1025 563 1066 audacia
594 1030 720 1078 atque
752 1025 942 1078 proiecta
967 1027 1044 1078 est,
1078 1040 1102 1066 a
1129 1025 1315 1066 consiliis
1343 1025 1534 1067 malitiae
1554 1037 1587 1063 15

197 1084 459 1126 deseruntur.
522 1082 681 1132 Quodsi
720 1086 795 1123 aut
833 1083 1047 1124 confidens
1081 1083 1242 1125 astutia
1274 1087 1348 1125 aut
1380 1083 1536 1125 callida

197 1145 310 1183 esset
335 1142 522 1195 audacia,
548 1142 618 1182 vix
646 1141 734 1182 ullo
761 1141 813 1182 iis
840 1142 994 1182 obsisti
1020 1142 1146 1183 modo
1173 1145 1332 1196 posset.
1377 1141 1533 1184 Utrum

194 1201 357 1241 furtum
389 1200 551 1241 factum
577 1214 662 1241 non
689 1200 783 1241 est?
827 1200 887 1240 At
912 1200 1020 1240 nihil
1047 1200 1201 1241 clarius
1228 1200 1376 1241 Larini
1403 1200 1533 1252 [suit]

194 1259 265 1300 An
302 1259 355 1300 ad
388 1258 633 1300 Stratonem
671 1258 855 1312 suspicio
894 1273 981 1299 11011
1018 1258 1256 1311 pertinuit?
1318 1259 1379 1299 At
1415 1258 1452 1299 is
1491 1261 1534 1299 et

196 1332 245 1358 ex
289 1318 450 1358 serrula
493 1317 766 1358 insimulatus
805 1320 848 1357 et
886 1332 911 1358 a
948 1331 1078 1370 puero
1119 1317 1287 1358 conscio
1327 1319 1392 1358 cst
1427 1317 1532 1358 111(11-
1553 1330 1588 1355 2⁰

195 1379 327 1417 catus.
389 1375 459 1417 An
502 1375 545 1416 id
588 1378 728 1416 actum
768 1390 853 1416 non
896 1378 960 1416 est
995 1375 1041 1416 in
1081 1375 1349 1429 quaerendo?
1417 1373 1533 1423 Quae

195 1434 277 1475 fuit
307 1434 442 1488 igitur
475 1434 559 1475 alia
591 1448 719 1475 causa
752 1433 1009 1488 quaerendi?
1070 1434 1160 1486 An,
1191 1434 1233 1474 id
1267 1434 1379 1488 quod
1410 1434 1532 1475 vobis

195 1493 418 1534 dicendum
450 1495 532 1546 est,
571 1495 612 1533 et
645 1492 757 1546 quod
788 1496 880 1533 tum
913 1491 1057 1533 Sassia
1082 1492 1316 1534 dictitavit:
1354 1506 1448 1533 cum
1482 1491 1533 1533 de

194 1551 310 1592 furto
344 1553 630 1605 quaereretur,
664 1554 756 1591 tum
790 1550 1033 1592 Stratonem
1067 1551 1201 1592 isdem
1228 1551 1271 1592 in
1304 1551 1532 1591 tormentis

128 1621 193 1652 184
208 1610 364 1651 dixisse
397 1610 446 1650 de
479 1609 674 1650 veneno?
713 1609 780 1650 En
810 1609 891 1650 1100
922 1608 1027 1650 11111(1
1054 1612 1129 1663 est,
1161 1609 1274 1663 quod
1301 1612 1398 1650 ante
1425 1608 1531 1649 dixi:
1551 1621 1586 1647 25

196 1668 350 1709 mulier
389 1668 579 1709 abundat
611 1667 805 1720 audacia,
847 1667 1026 1709 consilio
1060 1670 1102 1708 ct
1132 1667 1298 1708 ratione
1329 1667 1531 1708 deficitur.

195 1725 309 1767 Nam
359 1727 545 1768 tabellae
590 1725 853 1780 quaestionis
897 1725 1040 1780 plures
1084 1726 1375 1779 proferuntur,
1425 1738 1532 1778 quae

196 1784 401 1826 recitatae
433 1785 639 1838 vobisque
673 1785 810 1825 editae
843 1787 958 1837 sunt,
995 1784 1097 1825 illae
1128 1784 1264 1837 ipsae,
1304 1797 1408 1836 quas
1440 1787 1531 1823 tum

197 1843 448 1897 obsignatas
476 1857 567 1883 esse
594 1842 718 1896 dixit3
751 1843 794 1883 in
820 1842 973 1896 quibus
999 1842 1170 1882 tabellis
1197 1842 1248 1882 (16
1273 1841 1385 1882 furto
1411 1841 1531 1882 nulla

196 1901 344 1942 littera
374 1901 601 1941 invenitur.
649 1900 749 1942 Non
781 1902 899 1941 venit
928 1900 972 1940 in
1004 1902 1189 1941 mentem
1223 1900 1407 1954 primum
1440 1914 1529 1941 ora·
1550 1914 1584 1939 30

195 1960 357 2001 tionem
389 1957 604 1999 Stratonis
649 1958 913 2000 conscribere
956 1957 1006 1998 de
1043 1958 1176 2010 furto,
1219 1960 1318 2011 post
1358 1957 1531 2012 aliquod

196 2017 355 2058 dictum
388 2016 617 2071 adiungere
649 2017 699 2057 de
730 2031 909 2070 veneno,
949 2015 1060 2070 quod
1091 2030 1177 2057 non
1207 2017 1532 2070 percontatione

197 2075 456 2129 quaesitum,
508 2075 580 2115 sed
630 2089 705 2128 per
755 2075 943 2116 dolorem
994 2087 1237 2127 expressum
1288 2074 1530 2116 videretur?

196 2133 397 2182 Quaestio
436 2133 486 2174 de
523 2134 640 2174 furto
673 2136 754 2183 est,
793 2133 943 2174 veneni
976 2131 1062 2172 iam
1094 2132 1279 2187 suspicio
1312 2133 1529 2185 superiore

196 2193 446 2246 quaestione
490 2191 677 2244 sublata3
722 2191 835 2244 quod
876 2191 1015 2244 ipsum
1052 2190 1158 2231 haec
1196 2190 1342 2231 eadem
1380 2190 1531 2231 mulier
1548 2200 1581 2226 35

195 2251 415 2302 iudicarat,
447 2263 554 2303 quae
586 2251 633 2289 ut
660 2249 820 2290 Romae
853 2248 902 2289 de
935 2248 1166 2289 amicorum
1199 2248 1414 2290 sententia
1446 2252 1528 2289 sta-

195 2311 337 2350 tuerat
386 2310 492 2349 satis
543 2321 634 2348 esse
679 2307 937 2361 quaesitum,
985 2309 1138 2360 postea
1181 2321 1256 2361 per
1299 2306 1529 2348 triennium
