<?xml version="1.0" encoding="UTF-8"?>
<!DOCTYPE html PUBLIC "-//W3C//DTD XHTML 1.0 Transitional//EN"
    "http://www.w3.org/TR/xhtml1/DTD/xhtml1-transitional.dtd">
<html xmlns="http://www.w3.org/1999/xhtml" xml:lang="en" lang="en">
 <head>
  <title>
</title>
<meta http-equiv="Content-Type" content="text/html;charset=utf-8" />
  <meta name='ocr-system' content='tesseract 3.04.00' />
  <meta name='ocr-capabilities' content='ocr_page ocr_carea ocr_par ocr_line ocrx_word'/>
</head>
<body>
  <div class='ocr_page' id='page_1' title='image "./p2scriptaquaemanse02ciceuoft_0437.png"; bbox 0 0 1619 2542; ppageno 0'>
   <div class='ocr_carea' id='block_1_1' title="bbox 532 123 1451 167">
    <p class='ocr_par' dir='ltr' id='par_1_1' title="bbox 532 123 1451 167">
     <span class='ocr_line' id='line_1_1' title="bbox 532 123 1451 167; baseline 0.008 -9"><span class='ocrx_word' id='word_1_1' title='bbox 532 124 632 159; x_wconf 84' lang='lat' dir='ltr'>CAP.</span> <span class='ocrx_word' id='word_1_2' title='bbox 661 129 798 160; x_wconf 80' lang='lat'>10—12</span> <span class='ocrx_word' id='word_1_3' title='bbox 824 128 844 167; x_wconf 60' lang='grc' dir='ltr'>ἓ</span> <span class='ocrx_word' id='word_1_4' title='bbox 870 128 1020 160; x_wconf 54' lang='grc'>111-26.</span> <span class='ocrx_word' id='word_1_5' title='bbox 1366 123 1451 165; x_wconf 72' lang='grc'>285</span> 
     </span>
    </p>
   </div>
   <div class='ocr_carea' id='block_1_2' title="bbox 61 218 1456 1797">
    <p class='ocr_par' dir='ltr' id='par_1_2' title="bbox 61 218 1456 1797">
     <span class='ocr_line' id='line_1_2' title="bbox 110 218 1451 275; baseline -0.001 -13"><span class='ocrx_word' id='word_1_6' title='bbox 110 235 256 263; x_wconf 84' lang='lat' dir='ltr'>omnes</span> <span class='ocrx_word' id='word_1_7' title='bbox 310 221 553 275; x_wconf 84' lang='lat' dir='ltr'>triumphos</span> <span class='ocrx_word' id='word_1_8' title='bbox 597 235 731 272; x_wconf 87' lang='lat' dir='ltr'>meos,</span> <span class='ocrx_word' id='word_1_9' title='bbox 781 221 924 262; x_wconf 82' lang='lat' dir='ltr'>omnia</span> <span class='ocrx_word' id='word_1_10' title='bbox 968 222 1220 262; x_wconf 86' lang='lat' dir='ltr'>ornamenta</span> <span class='ocrx_word' id='word_1_11' title='bbox 1263 218 1451 271; x_wconf 87' lang='lat' dir='ltr'>honoris,</span> 
     </span>
     <span class='ocr_line' id='line_1_3' title="bbox 110 278 1452 334; baseline -0.002 -13"><span class='ocrx_word' id='word_1_12' title='bbox 110 282 387 322; x_wconf 87' lang='lat' dir='ltr'>monumenta</span> <span class='ocrx_word' id='word_1_13' title='bbox 419 280 600 334; x_wconf 84' lang='lat' dir='ltr'>gloriae,</span> <span class='ocrx_word' id='word_1_14' title='bbox 633 279 771 320; x_wconf 87' lang='lat' dir='ltr'>laudis</span> <span class='ocrx_word' id='word_1_15' title='bbox 802 279 989 333; x_wconf 82' lang='lat' dir='ltr'>insignia</span> <span class='ocrx_word' id='word_1_16' title='bbox 1020 278 1144 320; x_wconf 88' lang='lat' dir='ltr'>condi</span> <span class='ocrx_word' id='word_1_17' title='bbox 1177 281 1218 319; x_wconf 89' lang='lat' dir='ltr'>et</span> <span class='ocrx_word' id='word_1_18' title='bbox 1251 278 1452 320; x_wconf 85' lang='lat' dir='ltr'>collocari</span> 
     </span>
     <span class='ocr_line' id='line_1_4' title="bbox 109 336 1451 392; baseline -0.002 -12"><span class='ocrx_word' id='word_1_19' title='bbox 109 339 220 380; x_wconf 81' lang='lat' dir='ltr'>volo.</span> <span class='ocrx_word' id='word_1_20' title='bbox 265 337 386 379; x_wconf 77' lang='lat' dir='ltr'>Nihil</span> <span class='ocrx_word' id='word_1_21' title='bbox 419 353 485 379; x_wconf 89' lang='grc'>1116</span> <span class='ocrx_word' id='word_1_22' title='bbox 511 341 676 379; x_wconf 88' lang='lat' dir='ltr'>mutum</span> <span class='ocrx_word' id='word_1_23' title='bbox 703 340 846 392; x_wconf 89' lang='lat' dir='ltr'>potest</span> <span class='ocrx_word' id='word_1_24' title='bbox 872 338 1092 390; x_wconf 87' lang='lat' dir='ltr'>delectare,</span> <span class='ocrx_word' id='word_1_25' title='bbox 1122 336 1231 378; x_wconf 85' lang='lat' dir='ltr'>nihil</span> <span class='ocrx_word' id='word_1_26' title='bbox 1258 337 1451 390; x_wconf 87' lang='lat' dir='ltr'>tacitum,</span> 
     </span>
     <span class='ocr_line' id='line_1_5' title="bbox 111 395 1453 451; baseline -0.001 -13"><span class='ocrx_word' id='word_1_27' title='bbox 111 397 219 438; x_wconf 81' lang='lat' dir='ltr'>nihil</span> <span class='ocrx_word' id='word_1_28' title='bbox 252 397 430 451; x_wconf 87' lang='lat' dir='ltr'>denique</span> <span class='ocrx_word' id='word_1_29' title='bbox 462 397 550 437; x_wconf 86' lang='lat' dir='ltr'>eius</span> <span class='ocrx_word' id='word_1_30' title='bbox 583 395 716 450; x_wconf 86' lang='lat' dir='ltr'>modi,</span> <span class='ocrx_word' id='word_1_31' title='bbox 748 396 860 450; x_wconf 86' lang='lat' dir='ltr'>quod</span> <span class='ocrx_word' id='word_1_32' title='bbox 893 397 1021 437; x_wconf 79' lang='lat' dir='ltr'>etiam</span> <span class='ocrx_word' id='word_1_33' title='bbox 1054 395 1195 437; x_wconf 89' lang='lat' dir='ltr'>minus</span> <span class='ocrx_word' id='word_1_34' title='bbox 1229 395 1348 451; x_wconf 83' lang='lat' dir='ltr'>digni</span> <span class='ocrx_word' id='word_1_35' title='bbox 1380 395 1453 436; x_wconf 88' lang='lat' dir='ltr'>ad-</span> 
     </span>
     <span class='ocr_line' id='line_1_6' title="bbox 76 453 1451 510; baseline -0.001 -13"><span class='ocrx_word' id='word_1_36' title='bbox 76 468 91 492; x_wconf 85' lang='lat'>5</span> <span class='ocrx_word' id='word_1_37' title='bbox 115 456 234 510; x_wconf 86' lang='lat' dir='ltr'>sequi</span> <span class='ocrx_word' id='word_1_38' title='bbox 265 457 445 509; x_wconf 81' lang='lat' dir='ltr'>possint.</span> <span class='ocrx_word' id='word_1_39' title='bbox 506 454 714 496; x_wconf 85' lang='lat' dir='ltr'>Memoria</span> <span class='ocrx_word' id='word_1_40' title='bbox 745 458 906 505; x_wconf 89' lang='lat' dir='ltr'>vestra,</span> <span class='ocrx_word' id='word_1_41' title='bbox 939 453 1144 508; x_wconf 87' lang='lat' dir='ltr'>Quirites,</span> <span class='ocrx_word' id='word_1_42' title='bbox 1176 458 1351 495; x_wconf 87' lang='lat' dir='ltr'>nostrae</span> <span class='ocrx_word' id='word_1_43' title='bbox 1384 468 1451 495; x_wconf 86' lang='lat' dir='ltr'>res</span> 
     </span>
     <span class='ocr_line' id='line_1_7' title="bbox 112 513 1452 568; baseline -0.001 -13"><span class='ocrx_word' id='word_1_44' title='bbox 112 515 296 568; x_wconf 76' lang='lat' dir='ltr'>alentur,</span> <span class='ocrx_word' id='word_1_45' title='bbox 335 514 601 555; x_wconf 83' lang='lat' dir='ltr'>sermonibus</span> <span class='ocrx_word' id='word_1_46' title='bbox 642 516 848 563; x_wconf 87' lang='lat' dir='ltr'>crescent,</span> <span class='ocrx_word' id='word_1_47' title='bbox 887 513 1130 555; x_wconf 86' lang='lat' dir='ltr'>litterarum</span> <span class='ocrx_word' id='word_1_48' title='bbox 1162 513 1452 554; x_wconf 73' lang='lat' dir='ltr'>monumentis</span> 
     </span>
     <span class='ocr_line' id='line_1_8' title="bbox 110 571 1451 625; baseline -0.001 -11"><span class='ocrx_word' id='word_1_49' title='bbox 110 574 425 614; x_wconf 86' lang='lat' dir='ltr'>inveterascent</span> <span class='ocrx_word' id='word_1_50' title='bbox 456 576 498 614; x_wconf 91' lang='lat' dir='ltr'>et</span> <span class='ocrx_word' id='word_1_51' title='bbox 524 572 933 625; x_wconf 80' lang='lat' dir='ltr'>corroborabuntur3</span> <span class='ocrx_word' id='word_1_52' title='bbox 967 572 1226 625; x_wconf 82' lang='lat' dir='ltr'>eandemque</span> <span class='ocrx_word' id='word_1_53' title='bbox 1254 571 1363 612; x_wconf 87' lang='lat' dir='ltr'>diem</span> <span class='ocrx_word' id='word_1_54' title='bbox 1390 572 1451 612; x_wconf 90' lang='grc'>111-</span> 
     </span>
     <span class='ocr_line' id='line_1_9' title="bbox 111 630 1452 686; baseline -0.001 -13"><span class='ocrx_word' id='word_1_55' title='bbox 111 632 291 686; x_wconf 88' lang='lat' dir='ltr'>tellego,</span> <span class='ocrx_word' id='word_1_56' title='bbox 329 646 457 686; x_wconf 89' lang='lat' dir='ltr'>quam</span> <span class='ocrx_word' id='word_1_57' title='bbox 490 645 612 686; x_wconf 87' lang='lat' dir='ltr'>spero</span> <span class='ocrx_word' id='word_1_58' title='bbox 646 634 865 672; x_wconf 77' lang='lat' dir='ltr'>aeternam</span> <span class='ocrx_word' id='word_1_59' title='bbox 897 630 1006 683; x_wconf 85' lang='lat' dir='ltr'>fore,</span> <span class='ocrx_word' id='word_1_60' title='bbox 1037 632 1326 685; x_wconf 70' lang='lat' dir='ltr'>propagatam</span> <span class='ocrx_word' id='word_1_61' title='bbox 1360 644 1452 672; x_wconf 85' lang='lat' dir='ltr'>esse</span> 
     </span>
     <span class='ocr_line' id='line_1_10' title="bbox 112 689 1452 741; baseline -0.001 -10"><span class='ocrx_word' id='word_1_62' title='bbox 112 693 154 732; x_wconf 90' lang='lat' dir='ltr'>et</span> <span class='ocrx_word' id='word_1_63' title='bbox 187 691 240 731; x_wconf 88' lang='lat' dir='ltr'>ad</span> <span class='ocrx_word' id='word_1_64' title='bbox 272 690 455 731; x_wconf 88' lang='lat' dir='ltr'>salutem</span> <span class='ocrx_word' id='word_1_65' title='bbox 487 690 605 731; x_wconf 88' lang='lat' dir='ltr'>urbis</span> <span class='ocrx_word' id='word_1_66' title='bbox 639 692 681 730; x_wconf 91' lang='lat' dir='ltr'>et</span> <span class='ocrx_word' id='word_1_67' title='bbox 714 690 766 730; x_wconf 89' lang='lat' dir='ltr'>ad</span> <span class='ocrx_word' id='word_1_68' title='bbox 799 689 1051 730; x_wconf 83' lang='lat' dir='ltr'>memoriam</span> <span class='ocrx_word' id='word_1_69' title='bbox 1083 689 1331 730; x_wconf 90' lang='lat' dir='ltr'>consulatus</span> <span class='ocrx_word' id='word_1_70' title='bbox 1357 689 1452 741; x_wconf 87' lang='lat' dir='ltr'>mei,</span> 
     </span>
     <span class='ocr_line' id='line_1_11' title="bbox 61 747 1453 803; baseline -0.002 -13"><span class='ocrx_word' id='word_1_71' title='bbox 61 761 93 785; x_wconf 92' lang='lat'>10</span> <span class='ocrx_word' id='word_1_72' title='bbox 112 763 281 802; x_wconf 89' lang='lat' dir='ltr'>unoque</span> <span class='ocrx_word' id='word_1_73' title='bbox 316 751 508 803; x_wconf 88' lang='lat' dir='ltr'>tempore</span> <span class='ocrx_word' id='word_1_74' title='bbox 540 748 584 789; x_wconf 92' lang='lat' dir='ltr'>in</span> <span class='ocrx_word' id='word_1_75' title='bbox 609 748 690 789; x_wconf 88' lang='lat' dir='ltr'>hac</span> <span class='ocrx_word' id='word_1_76' title='bbox 715 763 760 789; x_wconf 89' lang='lat' dir='ltr'>re</span> <span class='ocrx_word' id='word_1_77' title='bbox 786 748 957 802; x_wconf 86' lang='lat' dir='ltr'>publica</span> <span class='ocrx_word' id='word_1_78' title='bbox 985 748 1089 789; x_wconf 91' lang='lat' dir='ltr'>duos</span> <span class='ocrx_word' id='word_1_79' title='bbox 1117 747 1220 789; x_wconf 85' lang='lat' dir='ltr'>civis</span> <span class='ocrx_word' id='word_1_80' title='bbox 1249 747 1453 799; x_wconf 73' lang='lat' dir='ltr'>extitisse,</span> 
     </span>
     <span class='ocr_line' id='line_1_12' title="bbox 114 805 1453 862; baseline -0.001 -14"><span class='ocrx_word' id='word_1_81' title='bbox 114 822 294 862; x_wconf 87' lang='lat' dir='ltr'>quorum</span> <span class='ocrx_word' id='word_1_82' title='bbox 328 807 437 848; x_wconf 86' lang='lat' dir='ltr'>alter</span> <span class='ocrx_word' id='word_1_83' title='bbox 467 807 562 847; x_wconf 89' lang='lat' dir='ltr'>finis</span> <span class='ocrx_word' id='word_1_84' title='bbox 588 807 722 848; x_wconf 88' lang='lat' dir='ltr'>vestri</span> <span class='ocrx_word' id='word_1_85' title='bbox 755 806 926 861; x_wconf 87' lang='lat' dir='ltr'>imperii</span> <span class='ocrx_word' id='word_1_86' title='bbox 951 821 1037 847; x_wconf 90' lang='lat' dir='ltr'>non</span> <span class='ocrx_word' id='word_1_87' title='bbox 1062 809 1214 859; x_wconf 88' lang='lat' dir='ltr'>terrae,</span> <span class='ocrx_word' id='word_1_88' title='bbox 1248 805 1321 847; x_wconf 86' lang='lat' dir='ltr'>sed</span> <span class='ocrx_word' id='word_1_89' title='bbox 1347 806 1453 847; x_wconf 80' lang='lat' dir='ltr'>caeli</span> 
     </span>
     <span class='ocr_line' id='line_1_13' title="bbox 112 864 1453 921; baseline -0.001 -15"><span class='ocrx_word' id='word_1_90' title='bbox 112 866 359 921; x_wconf 78' lang='lat' dir='ltr'>regionibus</span> <span class='ocrx_word' id='word_1_91' title='bbox 403 865 671 919; x_wconf 74' lang='lat' dir='ltr'>terminaret,</span> <span class='ocrx_word' id='word_1_92' title='bbox 724 866 833 906; x_wconf 87' lang='lat' dir='ltr'>alter</span> <span class='ocrx_word' id='word_1_93' title='bbox 878 865 1065 906; x_wconf 86' lang='lat' dir='ltr'>eiusdem</span> <span class='ocrx_word' id='word_1_94' title='bbox 1109 864 1278 918; x_wconf 88' lang='lat' dir='ltr'>imperii</span> <span class='ocrx_word' id='word_1_95' title='bbox 1322 864 1453 905; x_wconf 87' lang='lat' dir='ltr'>domi·</span> 
     </span>
     <span class='ocr_line' id='line_1_14' title="bbox 113 922 1454 979; baseline -0.002 -13"><span class='ocrx_word' id='word_1_96' title='bbox 113 925 256 966; x_wconf 87' lang='lat' dir='ltr'>cilium</span> <span class='ocrx_word' id='word_1_97' title='bbox 289 924 491 979; x_wconf 90' lang='lat' dir='ltr'>sedesque</span> <span class='ocrx_word' id='word_1_98' title='bbox 524 926 724 966; x_wconf 87' lang='lat' dir='ltr'>servaret.</span> <span class='ocrx_word' id='word_1_99' title='bbox 774 922 855 964; x_wconf 83' lang='lat' dir='ltr'>Sed</span> <span class='ocrx_word' id='word_1_100' title='bbox 887 924 1087 978; x_wconf 87' lang='lat' dir='ltr'>quoniam</span> <span class='ocrx_word' id='word_1_101' title='bbox 1121 938 1265 964; x_wconf 87' lang='lat' dir='ltr'>earum</span> <span class='ocrx_word' id='word_1_102' title='bbox 1297 937 1454 976; x_wconf 88' lang='lat' dir='ltr'>rerum,</span> 
     </span>
     <span class='ocr_line' id='line_1_15' title="bbox 115 981 1453 1037; baseline -0.001 -13"><span class='ocrx_word' id='word_1_103' title='bbox 115 998 219 1037; x_wconf 87' lang='lat' dir='ltr'>quas</span> <span class='ocrx_word' id='word_1_104' title='bbox 252 996 330 1037; x_wconf 86' lang='lat' dir='ltr'>ego</span> <span class='ocrx_word' id='word_1_105' title='bbox 363 983 489 1037; x_wconf 82' lang='lat' dir='ltr'>gessi,</span> <span class='ocrx_word' id='word_1_106' title='bbox 520 997 605 1024; x_wconf 91' lang='lat' dir='ltr'>non</span> <span class='ocrx_word' id='word_1_107' title='bbox 639 983 785 1024; x_wconf 87' lang='lat' dir='ltr'>eadem</span> <span class='ocrx_word' id='word_1_108' title='bbox 818 985 882 1023; x_wconf 89' lang='lat' dir='ltr'>est</span> <span class='ocrx_word' id='word_1_109' title='bbox 908 982 1081 1024; x_wconf 85' lang='lat' dir='ltr'>fortuna</span> <span class='ocrx_word' id='word_1_110' title='bbox 1109 984 1236 1036; x_wconf 86' lang='lat' dir='ltr'>atque</span> <span class='ocrx_word' id='word_1_111' title='bbox 1263 981 1453 1022; x_wconf 80' lang='lat' dir='ltr'>condicio</span> 
     </span>
     <span class='ocr_line' id='line_1_16' title="bbox 62 1039 1455 1096; baseline -0.001 -14"><span class='ocrx_word' id='word_1_112' title='bbox 62 1053 94 1077; x_wconf 82' lang='lat'>15</span> <span class='ocrx_word' id='word_1_113' title='bbox 116 1056 222 1096; x_wconf 88' lang='lat' dir='ltr'>quae</span> <span class='ocrx_word' id='word_1_114' title='bbox 254 1042 446 1095; x_wconf 87' lang='lat' dir='ltr'>illorum,</span> <span class='ocrx_word' id='word_1_115' title='bbox 479 1042 550 1096; x_wconf 89' lang='lat' dir='ltr'>qui</span> <span class='ocrx_word' id='word_1_116' title='bbox 582 1043 759 1082; x_wconf 77' lang='lat' dir='ltr'>externa</span> <span class='ocrx_word' id='word_1_117' title='bbox 790 1041 903 1082; x_wconf 86' lang='lat' dir='ltr'>bella</span> <span class='ocrx_word' id='word_1_118' title='bbox 935 1043 1172 1095; x_wconf 87' lang='lat' dir='ltr'>gesserunt,</span> <span class='ocrx_word' id='word_1_119' title='bbox 1204 1040 1316 1093; x_wconf 86' lang='lat' dir='ltr'>quod</span> <span class='ocrx_word' id='word_1_120' title='bbox 1349 1039 1455 1081; x_wconf 89' lang='lat' dir='ltr'>mihi</span> 
     </span>
     <span class='ocr_line' id='line_1_17' title="bbox 115 1095 1453 1154; baseline -0.002 -13"><span class='ocrx_word' id='word_1_121' title='bbox 115 1115 211 1141; x_wconf 90' lang='lat' dir='ltr'>cum</span> <span class='ocrx_word' id='word_1_122' title='bbox 242 1100 296 1141; x_wconf 91' lang='lat' dir='ltr'>iis</span> <span class='ocrx_word' id='word_1_123' title='bbox 327 1100 554 1141; x_wconf 83' lang='lat' dir='ltr'>vivendum</span> <span class='ocrx_word' id='word_1_124' title='bbox 587 1102 665 1153; x_wconf 90' lang='lat' dir='ltr'>est,</span> <span class='ocrx_word' id='word_1_125' title='bbox 697 1114 802 1154; x_wconf 90' lang='lat' dir='ltr'>quos</span> <span class='ocrx_word' id='word_1_126' title='bbox 835 1099 916 1140; x_wconf 85' lang='lat' dir='ltr'>vici</span> <span class='ocrx_word' id='word_1_127' title='bbox 950 1114 998 1140; x_wconf 90' lang='lat' dir='ltr'>ac</span> <span class='ocrx_word' id='word_1_128' title='bbox 1024 1095 1186 1153; x_wconf 77' lang='lat' dir='ltr'>subegi,</span> <span class='ocrx_word' id='word_1_129' title='bbox 1217 1098 1283 1139; x_wconf 88' lang='lat' dir='ltr'>illi</span> <span class='ocrx_word' id='word_1_130' title='bbox 1308 1098 1453 1139; x_wconf 86' lang='lat' dir='ltr'>hostes</span> 
     </span>
     <span class='ocr_line' id='line_1_18' title="bbox 115 1158 1455 1213; baseline -0.002 -13"><span class='ocrx_word' id='word_1_131' title='bbox 115 1162 189 1200; x_wconf 88' lang='lat' dir='ltr'>aut</span> <span class='ocrx_word' id='word_1_132' title='bbox 220 1159 472 1200; x_wconf 89' lang='lat' dir='ltr'>interfectos</span> <span class='ocrx_word' id='word_1_133' title='bbox 500 1162 574 1199; x_wconf 91' lang='lat' dir='ltr'>aut</span> <span class='ocrx_word' id='word_1_134' title='bbox 600 1173 827 1213; x_wconf 87' lang='lat' dir='ltr'>oppressos</span> <span class='ocrx_word' id='word_1_135' title='bbox 854 1158 1128 1212; x_wconf 86' lang='lat' dir='ltr'>reliquerunt,</span> <span class='ocrx_word' id='word_1_136' title='bbox 1160 1159 1352 1198; x_wconf 86' lang='lat' dir='ltr'>vestrum</span> <span class='ocrx_word' id='word_1_137' title='bbox 1378 1159 1455 1210; x_wconf 85' lang='lat' dir='ltr'>est,</span> 
     </span>
     <span class='ocr_line' id='line_1_19' title="bbox 115 1215 1456 1271; baseline -0.002 -13"><span class='ocrx_word' id='word_1_138' title='bbox 115 1217 314 1271; x_wconf 83' lang='lat' dir='ltr'>Quirites,</span> <span class='ocrx_word' id='word_1_139' title='bbox 346 1217 382 1258; x_wconf 91' lang='lat' dir='ltr'>si</span> <span class='ocrx_word' id='word_1_140' title='bbox 414 1218 564 1258; x_wconf 87' lang='lat' dir='ltr'>ceteris</span> <span class='ocrx_word' id='word_1_141' title='bbox 595 1216 711 1258; x_wconf 87' lang='lat' dir='ltr'>facta</span> <span class='ocrx_word' id='word_1_142' title='bbox 743 1232 820 1258; x_wconf 87' lang='lat' dir='ltr'>sua</span> <span class='ocrx_word' id='word_1_143' title='bbox 851 1219 965 1258; x_wconf 88' lang='lat' dir='ltr'>recte</span> <span class='ocrx_word' id='word_1_144' title='bbox 997 1218 1192 1270; x_wconf 85' lang='lat' dir='ltr'>prosunt,</span> <span class='ocrx_word' id='word_1_145' title='bbox 1223 1215 1329 1256; x_wconf 89' lang='lat' dir='ltr'>mihi</span> <span class='ocrx_word' id='word_1_146' title='bbox 1361 1230 1456 1256; x_wconf 89' lang='lat' dir='ltr'>mea</span> 
     </span>
     <span class='ocr_line' id='line_1_20' title="bbox 113 1273 1454 1330; baseline -0.003 -13"><span class='ocrx_word' id='word_1_147' title='bbox 113 1291 166 1317; x_wconf 90' lang='grc'>116</span> <span class='ocrx_word' id='word_1_148' title='bbox 199 1276 367 1330; x_wconf 88' lang='lat' dir='ltr'>quando</span> <span class='ocrx_word' id='word_1_149' title='bbox 401 1276 561 1328; x_wconf 88' lang='lat' dir='ltr'>obsint,</span> <span class='ocrx_word' id='word_1_150' title='bbox 598 1275 831 1330; x_wconf 83' lang='lat' dir='ltr'>providere.</span> <span class='ocrx_word' id='word_1_151' title='bbox 886 1274 1052 1316; x_wconf 88' lang='lat' dir='ltr'>Mentes</span> <span class='ocrx_word' id='word_1_152' title='bbox 1085 1274 1198 1315; x_wconf 88' lang='lat' dir='ltr'>enim</span> <span class='ocrx_word' id='word_1_153' title='bbox 1231 1273 1454 1314; x_wconf 86' lang='lat' dir='ltr'>hominum</span> 
     </span>
     <span class='ocr_line' id='line_1_21' title="bbox 61 1332 1453 1376; baseline -0.004 0"><span class='ocrx_word' id='word_1_154' title='bbox 61 1346 96 1370; x_wconf 84' lang='lat'>20</span> <span class='ocrx_word' id='word_1_155' title='bbox 117 1334 497 1376; x_wconf 78' lang='lat' dir='ltr'>audacissimorum</span> <span class='ocrx_word' id='word_1_156' title='bbox 530 1335 761 1375; x_wconf 77' lang='lat' dir='ltr'>sceleratae</span> <span class='ocrx_word' id='word_1_157' title='bbox 788 1349 836 1375; x_wconf 88' lang='lat' dir='ltr'>ac</span> <span class='ocrx_word' id='word_1_158' title='bbox 860 1333 1048 1375; x_wconf 85' lang='lat' dir='ltr'>nefariae</span> <span class='ocrx_word' id='word_1_159' title='bbox 1075 1347 1128 1373; x_wconf 89' lang='lat' dir='ltr'>ne</span> <span class='ocrx_word' id='word_1_160' title='bbox 1153 1332 1276 1373; x_wconf 86' lang='lat' dir='ltr'>vobis</span> <span class='ocrx_word' id='word_1_161' title='bbox 1302 1346 1453 1372; x_wconf 85' lang='lat' dir='ltr'>nocere</span> 
     </span>
     <span class='ocr_line' id='line_1_22' title="bbox 115 1392 1454 1447; baseline -0.004 -13"><span class='ocrx_word' id='word_1_162' title='bbox 115 1397 309 1447; x_wconf 87' lang='lat' dir='ltr'>possent,</span> <span class='ocrx_word' id='word_1_163' title='bbox 346 1407 425 1447; x_wconf 89' lang='lat' dir='ltr'>ego</span> <span class='ocrx_word' id='word_1_164' title='bbox 463 1392 648 1446; x_wconf 84' lang='lat' dir='ltr'>providi,</span> <span class='ocrx_word' id='word_1_165' title='bbox 683 1407 737 1433; x_wconf 89' lang='lat' dir='ltr'>ne</span> <span class='ocrx_word' id='word_1_166' title='bbox 775 1392 882 1432; x_wconf 85' lang='lat' dir='ltr'>mihi</span> <span class='ocrx_word' id='word_1_167' title='bbox 920 1393 1120 1443; x_wconf 85' lang='lat' dir='ltr'>noceant,</span> <span class='ocrx_word' id='word_1_168' title='bbox 1158 1393 1349 1430; x_wconf 80' lang='lat' dir='ltr'>vestrum</span> <span class='ocrx_word' id='word_1_169' title='bbox 1390 1393 1454 1430; x_wconf 90' lang='lat' dir='ltr'>est</span> 
     </span>
     <span class='ocr_line' id='line_1_23' title="bbox 115 1447 1456 1505; baseline -0.004 -13"><span class='ocrx_word' id='word_1_170' title='bbox 115 1451 348 1505; x_wconf 85' lang='lat' dir='ltr'>providere.</span> <span class='ocrx_word' id='word_1_171' title='bbox 421 1450 706 1504; x_wconf 82' lang='lat' dir='ltr'>Quamquam,</span> <span class='ocrx_word' id='word_1_172' title='bbox 751 1449 957 1502; x_wconf 82' lang='lat' dir='ltr'>Quirites,</span> <span class='ocrx_word' id='word_1_173' title='bbox 1006 1449 1113 1489; x_wconf 89' lang='grc'>1111111</span> <span class='ocrx_word' id='word_1_174' title='bbox 1157 1447 1326 1501; x_wconf 89' lang='lat' dir='ltr'>quidem</span> <span class='ocrx_word' id='word_1_175' title='bbox 1371 1448 1456 1501; x_wconf 88' lang='lat' dir='ltr'>ipsi</span> 
     </span>
     <span class='ocr_line' id='line_1_24' title="bbox 115 1506 1455 1562; baseline -0.004 -12"><span class='ocrx_word' id='word_1_176' title='bbox 115 1509 225 1550; x_wconf 87' lang='lat' dir='ltr'>nihil</span> <span class='ocrx_word' id='word_1_177' title='bbox 263 1509 314 1549; x_wconf 87' lang='lat' dir='ltr'>ab</span> <span class='ocrx_word' id='word_1_178' title='bbox 353 1509 448 1550; x_wconf 87' lang='lat' dir='ltr'>istis</span> <span class='ocrx_word' id='word_1_179' title='bbox 487 1510 572 1549; x_wconf 89' lang='lat' dir='ltr'>iam</span> <span class='ocrx_word' id='word_1_180' title='bbox 609 1508 753 1549; x_wconf 86' lang='lat' dir='ltr'>noceri</span> <span class='ocrx_word' id='word_1_181' title='bbox 790 1511 945 1562; x_wconf 88' lang='lat' dir='ltr'>potest.</span> <span class='ocrx_word' id='word_1_182' title='bbox 1006 1507 1211 1561; x_wconf 85' lang='lat' dir='ltr'>Magnum</span> <span class='ocrx_word' id='word_1_183' title='bbox 1244 1506 1357 1546; x_wconf 90' lang='lat' dir='ltr'>enim</span> <span class='ocrx_word' id='word_1_184' title='bbox 1390 1508 1455 1546; x_wconf 90' lang='lat' dir='ltr'>est</span> 
     </span>
     <span class='ocr_line' id='line_1_25' title="bbox 116 1565 1455 1621; baseline -0.003 -13"><span class='ocrx_word' id='word_1_185' title='bbox 116 1568 161 1608; x_wconf 90' lang='lat' dir='ltr'>in</span> <span class='ocrx_word' id='word_1_186' title='bbox 198 1567 322 1608; x_wconf 91' lang='lat' dir='ltr'>bonis</span> <span class='ocrx_word' id='word_1_187' title='bbox 359 1566 636 1621; x_wconf 85' lang='lat' dir='ltr'>praesidium,</span> <span class='ocrx_word' id='word_1_188' title='bbox 675 1566 786 1620; x_wconf 89' lang='lat' dir='ltr'>quod</span> <span class='ocrx_word' id='word_1_189' title='bbox 824 1566 931 1606; x_wconf 85' lang='lat' dir='ltr'>mihi</span> <span class='ocrx_word' id='word_1_190' title='bbox 968 1565 1010 1605; x_wconf 93' lang='lat' dir='ltr'>in</span> <span class='ocrx_word' id='word_1_191' title='bbox 1048 1567 1303 1618; x_wconf 84' lang='lat' dir='ltr'>perpetuum</span> <span class='ocrx_word' id='word_1_192' title='bbox 1343 1578 1455 1605; x_wconf 87' lang='lat' dir='ltr'>eom-</span> 
     </span>
     <span class='ocr_line' id='line_1_26' title="bbox 66 1623 1455 1680; baseline -0.004 -13"><span class='ocrx_word' id='word_1_193' title='bbox 66 1637 99 1662; x_wconf 73' lang='grc'>25</span> <span class='ocrx_word' id='word_1_194' title='bbox 118 1628 318 1680; x_wconf 82' lang='lat' dir='ltr'>paratum</span> <span class='ocrx_word' id='word_1_195' title='bbox 352 1627 436 1678; x_wconf 90' lang='lat' dir='ltr'>est,</span> <span class='ocrx_word' id='word_1_196' title='bbox 467 1639 625 1679; x_wconf 79' lang='lat' dir='ltr'>magna</span> <span class='ocrx_word' id='word_1_197' title='bbox 657 1625 699 1665; x_wconf 89' lang='grc'>111</span> <span class='ocrx_word' id='word_1_198' title='bbox 732 1638 776 1665; x_wconf 90' lang='lat' dir='ltr'>re</span> <span class='ocrx_word' id='word_1_199' title='bbox 808 1623 982 1677; x_wconf 83' lang='lat' dir='ltr'>publica</span> <span class='ocrx_word' id='word_1_200' title='bbox 1014 1623 1215 1678; x_wconf 80' lang='lat' dir='ltr'>dignitas,</span> <span class='ocrx_word' id='word_1_201' title='bbox 1248 1637 1355 1676; x_wconf 86' lang='lat' dir='ltr'>quae</span> <span class='ocrx_word' id='word_1_202' title='bbox 1387 1637 1455 1663; x_wconf 87' lang='lat' dir='ltr'>me</span> 
     </span>
     <span class='ocr_line' id='line_1_27' title="bbox 119 1681 1455 1739; baseline -0.003 -14"><span class='ocrx_word' id='word_1_203' title='bbox 119 1699 286 1739; x_wconf 84' lang='lat' dir='ltr'>semper</span> <span class='ocrx_word' id='word_1_204' title='bbox 317 1684 449 1725; x_wconf 79' lang='lat' dir='ltr'>tacita</span> <span class='ocrx_word' id='word_1_205' title='bbox 481 1683 686 1736; x_wconf 81' lang='lat' dir='ltr'>defendet,</span> <span class='ocrx_word' id='word_1_206' title='bbox 718 1696 876 1735; x_wconf 81' lang='lat' dir='ltr'>magna</span> <span class='ocrx_word' id='word_1_207' title='bbox 907 1682 971 1723; x_wconf 81' lang='lat' dir='ltr'>vis</span> <span class='ocrx_word' id='word_1_208' title='bbox 998 1681 1294 1731; x_wconf 79' lang='lat' dir='ltr'>conscientiae,</span> <span class='ocrx_word' id='word_1_209' title='bbox 1327 1695 1455 1734; x_wconf 87' lang='lat' dir='ltr'>quam</span> 
     </span>
     <span class='ocr_line' id='line_1_28' title="bbox 119 1739 1453 1797; baseline -0.004 -13"><span class='ocrx_word' id='word_1_210' title='bbox 119 1743 192 1797; x_wconf 90' lang='lat' dir='ltr'>qui</span> <span class='ocrx_word' id='word_1_211' title='bbox 222 1743 469 1797; x_wconf 86' lang='lat' dir='ltr'>neglegunt,</span> <span class='ocrx_word' id='word_1_212' title='bbox 501 1755 597 1783; x_wconf 89' lang='lat' dir='ltr'>cum</span> <span class='ocrx_word' id='word_1_213' title='bbox 629 1755 695 1781; x_wconf 90' lang='lat' dir='ltr'>me</span> <span class='ocrx_word' id='word_1_214' title='bbox 727 1741 889 1782; x_wconf 87' lang='lat' dir='ltr'>violare</span> <span class='ocrx_word' id='word_1_215' title='bbox 921 1739 1078 1791; x_wconf 87' lang='lat' dir='ltr'>volent,</span> <span class='ocrx_word' id='word_1_216' title='bbox 1111 1754 1155 1780; x_wconf 91' lang='lat' dir='ltr'>se</span> <span class='ocrx_word' id='word_1_217' title='bbox 1186 1739 1270 1794; x_wconf 86' lang='lat' dir='ltr'>ipsi</span> <span class='ocrx_word' id='word_1_218' title='bbox 1294 1739 1453 1780; x_wconf 84' lang='lat' dir='ltr'>indica-</span> 
     </span>
    </p>
   </div>
   <div class='ocr_carea' id='block_1_3' title="bbox 118 1797 1519 1851">
    <p class='ocr_par' dir='ltr' id='par_1_3' title="bbox 118 1797 1519 1851">
     <span class='ocr_line' id='line_1_29' title="bbox 118 1797 1519 1851; baseline -0.004 -9"><span class='ocrx_word' id='word_1_219' title='bbox 118 1801 236 1842; x_wconf 88' lang='lat' dir='ltr'>bunt.</span> <span class='ocrx_word' id='word_1_220' title='bbox 285 1800 366 1841; x_wconf 87' lang='lat' dir='ltr'>Est</span> <span class='ocrx_word' id='word_1_221' title='bbox 404 1801 515 1841; x_wconf 87' lang='lat' dir='ltr'>enim</span> <span class='ocrx_word' id='word_1_222' title='bbox 546 1799 591 1840; x_wconf 89' lang='lat' dir='ltr'>in</span> <span class='ocrx_word' id='word_1_223' title='bbox 627 1799 753 1840; x_wconf 84' lang='lat' dir='ltr'>nobis</span> <span class='ocrx_word' id='word_1_224' title='bbox 785 1799 822 1839; x_wconf 92' lang='lat' dir='ltr'>is</span> <span class='ocrx_word' id='word_1_225' title='bbox 855 1798 1034 1851; x_wconf 89' lang='lat' dir='ltr'>animus,</span> <span class='ocrx_word' id='word_1_226' title='bbox 1066 1797 1264 1851; x_wconf 88' lang='lat' dir='ltr'>Quirites,</span> <span class='ocrx_word' id='word_1_227' title='bbox 1295 1801 1343 1838; x_wconf 91' lang='lat' dir='ltr'>ut</span> <span class='ocrx_word' id='word_1_228' title='bbox 1369 1812 1453 1838; x_wconf 89' lang='lat' dir='ltr'>non</span> <span class='ocrx_word' id='word_1_229' title='bbox 1510 1810 1519 1812; x_wconf 75' lang='grc'><em>“</em></span> 
     </span>
    </p>
   </div>
   <div class='ocr_carea' id='block_1_4' title="bbox 66 1856 1456 2379">
    <p class='ocr_par' dir='ltr' id='par_1_4' title="bbox 66 1856 1456 2379">
     <span class='ocr_line' id='line_1_30' title="bbox 119 1856 1456 1911; baseline -0.004 -10"><span class='ocrx_word' id='word_1_230' title='bbox 119 1860 245 1901; x_wconf 84' lang='grc' dir='ltr'>1110ᾶο</span> <span class='ocrx_word' id='word_1_231' title='bbox 276 1859 437 1900; x_wconf 89' lang='lat' dir='ltr'>nullius</span> <span class='ocrx_word' id='word_1_232' title='bbox 471 1858 670 1899; x_wconf 84' lang='lat' dir='ltr'>audaciae</span> <span class='ocrx_word' id='word_1_233' title='bbox 703 1857 918 1911; x_wconf 83' lang='lat' dir='ltr'>cedamus,</span> <span class='ocrx_word' id='word_1_234' title='bbox 951 1857 1024 1898; x_wconf 89' lang='lat' dir='ltr'>sed</span> <span class='ocrx_word' id='word_1_235' title='bbox 1057 1856 1187 1897; x_wconf 86' lang='lat' dir='ltr'>etiam</span> <span class='ocrx_word' id='word_1_236' title='bbox 1220 1857 1358 1897; x_wconf 89' lang='lat' dir='ltr'>omnis</span> <span class='ocrx_word' id='word_1_237' title='bbox 1393 1856 1456 1896; x_wconf 91' lang='lat' dir='ltr'>in-</span> 
     </span>
     <span class='ocr_line' id='line_1_31' title="bbox 66 1914 1456 1971; baseline -0.002 -13"><span class='ocrx_word' id='word_1_238' title='bbox 66 1929 100 1953; x_wconf 78' lang='grc'>30</span> <span class='ocrx_word' id='word_1_239' title='bbox 119 1918 278 1971; x_wconf 90' lang='lat' dir='ltr'>probos</span> <span class='ocrx_word' id='word_1_240' title='bbox 315 1917 429 1958; x_wconf 87' lang='lat' dir='ltr'>ultro</span> <span class='ocrx_word' id='word_1_241' title='bbox 469 1930 636 1970; x_wconf 84' lang='lat' dir='ltr'>semper</span> <span class='ocrx_word' id='word_1_242' title='bbox 676 1916 946 1957; x_wconf 88' lang='lat' dir='ltr'>lacessamus.</span> <span class='ocrx_word' id='word_1_243' title='bbox 1009 1915 1171 1963; x_wconf 87' lang='lat' dir='ltr'>Quodsi</span> <span class='ocrx_word' id='word_1_244' title='bbox 1209 1915 1346 1955; x_wconf 88' lang='lat' dir='ltr'>omnis</span> <span class='ocrx_word' id='word_1_245' title='bbox 1379 1914 1456 1955; x_wconf 91' lang='lat' dir='ltr'>im-</span> 
     </span>
     <span class='ocr_line' id='line_1_32' title="bbox 119 1973 1455 2030; baseline -0.003 -13"><span class='ocrx_word' id='word_1_246' title='bbox 119 1978 243 2030; x_wconf 90' lang='lat' dir='ltr'>petus</span> <span class='ocrx_word' id='word_1_247' title='bbox 283 1975 612 2016; x_wconf 85' lang='lat' dir='ltr'>domesticorum</span> <span class='ocrx_word' id='word_1_248' title='bbox 650 1973 840 2015; x_wconf 85' lang='lat' dir='ltr'>hostium</span> <span class='ocrx_word' id='word_1_249' title='bbox 879 1973 1076 2026; x_wconf 86' lang='lat' dir='ltr'>depulsus</span> <span class='ocrx_word' id='word_1_250' title='bbox 1116 1988 1141 2014; x_wconf 85' lang='lat' dir='ltr'>a</span> <span class='ocrx_word' id='word_1_251' title='bbox 1171 1973 1294 2014; x_wconf 86' lang='lat' dir='ltr'>vobis</span> <span class='ocrx_word' id='word_1_252' title='bbox 1334 1987 1377 2013; x_wconf 90' lang='lat' dir='ltr'>se</span> <span class='ocrx_word' id='word_1_253' title='bbox 1410 1974 1455 2013; x_wconf 89' lang='grc'>111</span> 
     </span>
     <span class='ocr_line' id='line_1_33' title="bbox 120 2030 1454 2085; baseline -0.003 -10"><span class='ocrx_word' id='word_1_254' title='bbox 120 2048 187 2074; x_wconf 88' lang='grc'>1116</span> <span class='ocrx_word' id='word_1_255' title='bbox 225 2048 355 2074; x_wconf 89' lang='lat' dir='ltr'>unum</span> <span class='ocrx_word' id='word_1_256' title='bbox 386 2033 662 2084; x_wconf 82' lang='lat' dir='ltr'>convorterit,</span> <span class='ocrx_word' id='word_1_257' title='bbox 700 2032 821 2073; x_wconf 83' lang='lat' dir='ltr'>vobis</span> <span class='ocrx_word' id='word_1_258' title='bbox 855 2031 936 2072; x_wconf 86' lang='lat' dir='ltr'>erit</span> <span class='ocrx_word' id='word_1_259' title='bbox 965 2031 1213 2085; x_wconf 82' lang='lat' dir='ltr'>videndum,</span> <span class='ocrx_word' id='word_1_260' title='bbox 1254 2030 1454 2083; x_wconf 83' lang='lat' dir='ltr'>QuiriteS,</span> 
     </span>
     <span class='ocr_line' id='line_1_34' title="bbox 122 2089 1453 2146; baseline -0.003 -13"><span class='ocrx_word' id='word_1_261' title='bbox 122 2107 206 2146; x_wconf 87' lang='lat' dir='ltr'>qua</span> <span class='ocrx_word' id='word_1_262' title='bbox 242 2091 486 2133; x_wconf 87' lang='lat' dir='ltr'>condicione</span> <span class='ocrx_word' id='word_1_263' title='bbox 523 2091 703 2145; x_wconf 81' lang='lat' dir='ltr'>posthac</span> <span class='ocrx_word' id='word_1_264' title='bbox 742 2104 812 2131; x_wconf 91' lang='lat' dir='ltr'>eos</span> <span class='ocrx_word' id='word_1_265' title='bbox 854 2104 945 2130; x_wconf 89' lang='lat' dir='ltr'>esse</span> <span class='ocrx_word' id='word_1_266' title='bbox 982 2090 1146 2143; x_wconf 87' lang='lat' dir='ltr'>velitis,</span> <span class='ocrx_word' id='word_1_267' title='bbox 1184 2089 1256 2143; x_wconf 83' lang='lat' dir='ltr'>qui</span> <span class='ocrx_word' id='word_1_268' title='bbox 1295 2103 1338 2129; x_wconf 91' lang='lat' dir='ltr'>se</span> <span class='ocrx_word' id='word_1_269' title='bbox 1376 2103 1453 2142; x_wconf 89' lang='lat' dir='ltr'>pro</span> 
     </span>
     <span class='ocr_line' id='line_1_35' title="bbox 123 2146 1455 2202; baseline -0.003 -12"><span class='ocrx_word' id='word_1_270' title='bbox 123 2150 261 2191; x_wconf 89' lang='lat' dir='ltr'>salute</span> <span class='ocrx_word' id='word_1_271' title='bbox 285 2152 430 2190; x_wconf 85' lang='lat' dir='ltr'>vestra</span> <span class='ocrx_word' id='word_1_272' title='bbox 456 2149 691 2190; x_wconf 86' lang='lat' dir='ltr'>obtulerint</span> <span class='ocrx_word' id='word_1_273' title='bbox 717 2148 901 2189; x_wconf 82' lang='lat' dir='ltr'>invidiae</span> <span class='ocrx_word' id='word_1_274' title='bbox 928 2148 1212 2202; x_wconf 79' lang='lat' dir='ltr'>periculisque</span> <span class='ocrx_word' id='word_1_275' title='bbox 1239 2146 1455 2198; x_wconf 76' lang='lat' dir='ltr'>omnibus3</span> 
     </span>
     <span class='ocr_line' id='line_1_36' title="bbox 67 2204 1455 2261; baseline -0.003 -13"><span class='ocrx_word' id='word_1_276' title='bbox 67 2220 102 2244; x_wconf 80' lang='lat'>35</span> <span class='ocrx_word' id='word_1_277' title='bbox 122 2208 227 2249; x_wconf 90' lang='lat' dir='ltr'>mihi</span> <span class='ocrx_word' id='word_1_278' title='bbox 259 2207 426 2261; x_wconf 88' lang='lat' dir='ltr'>quidem</span> <span class='ocrx_word' id='word_1_279' title='bbox 456 2208 540 2261; x_wconf 87' lang='lat' dir='ltr'>ipsi</span> <span class='ocrx_word' id='word_1_280' title='bbox 571 2207 671 2261; x_wconf 82' lang='lat' dir='ltr'>quid</span> <span class='ocrx_word' id='word_1_281' title='bbox 697 2209 762 2248; x_wconf 92' lang='lat' dir='ltr'>est</span> <span class='ocrx_word' id='word_1_282' title='bbox 793 2206 904 2260; x_wconf 86' lang='lat' dir='ltr'>quod</span> <span class='ocrx_word' id='word_1_283' title='bbox 934 2206 1020 2247; x_wconf 90' lang='lat' dir='ltr'>iam</span> <span class='ocrx_word' id='word_1_284' title='bbox 1053 2206 1106 2247; x_wconf 84' lang='lat' dir='ltr'>ad</span> <span class='ocrx_word' id='word_1_285' title='bbox 1130 2206 1243 2246; x_wconf 81' lang='lat' dir='ltr'>vitae</span> <span class='ocrx_word' id='word_1_286' title='bbox 1268 2204 1455 2245; x_wconf 82' lang='lat' dir='ltr'>fructum</span> 
     </span>
     <span class='ocr_line' id='line_1_37' title="bbox 122 2263 1453 2320; baseline -0.003 -14"><span class='ocrx_word' id='word_1_287' title='bbox 122 2266 260 2320; x_wconf 87' lang='lat' dir='ltr'>possit</span> <span class='ocrx_word' id='word_1_288' title='bbox 287 2265 464 2319; x_wconf 84' lang='lat' dir='ltr'>adquiri,</span> <span class='ocrx_word' id='word_1_289' title='bbox 496 2280 590 2306; x_wconf 89' lang='lat' dir='ltr'>cum</span> <span class='ocrx_word' id='word_1_290' title='bbox 616 2265 867 2318; x_wconf 86' lang='lat' dir='ltr'>praesertim</span> <span class='ocrx_word' id='word_1_291' title='bbox 892 2279 1028 2318; x_wconf 85' lang='lat' dir='ltr'>neque</span> <span class='ocrx_word' id='word_1_292' title='bbox 1054 2264 1099 2304; x_wconf 90' lang='lat' dir='ltr'>in</span> <span class='ocrx_word' id='word_1_293' title='bbox 1123 2263 1283 2304; x_wconf 88' lang='lat' dir='ltr'>honore</span> <span class='ocrx_word' id='word_1_294' title='bbox 1310 2265 1453 2303; x_wconf 83' lang='lat' dir='ltr'>vestro</span> 
     </span>
     <span class='ocr_line' id='line_1_38' title="bbox 121 2321 1454 2379; baseline -0.004 -14"><span class='ocrx_word' id='word_1_295' title='bbox 121 2338 256 2379; x_wconf 82' lang='lat' dir='ltr'>neque</span> <span class='ocrx_word' id='word_1_296' title='bbox 288 2324 333 2364; x_wconf 90' lang='lat' dir='ltr'>in</span> <span class='ocrx_word' id='word_1_297' title='bbox 365 2323 502 2379; x_wconf 85' lang='lat' dir='ltr'>gloria</span> <span class='ocrx_word' id='word_1_298' title='bbox 533 2324 705 2365; x_wconf 80' lang='lat' dir='ltr'>virtutis</span> <span class='ocrx_word' id='word_1_299' title='bbox 733 2323 957 2378; x_wconf 80' lang='lat' dir='ltr'>quicquam</span> <span class='ocrx_word' id='word_1_300' title='bbox 990 2322 1157 2363; x_wconf 79' lang='lat' dir='ltr'>videam</span> <span class='ocrx_word' id='word_1_301' title='bbox 1190 2321 1338 2375; x_wconf 85' lang='lat' dir='ltr'>altius,</span> <span class='ocrx_word' id='word_1_302' title='bbox 1371 2335 1454 2375; x_wconf 84' lang='lat' dir='ltr'>quo</span> 
     </span>
    </p>
   </div>
   <div class='ocr_carea' id='block_1_5' title="bbox 1470 909 1523 949">
    <p class='ocr_par' dir='ltr' id='par_1_5' title="bbox 1470 909 1523 949">
     <span class='ocr_line' id='line_1_39' title="bbox 1470 909 1523 949; baseline -0.019 0"><span class='ocrx_word' id='word_1_303' title='bbox 1470 909 1523 949; x_wconf 66' lang='lat'>12</span> 
     </span>
    </p>
   </div>
   <div class='ocr_carea' id='block_1_6' title="bbox 1480 961 1522 990">
    <p class='ocr_par' dir='ltr' id='par_1_6' title="bbox 1480 961 1522 990">
     <span class='ocr_line' id='line_1_40' title="bbox 1480 961 1522 990; baseline 0 0"><span class='ocrx_word' id='word_1_304' title='bbox 1480 961 1522 990; x_wconf 72' lang='lat'>‘27</span> 
     </span>
    </p>
   </div>
  </div>
 </body>
</html>
