<?xml version="1.0" encoding="UTF-8"?>
<!DOCTYPE html PUBLIC "-//W3C//DTD XHTML 1.0 Transitional//EN"
    "http://www.w3.org/TR/xhtml1/DTD/xhtml1-transitional.dtd">
<html xmlns="http://www.w3.org/1999/xhtml" xml:lang="en" lang="en">
 <head>
  <title>
</title>
<meta http-equiv="Content-Type" content="text/html;charset=utf-8" />
  <meta name='ocr-system' content='tesseract 3.04.00' />
  <meta name='ocr-capabilities' content='ocr_page ocr_carea ocr_par ocr_line ocrx_word'/>
</head>
<body>
  <div class='ocr_page' id='page_1' title='image "./p2scriptaquaemanse02ciceuoft_0411.png"; bbox 0 0 1619 2542; ppageno 0'>
   <div class='ocr_carea' id='block_1_1' title="bbox 83 761 116 786">
    <p class='ocr_par' dir='ltr' id='par_1_1' title="bbox 83 761 116 786">
     <span class='ocr_line' id='line_1_1' title="bbox 83 761 116 786; baseline 0.03 -1"><span class='ocrx_word' id='word_1_1' title='bbox 83 761 116 786; x_wconf 88' lang='lat'>10</span> 
     </span>
    </p>
   </div>
   <div class='ocr_carea' id='block_1_2' title="bbox 85 1054 116 1080">
    <p class='ocr_par' dir='ltr' id='par_1_2' title="bbox 85 1054 116 1080">
     <span class='ocr_line' id='line_1_2' title="bbox 85 1054 116 1080; baseline 0.032 -1"><span class='ocrx_word' id='word_1_2' title='bbox 85 1054 116 1080; x_wconf 88' lang='lat'>15</span> 
     </span>
    </p>
   </div>
   <div class='ocr_carea' id='block_1_3' title="bbox 86 1933 119 1958">
    <p class='ocr_par' dir='ltr' id='par_1_3' title="bbox 86 1933 119 1958">
     <span class='ocr_line' id='line_1_3' title="bbox 86 1933 119 1958; baseline 0 0"><span class='ocrx_word' id='word_1_3' title='bbox 86 1933 119 1958; x_wconf 89' lang='lat'>30</span> 
     </span>
    </p>
   </div>
   <div class='ocr_carea' id='block_1_4' title="bbox 86 2225 119 2250">
    <p class='ocr_par' dir='ltr' id='par_1_4' title="bbox 86 2225 119 2250">
     <span class='ocr_line' id='line_1_4' title="bbox 86 2225 119 2250; baseline 0 0"><span class='ocrx_word' id='word_1_4' title='bbox 86 2225 119 2250; x_wconf 82' lang='lat'>35</span> 
     </span>
    </p>
   </div>
   <div class='ocr_carea' id='block_1_5' title="bbox 555 122 1471 169">
    <p class='ocr_par' dir='ltr' id='par_1_5' title="bbox 555 122 1471 169">
     <span class='ocr_line' id='line_1_5' title="bbox 555 122 1471 169; baseline 0.013 -12"><span class='ocrx_word' id='word_1_5' title='bbox 555 122 655 158; x_wconf 83' lang='lat' dir='ltr'>CAP.</span> <span class='ocrx_word' id='word_1_6' title='bbox 684 128 820 159; x_wconf 79' lang='lat'>10-—12</span> <span class='ocrx_word' id='word_1_7' title='bbox 847 127 866 167; x_wconf 66' lang='lat' dir='ltr'>g</span> <span class='ocrx_word' id='word_1_8' title='bbox 891 127 1041 160; x_wconf 80' lang='lat'>25—30.</span> <span class='ocrx_word' id='word_1_9' title='bbox 1385 126 1471 169; x_wconf 83' lang='lat'>259</span> 
     </span>
    </p>
   </div>
   <div class='ocr_carea' id='block_1_6' title="bbox 133 219 1541 1335">
    <p class='ocr_par' dir='ltr' id='par_1_6' title="bbox 133 219 1541 1335">
     <span class='ocr_line' id='line_1_6' title="bbox 133 219 1473 275; baseline 0.003 -15"><span class='ocrx_word' id='word_1_10' title='bbox 133 233 179 261; x_wconf 91' lang='lat' dir='ltr'>re</span> <span class='ocrx_word' id='word_1_11' title='bbox 224 219 398 275; x_wconf 88' lang='lat' dir='ltr'>publica</span> <span class='ocrx_word' id='word_1_12' title='bbox 446 219 710 274; x_wconf 87' lang='lat' dir='ltr'>perniciosos</span> <span class='ocrx_word' id='word_1_13' title='bbox 753 219 866 261; x_wconf 88' lang='lat' dir='ltr'>cives</span> <span class='ocrx_word' id='word_1_14' title='bbox 909 223 1047 262; x_wconf 91' lang='lat' dir='ltr'>morte</span> <span class='ocrx_word' id='word_1_15' title='bbox 1091 222 1341 264; x_wconf 71' lang='lat' dir='ltr'>multarunt.</span> <span class='ocrx_word' id='word_1_16' title='bbox 1402 225 1473 264; x_wconf 89' lang='lat' dir='ltr'>An</span> 
     </span>
     <span class='ocr_line' id='line_1_7' title="bbox 133 277 1469 337; baseline 0.003 -18"><span class='ocrx_word' id='word_1_17' title='bbox 133 279 268 333; x_wconf 88' lang='lat' dir='ltr'>leges,</span> <span class='ocrx_word' id='word_1_18' title='bbox 307 292 413 332; x_wconf 90' lang='lat' dir='ltr'>quae</span> <span class='ocrx_word' id='word_1_19' title='bbox 452 277 502 319; x_wconf 93' lang='lat' dir='ltr'>de</span> <span class='ocrx_word' id='word_1_20' title='bbox 535 278 689 320; x_wconf 86' lang='lat' dir='ltr'>civium</span> <span class='ocrx_word' id='word_1_21' title='bbox 722 278 1015 321; x_wconf 83' lang='lat' dir='ltr'>Romanorum</span> <span class='ocrx_word' id='word_1_22' title='bbox 1048 280 1258 335; x_wconf 88' lang='lat' dir='ltr'>supplicio</span> <span class='ocrx_word' id='word_1_23' title='bbox 1291 284 1469 337; x_wconf 87' lang='lat' dir='ltr'>rogatae</span> 
     </span>
     <span class='ocr_line' id='line_1_8' title="bbox 135 336 1472 395; baseline 0.003 -17"><span class='ocrx_word' id='word_1_24' title='bbox 135 338 264 379; x_wconf 82' lang='lat' dir='ltr'>sunt?</span> <span class='ocrx_word' id='word_1_25' title='bbox 326 337 386 378; x_wconf 91' lang='lat' dir='ltr'>At</span> <span class='ocrx_word' id='word_1_26' title='bbox 422 351 655 391; x_wconf 85' lang='lat' dir='ltr'><strong>numquam</strong></span> <span class='ocrx_word' id='word_1_27' title='bbox 692 336 738 379; x_wconf 92' lang='lat' dir='ltr'>in</span> <span class='ocrx_word' id='word_1_28' title='bbox 774 337 854 379; x_wconf 84' lang='lat' dir='ltr'>hac</span> <span class='ocrx_word' id='word_1_29' title='bbox 891 338 1012 392; x_wconf 89' lang='lat' dir='ltr'>urbe,</span> <span class='ocrx_word' id='word_1_30' title='bbox 1051 339 1123 393; x_wconf 88' lang='lat' dir='ltr'>qui</span> <span class='ocrx_word' id='word_1_31' title='bbox 1165 354 1190 381; x_wconf 87' lang='lat' dir='ltr'>a</span> <span class='ocrx_word' id='word_1_32' title='bbox 1220 354 1265 381; x_wconf 92' lang='lat' dir='ltr'>re</span> <span class='ocrx_word' id='word_1_33' title='bbox 1298 341 1472 395; x_wconf 87' lang='lat' dir='ltr'>publica</span> 
     </span>
     <span class='ocr_line' id='line_1_9' title="bbox 135 394 1471 455; baseline 0.004 -19"><span class='ocrx_word' id='word_1_34' title='bbox 135 396 398 450; x_wconf 84' lang='lat' dir='ltr'>defecerunt,</span> <span class='ocrx_word' id='word_1_35' title='bbox 437 394 591 438; x_wconf 83' lang='lat' dir='ltr'>civium</span> <span class='ocrx_word' id='word_1_36' title='bbox 629 396 724 437; x_wconf 89' lang='lat' dir='ltr'>iura</span> <span class='ocrx_word' id='word_1_37' title='bbox 759 399 998 438; x_wconf 82' lang='lat' dir='ltr'>tenuerunt.</span> <span class='ocrx_word' id='word_1_38' title='bbox 1054 398 1125 439; x_wconf 87' lang='lat' dir='ltr'>An</span> <span class='ocrx_word' id='word_1_39' title='bbox 1161 398 1369 440; x_wconf 87' lang='lat' dir='ltr'>invidiam</span> <span class='ocrx_word' id='word_1_40' title='bbox 1399 414 1471 455; x_wconf 90' lang='lat' dir='ltr'>po-</span> 
     </span>
     <span class='ocr_line' id='line_1_10' title="bbox 135 454 1470 512; baseline 0.003 -16"><span class='ocrx_word' id='word_1_41' title='bbox 135 455 345 496; x_wconf 88' lang='lat' dir='ltr'>steritatis</span> <span class='ocrx_word' id='word_1_42' title='bbox 388 454 544 496; x_wconf 85' lang='lat' dir='ltr'>times?</span> <span class='ocrx_word' id='word_1_43' title='bbox 611 454 882 496; x_wconf 81' lang='lat' dir='ltr'>Praeclaram</span> <span class='ocrx_word' id='word_1_44' title='bbox 925 470 1025 498; x_wconf 86' lang='lat' dir='ltr'>vero</span> <span class='ocrx_word' id='word_1_45' title='bbox 1068 457 1230 512; x_wconf 87' lang='lat' dir='ltr'>populo</span> <span class='ocrx_word' id='word_1_46' title='bbox 1274 457 1470 500; x_wconf 87' lang='lat' dir='ltr'>Romano</span> 
     </span>
     <span class='ocr_line' id='line_1_11' title="bbox 135 513 1471 572; baseline 0.004 -18"><span class='ocrx_word' id='word_1_47' title='bbox 135 513 268 555; x_wconf 84' lang='lat' dir='ltr'>refers</span> <span class='ocrx_word' id='word_1_48' title='bbox 313 513 516 569; x_wconf 87' lang='lat' dir='ltr'>gratiam,</span> <span class='ocrx_word' id='word_1_49' title='bbox 561 513 633 568; x_wconf 89' lang='lat' dir='ltr'>qui</span> <span class='ocrx_word' id='word_1_50' title='bbox 677 516 738 568; x_wconf 91' lang='lat' dir='ltr'>te,</span> <span class='ocrx_word' id='word_1_51' title='bbox 780 513 996 555; x_wconf 87' lang='lat' dir='ltr'>hominem</span> <span class='ocrx_word' id='word_1_52' title='bbox 1039 529 1116 570; x_wconf 89' lang='lat' dir='ltr'>per</span> <span class='ocrx_word' id='word_1_53' title='bbox 1154 518 1197 558; x_wconf 87' lang='lat' dir='ltr'>te</span> <span class='ocrx_word' id='word_1_54' title='bbox 1238 516 1471 572; x_wconf 84' lang='lat' dir='ltr'>cognitum,</span> 
     </span>
     <span class='ocr_line' id='line_1_12' title="bbox 134 571 1471 617; baseline 0.002 -3"><span class='ocrx_word' id='word_1_55' title='bbox 134 573 254 614; x_wconf 88' lang='lat' dir='ltr'>nulla</span> <span class='ocrx_word' id='word_1_56' title='bbox 273 571 642 614; x_wconf 70' lang='lat' dir='ltr'>commendatione</span> <span class='ocrx_word' id='word_1_57' title='bbox 661 573 873 614; x_wconf 90' lang='lat' dir='ltr'>maiorum</span> <span class='ocrx_word' id='word_1_58' title='bbox 891 576 980 614; x_wconf 87' lang='lat' dir='ltr'>tam</span> <span class='ocrx_word' id='word_1_59' title='bbox 1002 576 1168 616; x_wconf 87' lang='lat' dir='ltr'>mature</span> <span class='ocrx_word' id='word_1_60' title='bbox 1190 575 1242 616; x_wconf 90' lang='lat' dir='ltr'>ad</span> <span class='ocrx_word' id='word_1_61' title='bbox 1257 589 1471 617; x_wconf 91' lang='lat' dir='ltr'>summum</span> 
     </span>
     <span class='ocr_line' id='line_1_13' title="bbox 133 630 1471 690; baseline 0.003 -18"><span class='ocrx_word' id='word_1_62' title='bbox 133 631 361 686; x_wconf 90' lang='lat' dir='ltr'>imperium</span> <span class='ocrx_word' id='word_1_63' title='bbox 386 645 462 686; x_wconf 88' lang='lat' dir='ltr'>per</span> <span class='ocrx_word' id='word_1_64' title='bbox 486 630 623 672; x_wconf 89' lang='lat' dir='ltr'>omnis</span> <span class='ocrx_word' id='word_1_65' title='bbox 642 631 851 673; x_wconf 90' lang='lat' dir='ltr'>honorum</span> <span class='ocrx_word' id='word_1_66' title='bbox 873 632 1029 686; x_wconf 86' lang='lat' dir='ltr'>gradus</span> <span class='ocrx_word' id='word_1_67' title='bbox 1051 634 1214 687; x_wconf 85' lang='lat' dir='ltr'>extulit,</span> <span class='ocrx_word' id='word_1_68' title='bbox 1240 634 1276 676; x_wconf 89' lang='lat' dir='ltr'>si</span> <span class='ocrx_word' id='word_1_69' title='bbox 1294 638 1471 690; x_wconf 79' lang='lat' dir='ltr'>propter</span> 
     </span>
     <span class='ocr_line' id='line_1_14' title="bbox 134 689 1470 746; baseline 0.003 -15"><span class='ocrx_word' id='word_1_70' title='bbox 134 690 337 732; x_wconf 84' lang='lat' dir='ltr'>invidiam</span> <span class='ocrx_word' id='word_1_71' title='bbox 375 692 450 732; x_wconf 89' lang='lat' dir='ltr'>aut</span> <span class='ocrx_word' id='word_1_72' title='bbox 487 689 665 732; x_wconf 90' lang='lat' dir='ltr'>alicuius</span> <span class='ocrx_word' id='word_1_73' title='bbox 696 690 875 746; x_wconf 88' lang='lat' dir='ltr'>periculi</span> <span class='ocrx_word' id='word_1_74' title='bbox 896 694 1068 733; x_wconf 68' lang='lat' dir='ltr'>&#39;metum</span> <span class='ocrx_word' id='word_1_75' title='bbox 1100 692 1283 734; x_wconf 88' lang='lat' dir='ltr'>salutem</span> <span class='ocrx_word' id='word_1_76' title='bbox 1316 694 1470 735; x_wconf 84' lang='lat' dir='ltr'>civium</span> 
     </span>
     <span class='ocr_line' id='line_1_15' title="bbox 134 746 1540 805; baseline 0.003 -15"><span class='ocrx_word' id='word_1_77' title='bbox 134 753 308 791; x_wconf 89' lang='lat' dir='ltr'>tuorum</span> <span class='ocrx_word' id='word_1_78' title='bbox 339 748 547 805; x_wconf 83' lang='lat' dir='ltr'>neglegis.</span> <span class='ocrx_word' id='word_1_79' title='bbox 591 746 685 803; x_wconf 83' lang='lat' dir='ltr'>Sed,</span> <span class='ocrx_word' id='word_1_80' title='bbox 718 750 754 790; x_wconf 88' lang='lat' dir='ltr'>si</span> <span class='ocrx_word' id='word_1_81' title='bbox 780 750 875 804; x_wconf 88' lang='lat' dir='ltr'>quis</span> <span class='ocrx_word' id='word_1_82' title='bbox 903 752 968 790; x_wconf 90' lang='lat' dir='ltr'>est</span> <span class='ocrx_word' id='word_1_83' title='bbox 993 750 1176 792; x_wconf 86' lang='lat' dir='ltr'>invidiae</span> <span class='ocrx_word' id='word_1_84' title='bbox 1201 754 1355 803; x_wconf 81' lang='lat' dir='ltr'>metus,</span> <span class='ocrx_word' id='word_1_85' title='bbox 1384 767 1470 794; x_wconf 86' lang='lat' dir='ltr'>non</span> <span class='ocrx_word' id='word_1_86' title='bbox 1496 763 1540 795; x_wconf 80' lang='lat'>29</span> 
     </span>
     <span class='ocr_line' id='line_1_16' title="bbox 136 808 1471 865; baseline 0.002 -16"><span class='ocrx_word' id='word_1_87' title='bbox 136 811 201 850; x_wconf 91' lang='lat' dir='ltr'>est</span> <span class='ocrx_word' id='word_1_88' title='bbox 226 808 517 850; x_wconf 88' lang='lat' dir='ltr'>vehementius</span> <span class='ocrx_word' id='word_1_89' title='bbox 544 808 787 849; x_wconf 85' lang='lat' dir='ltr'>severitatis</span> <span class='ocrx_word' id='word_1_90' title='bbox 808 823 856 850; x_wconf 87' lang='lat' dir='ltr'>ac</span> <span class='ocrx_word' id='word_1_91' title='bbox 876 808 1143 850; x_wconf 86' lang='lat' dir='ltr'>fortitudinis</span> <span class='ocrx_word' id='word_1_92' title='bbox 1162 810 1324 852; x_wconf 85' lang='lat' dir='ltr'>invidia</span> <span class='ocrx_word' id='word_1_93' title='bbox 1343 826 1471 865; x_wconf 86' lang='lat' dir='ltr'>quam</span> 
     </span>
     <span class='ocr_line' id='line_1_17' title="bbox 134 866 1470 922; baseline 0.002 -14"><span class='ocrx_word' id='word_1_94' title='bbox 134 867 314 908; x_wconf 87' lang='lat' dir='ltr'>inertiae</span> <span class='ocrx_word' id='word_1_95' title='bbox 355 881 403 909; x_wconf 88' lang='lat' dir='ltr'>ac</span> <span class='ocrx_word' id='word_1_96' title='bbox 439 866 655 920; x_wconf 77' lang='lat' dir='ltr'>nequitiae</span> <span class='ocrx_word' id='word_1_97' title='bbox 691 866 1041 922; x_wconf 86' lang='lat' dir='ltr'>pertimescenda.</span> <span class='ocrx_word' id='word_1_98' title='bbox 1102 867 1190 922; x_wconf 90' lang='lat' dir='ltr'>An,</span> <span class='ocrx_word' id='word_1_99' title='bbox 1229 883 1324 910; x_wconf 93' lang='lat' dir='ltr'>cum</span> <span class='ocrx_word' id='word_1_100' title='bbox 1356 870 1470 912; x_wconf 89' lang='lat' dir='ltr'>bello</span> 
     </span>
     <span class='ocr_line' id='line_1_18' title="bbox 135 925 1471 982; baseline 0.001 -15"><span class='ocrx_word' id='word_1_101' title='bbox 135 926 376 968; x_wconf 84' lang='lat' dir='ltr'>vastabitur</span> <span class='ocrx_word' id='word_1_102' title='bbox 412 925 558 979; x_wconf 87' lang='lat' dir='ltr'>Italia,</span> <span class='ocrx_word' id='word_1_103' title='bbox 601 927 869 968; x_wconf 87' lang='lat' dir='ltr'>vexabuntur</span> <span class='ocrx_word' id='word_1_104' title='bbox 905 926 1051 977; x_wconf 88' lang='lat' dir='ltr'>urbes,</span> <span class='ocrx_word' id='word_1_105' title='bbox 1095 929 1210 968; x_wconf 89' lang='lat' dir='ltr'>tecta</span> <span class='ocrx_word' id='word_1_106' title='bbox 1251 928 1471 982; x_wconf 84' lang='lat' dir='ltr'>ardebunt,</span> 
     </span>
     <span class='ocr_line' id='line_1_19' title="bbox 134 984 1470 1042; baseline 0.001 -16"><span class='ocrx_word' id='word_1_107' title='bbox 134 988 226 1026; x_wconf 79' lang='lat' dir='ltr'>tum</span> <span class='ocrx_word' id='word_1_108' title='bbox 245 987 289 1026; x_wconf 90' lang='lat' dir='ltr'>te</span> <span class='ocrx_word' id='word_1_109' title='bbox 308 999 394 1026; x_wconf 91' lang='lat' dir='ltr'>non</span> <span class='ocrx_word' id='word_1_110' title='bbox 408 985 639 1026; x_wconf 86' lang='lat' dir='ltr'>existumas</span> <span class='ocrx_word' id='word_1_111' title='bbox 652 984 835 1026; x_wconf 87' lang='lat' dir='ltr'>invidiae</span> <span class='ocrx_word' id='word_1_112' title='bbox 849 984 1044 1027; x_wconf 87' lang='lat' dir='ltr'>incendio</span> <span class='ocrx_word' id='word_1_113' title='bbox 1060 986 1470 1042; x_wconf 79' lang='lat' dir='ltr'>conflagraturum?⁷</span> 
     </span>
     <span class='ocr_line' id='line_1_20' title="bbox 135 1043 1541 1099; baseline 0.003 -15"><span class='ocrx_word' id='word_1_114' title='bbox 135 1043 215 1085; x_wconf 85' lang='lat' dir='ltr'>His</span> <span class='ocrx_word' id='word_1_115' title='bbox 259 1057 337 1099; x_wconf 91' lang='lat' dir='ltr'>ego</span> <span class='ocrx_word' id='word_1_116' title='bbox 377 1043 658 1085; x_wconf 80' lang='lat' dir='ltr'>sanctissimis</span> <span class='ocrx_word' id='word_1_117' title='bbox 697 1043 758 1085; x_wconf 90' lang='lat' dir='ltr'>rei</span> <span class='ocrx_word' id='word_1_118' title='bbox 795 1044 991 1098; x_wconf 88' lang='lat' dir='ltr'>publicae</span> <span class='ocrx_word' id='word_1_119' title='bbox 1029 1044 1204 1098; x_wconf 87' lang='lat' dir='ltr'>vocibus</span> <span class='ocrx_word' id='word_1_120' title='bbox 1243 1048 1286 1087; x_wconf 90' lang='lat' dir='ltr'>et</span> <span class='ocrx_word' id='word_1_121' title='bbox 1324 1060 1470 1087; x_wconf 88' lang='lat' dir='ltr'>eorum</span> <span class='ocrx_word' id='word_1_122' title='bbox 1487 1048 1541 1089; x_wconf 79' lang='lat'>12</span> 
     </span>
     <span class='ocr_line' id='line_1_21' title="bbox 135 1102 1470 1159; baseline 0.002 -16"><span class='ocrx_word' id='word_1_123' title='bbox 135 1102 369 1156; x_wconf 86' lang='lat' dir='ltr'>hominum,</span> <span class='ocrx_word' id='word_1_124' title='bbox 402 1103 474 1157; x_wconf 89' lang='lat' dir='ltr'>qui</span> <span class='ocrx_word' id='word_1_125' title='bbox 504 1102 585 1144; x_wconf 91' lang='lat' dir='ltr'>hoc</span> <span class='ocrx_word' id='word_1_126' title='bbox 615 1102 727 1145; x_wconf 89' lang='lat' dir='ltr'>idem</span> <span class='ocrx_word' id='word_1_127' title='bbox 760 1102 961 1156; x_wconf 83' lang='lat' dir='ltr'>sentiunt,</span> <span class='ocrx_word' id='word_1_128' title='bbox 993 1103 1207 1144; x_wconf 90' lang='lat' dir='ltr'>mentibus</span> <span class='ocrx_word' id='word_1_129' title='bbox 1239 1119 1376 1159; x_wconf 88' lang='lat' dir='ltr'>pauca</span> <span class='ocrx_word' id='word_1_130' title='bbox 1406 1119 1470 1146; x_wconf 88' lang='lat' dir='ltr'>re—</span> 
     </span>
     <span class='ocr_line' id='line_1_22' title="bbox 137 1160 1470 1218; baseline 0.002 -16"><span class='ocrx_word' id='word_1_131' title='bbox 137 1161 366 1216; x_wconf 85' lang='lat' dir='ltr'>spondebo.</span> <span class='ocrx_word' id='word_1_132' title='bbox 410 1160 505 1216; x_wconf 87' lang='lat' dir='ltr'>Ego</span> <span class='ocrx_word' id='word_1_133' title='bbox 533 1161 568 1202; x_wconf 90' lang='lat' dir='ltr'>si</span> <span class='ocrx_word' id='word_1_134' title='bbox 588 1161 669 1204; x_wconf 89' lang='lat' dir='ltr'>hoc</span> <span class='ocrx_word' id='word_1_135' title='bbox 689 1161 899 1217; x_wconf 88' lang='lat' dir='ltr'>optimum</span> <span class='ocrx_word' id='word_1_136' title='bbox 918 1161 1036 1203; x_wconf 84' lang='lat' dir='ltr'>factu</span> <span class='ocrx_word' id='word_1_137' title='bbox 1056 1162 1299 1217; x_wconf 88' lang='lat' dir='ltr'>iudicarem,</span> <span class='ocrx_word' id='word_1_138' title='bbox 1325 1166 1470 1218; x_wconf 89' lang='lat' dir='ltr'>patres</span> 
     </span>
     <span class='ocr_line' id='line_1_23' title="bbox 136 1219 1471 1275; baseline 0.001 -13"><span class='ocrx_word' id='word_1_139' title='bbox 136 1219 383 1275; x_wconf 84' lang='lat' dir='ltr'>conscripti,</span> <span class='ocrx_word' id='word_1_140' title='bbox 427 1219 659 1262; x_wconf 88' lang='lat' dir='ltr'>Catilinam</span> <span class='ocrx_word' id='word_1_141' title='bbox 703 1223 841 1262; x_wconf 88' lang='lat' dir='ltr'>morte</span> <span class='ocrx_word' id='word_1_142' title='bbox 888 1220 1079 1274; x_wconf 90' lang='lat' dir='ltr'>multari,</span> <span class='ocrx_word' id='word_1_143' title='bbox 1121 1221 1247 1263; x_wconf 82' lang='lat' dir='ltr'>unius</span> <span class='ocrx_word' id='word_1_144' title='bbox 1296 1236 1471 1264; x_wconf 87' lang='lat' dir='ltr'>usuram</span> 
     </span>
     <span class='ocr_line' id='line_1_24' title="bbox 135 1278 1473 1335; baseline 0.001 -15"><span class='ocrx_word' id='word_1_145' title='bbox 135 1279 266 1320; x_wconf 85' lang='lat' dir='ltr'>horae</span> <span class='ocrx_word' id='word_1_146' title='bbox 288 1278 519 1334; x_wconf 81' lang='lat' dir='ltr'>gladiatori</span> <span class='ocrx_word' id='word_1_147' title='bbox 537 1278 611 1320; x_wconf 89' lang='lat' dir='ltr'>isti</span> <span class='ocrx_word' id='word_1_148' title='bbox 631 1279 684 1320; x_wconf 88' lang='lat' dir='ltr'>ad</span> <span class='ocrx_word' id='word_1_149' title='bbox 696 1278 923 1321; x_wconf 85' lang='lat' dir='ltr'>vivendum</span> <span class='ocrx_word' id='word_1_150' title='bbox 936 1293 1024 1321; x_wconf 90' lang='lat' dir='ltr'>non</span> <span class='ocrx_word' id='word_1_151' title='bbox 1038 1279 1259 1322; x_wconf 89' lang='lat' dir='ltr'>dedissem.</span> <span class='ocrx_word' id='word_1_152' title='bbox 1284 1280 1473 1335; x_wconf 87' lang='lat' dir='ltr'>Etenim,</span> 
     </span>
    </p>
   </div>
   <div class='ocr_carea' id='block_1_7' title="bbox 84 1336 1471 1381">
    <p class='ocr_par' dir='ltr' id='par_1_7' title="bbox 84 1336 1471 1381">
     <span class='ocr_line' id='line_1_25' title="bbox 84 1336 1471 1381; baseline 0.002 -3"><span class='ocrx_word' id='word_1_153' title='bbox 84 1349 98 1373; x_wconf 75' lang='lat'>2</span> <span class='ocrx_word' id='word_1_154' title='bbox 137 1338 174 1379; x_wconf 86' lang='lat' dir='ltr'>si</span> <span class='ocrx_word' id='word_1_155' title='bbox 207 1337 362 1379; x_wconf 90' lang='lat' dir='ltr'>summi</span> <span class='ocrx_word' id='word_1_156' title='bbox 388 1337 470 1379; x_wconf 89' lang='lat' dir='ltr'>viri</span> <span class='ocrx_word' id='word_1_157' title='bbox 495 1339 538 1379; x_wconf 88' lang='lat' dir='ltr'>et</span> <span class='ocrx_word' id='word_1_158' title='bbox 563 1338 793 1379; x_wconf 86' lang='lat' dir='ltr'>clarissimi</span> <span class='ocrx_word' id='word_1_159' title='bbox 817 1337 927 1379; x_wconf 85' lang='lat' dir='ltr'>cives</span> <span class='ocrx_word' id='word_1_160' title='bbox 948 1336 1167 1379; x_wconf 83' lang='lat' dir='ltr'>Saturnini</span> <span class='ocrx_word' id='word_1_161' title='bbox 1194 1341 1236 1380; x_wconf 88' lang='lat' dir='ltr'>et</span> <span class='ocrx_word' id='word_1_162' title='bbox 1262 1338 1471 1381; x_wconf 84' lang='lat' dir='ltr'>Graccho-</span> 
     </span>
    </p>
   </div>
   <div class='ocr_carea' id='block_1_8' title="bbox 135 1395 1471 1627">
    <p class='ocr_par' dir='ltr' id='par_1_8' title="bbox 135 1395 1471 1627">
     <span class='ocr_line' id='line_1_26' title="bbox 136 1395 1470 1453; baseline 0.001 -16"><span class='ocrx_word' id='word_1_163' title='bbox 136 1411 231 1437; x_wconf 89' lang='lat' dir='ltr'>rum</span> <span class='ocrx_word' id='word_1_164' title='bbox 275 1398 318 1437; x_wconf 90' lang='lat' dir='ltr'>et</span> <span class='ocrx_word' id='word_1_165' title='bbox 353 1395 496 1438; x_wconf 85' lang='lat' dir='ltr'>Flacci</span> <span class='ocrx_word' id='word_1_166' title='bbox 539 1398 582 1437; x_wconf 88' lang='lat' dir='ltr'>et</span> <span class='ocrx_word' id='word_1_167' title='bbox 625 1396 892 1451; x_wconf 84' lang='lat' dir='ltr'>superiorum</span> <span class='ocrx_word' id='word_1_168' title='bbox 936 1396 1220 1450; x_wconf 88' lang='lat' dir='ltr'>complurium</span> <span class='ocrx_word' id='word_1_169' title='bbox 1264 1399 1470 1453; x_wconf 89' lang='lat' dir='ltr'>sanguine</span> 
     </span>
     <span class='ocr_line' id='line_1_27' title="bbox 135 1454 1471 1507; baseline 0.001 -12"><span class='ocrx_word' id='word_1_170' title='bbox 135 1469 222 1496; x_wconf 84' lang='lat' dir='ltr'>non</span> <span class='ocrx_word' id='word_1_171' title='bbox 252 1454 378 1496; x_wconf 88' lang='lat' dir='ltr'>modo</span> <span class='ocrx_word' id='word_1_172' title='bbox 411 1469 455 1496; x_wconf 91' lang='lat' dir='ltr'>se</span> <span class='ocrx_word' id='word_1_173' title='bbox 486 1469 573 1496; x_wconf 89' lang='lat' dir='ltr'>non</span> <span class='ocrx_word' id='word_1_174' title='bbox 604 1456 964 1507; x_wconf 85' lang='lat' dir='ltr'>contaminarunt,</span> <span class='ocrx_word' id='word_1_175' title='bbox 1005 1454 1079 1496; x_wconf 90' lang='lat' dir='ltr'>sed</span> <span class='ocrx_word' id='word_1_176' title='bbox 1111 1455 1242 1496; x_wconf 88' lang='lat' dir='ltr'>etiam</span> <span class='ocrx_word' id='word_1_177' title='bbox 1273 1456 1471 1497; x_wconf 87' lang='lat' dir='ltr'>honesta-</span> 
     </span>
     <span class='ocr_line' id='line_1_28' title="bbox 137 1513 1470 1567; baseline 0.002 -14"><span class='ocrx_word' id='word_1_178' title='bbox 137 1516 254 1565; x_wconf 86' lang='lat' dir='ltr'>runt,</span> <span class='ocrx_word' id='word_1_179' title='bbox 297 1515 409 1554; x_wconf 89' lang='lat' dir='ltr'>certe</span> <span class='ocrx_word' id='word_1_180' title='bbox 448 1513 676 1555; x_wconf 87' lang='lat' dir='ltr'>verendum</span> <span class='ocrx_word' id='word_1_181' title='bbox 720 1513 826 1554; x_wconf 90' lang='lat' dir='ltr'>mihi</span> <span class='ocrx_word' id='word_1_182' title='bbox 868 1527 955 1554; x_wconf 92' lang='lat' dir='ltr'>non</span> <span class='ocrx_word' id='word_1_183' title='bbox 1000 1515 1109 1565; x_wconf 89' lang='lat' dir='ltr'>erat,</span> <span class='ocrx_word' id='word_1_184' title='bbox 1151 1527 1205 1554; x_wconf 91' lang='lat' dir='ltr'>ne</span> <span class='ocrx_word' id='word_1_185' title='bbox 1252 1513 1353 1567; x_wconf 87' lang='lat' dir='ltr'>quid</span> <span class='ocrx_word' id='word_1_186' title='bbox 1389 1514 1470 1556; x_wconf 90' lang='lat' dir='ltr'>hoc</span> 
     </span>
     <span class='ocr_line' id='line_1_29' title="bbox 137 1570 1470 1627; baseline 0.002 -15"><span class='ocrx_word' id='word_1_187' title='bbox 137 1570 349 1626; x_wconf 86' lang='lat' dir='ltr'>parricida</span> <span class='ocrx_word' id='word_1_188' title='bbox 381 1570 535 1612; x_wconf 90' lang='lat' dir='ltr'>civium</span> <span class='ocrx_word' id='word_1_189' title='bbox 567 1571 792 1613; x_wconf 85' lang='lat' dir='ltr'>interfecto</span> <span class='ocrx_word' id='word_1_190' title='bbox 823 1571 1009 1612; x_wconf 86' lang='lat' dir='ltr'>invidiae</span> <span class='ocrx_word' id='word_1_191' title='bbox 1044 1570 1185 1623; x_wconf 86' lang='lat' dir='ltr'>[mihi]</span> <span class='ocrx_word' id='word_1_192' title='bbox 1219 1571 1264 1612; x_wconf 92' lang='lat' dir='ltr'>in</span> <span class='ocrx_word' id='word_1_193' title='bbox 1291 1573 1470 1627; x_wconf 88' lang='lat' dir='ltr'>posteri-</span> 
     </span>
    </p>
   </div>
   <div class='ocr_carea' id='block_1_9' title="bbox 85 1628 1468 1683">
    <p class='ocr_par' dir='ltr' id='par_1_9' title="bbox 85 1628 1468 1683">
     <span class='ocr_line' id='line_1_30' title="bbox 85 1628 1468 1683; baseline 0.001 -13"><span class='ocrx_word' id='word_1_194' title='bbox 85 1644 99 1666; x_wconf 66' lang='grc' dir='ltr'>ι)</span> <span class='ocrx_word' id='word_1_195' title='bbox 138 1632 271 1671; x_wconf 78' lang='lat' dir='ltr'>tatem</span> <span class='ocrx_word' id='word_1_196' title='bbox 297 1629 563 1671; x_wconf 85' lang='lat' dir='ltr'>redundaret.</span> <span class='ocrx_word' id='word_1_197' title='bbox 607 1628 765 1678; x_wconf 84' lang='lat' dir='ltr'>Quodsi</span> <span class='ocrx_word' id='word_1_198' title='bbox 792 1645 842 1671; x_wconf 92' lang='lat' dir='ltr'>ea</span> <span class='ocrx_word' id='word_1_199' title='bbox 867 1629 972 1670; x_wconf 86' lang='lat' dir='ltr'>mihi</span> <span class='ocrx_word' id='word_1_200' title='bbox 999 1629 1181 1671; x_wconf 84' lang='lat' dir='ltr'>maxime</span> <span class='ocrx_word' id='word_1_201' title='bbox 1207 1629 1468 1683; x_wconf 85' lang='lat' dir='ltr'>inpenderet,</span> 
     </span>
    </p>
   </div>
   <div class='ocr_carea' id='block_1_10' title="bbox 136 1687 1539 2434">
    <p class='ocr_par' dir='ltr' id='par_1_10' title="bbox 136 1687 1539 2434">
     <span class='ocr_line' id='line_1_31' title="bbox 138 1687 1470 1745; baseline 0.002 -16"><span class='ocrx_word' id='word_1_202' title='bbox 138 1691 282 1730; x_wconf 86' lang='lat' dir='ltr'>tamen</span> <span class='ocrx_word' id='word_1_203' title='bbox 312 1688 392 1729; x_wconf 89' lang='lat' dir='ltr'>hoc</span> <span class='ocrx_word' id='word_1_204' title='bbox 425 1688 568 1730; x_wconf 87' lang='lat' dir='ltr'>animo</span> <span class='ocrx_word' id='word_1_205' title='bbox 593 1687 656 1730; x_wconf 87' lang='lat' dir='ltr'>fui</span> <span class='ocrx_word' id='word_1_206' title='bbox 682 1703 859 1743; x_wconf 89' lang='lat' dir='ltr'>semper,</span> <span class='ocrx_word' id='word_1_207' title='bbox 890 1690 938 1728; x_wconf 89' lang='lat' dir='ltr'>ut</span> <span class='ocrx_word' id='word_1_208' title='bbox 962 1687 1167 1729; x_wconf 86' lang='lat' dir='ltr'>invidiam</span> <span class='ocrx_word' id='word_1_209' title='bbox 1192 1689 1351 1731; x_wconf 85' lang='lat' dir='ltr'>virtute</span> <span class='ocrx_word' id='word_1_210' title='bbox 1375 1705 1470 1745; x_wconf 90' lang='lat' dir='ltr'>par-</span> 
     </span>
     <span class='ocr_line' id='line_1_32' title="bbox 138 1746 1539 1802; baseline 0.003 -15"><span class='ocrx_word' id='word_1_211' title='bbox 138 1749 227 1788; x_wconf 86' lang='lat' dir='ltr'>tam</span> <span class='ocrx_word' id='word_1_212' title='bbox 260 1747 456 1802; x_wconf 81' lang='lat' dir='ltr'>gloriam,</span> <span class='ocrx_word' id='word_1_213' title='bbox 486 1761 572 1788; x_wconf 90' lang='lat' dir='ltr'>non</span> <span class='ocrx_word' id='word_1_214' title='bbox 604 1746 807 1788; x_wconf 87' lang='lat' dir='ltr'>invidiam</span> <span class='ocrx_word' id='word_1_215' title='bbox 832 1749 1041 1801; x_wconf 87' lang='lat' dir='ltr'>putarem.</span> <span class='ocrx_word' id='word_1_216' title='bbox 1091 1746 1359 1802; x_wconf 80' lang='lat' dir='ltr'>Quamquam</span> <span class='ocrx_word' id='word_1_217' title='bbox 1382 1763 1470 1790; x_wconf 91' lang='lat' dir='ltr'>non</span> <span class='ocrx_word' id='word_1_218' title='bbox 1495 1761 1539 1791; x_wconf 80' lang='lat'>30</span> 
     </span>
     <span class='ocr_line' id='line_1_33' title="bbox 136 1805 1470 1862; baseline 0.001 -16"><span class='ocrx_word' id='word_1_219' title='bbox 136 1805 246 1846; x_wconf 89' lang='lat' dir='ltr'>nulli</span> <span class='ocrx_word' id='word_1_220' title='bbox 278 1808 377 1847; x_wconf 88' lang='lat' dir='ltr'>sunt</span> <span class='ocrx_word' id='word_1_221' title='bbox 407 1806 452 1846; x_wconf 91' lang='lat' dir='ltr'>in</span> <span class='ocrx_word' id='word_1_222' title='bbox 482 1805 564 1847; x_wconf 89' lang='lat' dir='ltr'>hoc</span> <span class='ocrx_word' id='word_1_223' title='bbox 595 1805 758 1859; x_wconf 84' lang='lat' dir='ltr'>ordine,</span> <span class='ocrx_word' id='word_1_224' title='bbox 791 1805 863 1859; x_wconf 87' lang='lat' dir='ltr'>qui</span> <span class='ocrx_word' id='word_1_225' title='bbox 894 1808 968 1846; x_wconf 87' lang='lat' dir='ltr'>aut</span> <span class='ocrx_word' id='word_1_226' title='bbox 1001 1819 1066 1859; x_wconf 88' lang='lat' dir='ltr'>ea,</span> <span class='ocrx_word' id='word_1_227' title='bbox 1109 1819 1215 1860; x_wconf 87' lang='lat' dir='ltr'>quae</span> <span class='ocrx_word' id='word_1_228' title='bbox 1246 1807 1470 1862; x_wconf 84' lang='lat' dir='ltr'>inminent,</span> 
     </span>
     <span class='ocr_line' id='line_1_34' title="bbox 137 1863 1469 1920; baseline 0.002 -15"><span class='ocrx_word' id='word_1_229' title='bbox 137 1879 224 1905; x_wconf 91' lang='lat' dir='ltr'>non</span> <span class='ocrx_word' id='word_1_230' title='bbox 250 1864 421 1905; x_wconf 85' lang='lat' dir='ltr'>videant</span> <span class='ocrx_word' id='word_1_231' title='bbox 449 1868 522 1905; x_wconf 88' lang='lat' dir='ltr'>aut</span> <span class='ocrx_word' id='word_1_232' title='bbox 547 1879 607 1915; x_wconf 89' lang='lat' dir='ltr'>ea,</span> <span class='ocrx_word' id='word_1_233' title='bbox 634 1878 741 1919; x_wconf 84' lang='lat' dir='ltr'>quae</span> <span class='ocrx_word' id='word_1_234' title='bbox 761 1864 917 1916; x_wconf 83' lang='lat' dir='ltr'>vident,</span> <span class='ocrx_word' id='word_1_235' title='bbox 943 1863 1228 1918; x_wconf 82' lang='lat' dir='ltr'>dissimulent3</span> <span class='ocrx_word' id='word_1_236' title='bbox 1257 1865 1329 1919; x_wconf 90' lang='lat' dir='ltr'>qui</span> <span class='ocrx_word' id='word_1_237' title='bbox 1349 1880 1469 1920; x_wconf 89' lang='lat' dir='ltr'>spem</span> 
     </span>
     <span class='ocr_line' id='line_1_35' title="bbox 139 1921 1470 1979; baseline 0.001 -15"><span class='ocrx_word' id='word_1_238' title='bbox 139 1921 350 1964; x_wconf 83' lang='lat' dir='ltr'>Catilinae</span> <span class='ocrx_word' id='word_1_239' title='bbox 370 1923 574 1964; x_wconf 89' lang='lat' dir='ltr'>mollibus</span> <span class='ocrx_word' id='word_1_240' title='bbox 595 1921 817 1964; x_wconf 86' lang='lat' dir='ltr'>sententiis</span> <span class='ocrx_word' id='word_1_241' title='bbox 838 1923 1035 1963; x_wconf 89' lang='lat' dir='ltr'>aluerunt</span> <span class='ocrx_word' id='word_1_242' title='bbox 1049 1923 1470 1979; x_wconf 84' lang='lat' dir='ltr'>coniurationemque</span> 
     </span>
     <span class='ocr_line' id='line_1_36' title="bbox 138 1981 1469 2037; baseline 0.002 -15"><span class='ocrx_word' id='word_1_243' title='bbox 138 1984 382 2023; x_wconf 85' lang='lat' dir='ltr'>nascentem</span> <span class='ocrx_word' id='word_1_244' title='bbox 437 1996 523 2023; x_wconf 90' lang='lat' dir='ltr'>non</span> <span class='ocrx_word' id='word_1_245' title='bbox 577 1981 781 2023; x_wconf 84' lang='lat' dir='ltr'>credendo</span> <span class='ocrx_word' id='word_1_246' title='bbox 833 1981 1232 2034; x_wconf 77' lang='lat' dir='ltr'>corroboraverunt5</span> <span class='ocrx_word' id='word_1_247' title='bbox 1289 1997 1469 2037; x_wconf 88' lang='lat' dir='ltr'>quorum</span> 
     </span>
     <span class='ocr_line' id='line_1_37' title="bbox 139 2039 1469 2095; baseline 0.001 -14"><span class='ocrx_word' id='word_1_248' title='bbox 139 2039 393 2081; x_wconf 83' lang='lat' dir='ltr'>auctoritate</span> <span class='ocrx_word' id='word_1_249' title='bbox 443 2041 568 2081; x_wconf 83' lang='lat' dir='ltr'>multi</span> <span class='ocrx_word' id='word_1_250' title='bbox 611 2055 697 2081; x_wconf 88' lang='lat' dir='ltr'>non</span> <span class='ocrx_word' id='word_1_251' title='bbox 735 2041 872 2080; x_wconf 89' lang='lat' dir='ltr'>solum</span> <span class='ocrx_word' id='word_1_252' title='bbox 908 2039 1110 2095; x_wconf 84' lang='lat' dir='ltr'>improbi,</span> <span class='ocrx_word' id='word_1_253' title='bbox 1153 2055 1301 2081; x_wconf 88' lang='lat' dir='ltr'>verum</span> <span class='ocrx_word' id='word_1_254' title='bbox 1339 2042 1469 2082; x_wconf 88' lang='lat' dir='ltr'>etiam</span> 
     </span>
     <span class='ocr_line' id='line_1_38' title="bbox 137 2098 1468 2154; baseline 0.002 -16"><span class='ocrx_word' id='word_1_255' title='bbox 137 2098 321 2152; x_wconf 86' lang='lat' dir='ltr'>inperiti,</span> <span class='ocrx_word' id='word_1_256' title='bbox 350 2099 387 2139; x_wconf 90' lang='lat' dir='ltr'>si</span> <span class='ocrx_word' id='word_1_257' title='bbox 411 2099 456 2139; x_wconf 90' lang='lat' dir='ltr'>in</span> <span class='ocrx_word' id='word_1_258' title='bbox 476 2099 587 2141; x_wconf 89' lang='lat' dir='ltr'>hunc</span> <span class='ocrx_word' id='word_1_259' title='bbox 608 2098 1015 2152; x_wconf 84' lang='lat' dir='ltr'>animadvertissem,</span> <span class='ocrx_word' id='word_1_260' title='bbox 1041 2098 1269 2140; x_wconf 86' lang='lat' dir='ltr'>crudeliter</span> <span class='ocrx_word' id='word_1_261' title='bbox 1290 2102 1332 2140; x_wconf 89' lang='lat' dir='ltr'>et</span> <span class='ocrx_word' id='word_1_262' title='bbox 1351 2100 1468 2154; x_wconf 86' lang='lat' dir='ltr'>regie</span> 
     </span>
     <span class='ocr_line' id='line_1_39' title="bbox 138 2156 1468 2211; baseline 0.002 -15"><span class='ocrx_word' id='word_1_263' title='bbox 138 2156 298 2197; x_wconf 83' lang='lat' dir='ltr'>factum</span> <span class='ocrx_word' id='word_1_264' title='bbox 331 2170 422 2198; x_wconf 84' lang='lat' dir='ltr'>esse</span> <span class='ocrx_word' id='word_1_265' title='bbox 454 2157 654 2199; x_wconf 85' lang='lat' dir='ltr'>dicerent.</span> <span class='ocrx_word' id='word_1_266' title='bbox 702 2156 827 2198; x_wconf 88' lang='lat' dir='ltr'>Nunc</span> <span class='ocrx_word' id='word_1_267' title='bbox 858 2157 1076 2211; x_wconf 87' lang='lat' dir='ltr'>intellego,</span> <span class='ocrx_word' id='word_1_268' title='bbox 1109 2157 1144 2199; x_wconf 88' lang='lat' dir='ltr'>si</span> <span class='ocrx_word' id='word_1_269' title='bbox 1171 2158 1265 2210; x_wconf 84' lang='lat' dir='ltr'>iste,</span> <span class='ocrx_word' id='word_1_270' title='bbox 1298 2171 1380 2211; x_wconf 89' lang='lat' dir='ltr'>quo</span> <span class='ocrx_word' id='word_1_271' title='bbox 1407 2159 1468 2198; x_wconf 53' lang='lat' dir='ltr'>in«</span> 
     </span>
     <span class='ocr_line' id='line_1_40' title="bbox 140 2214 1468 2270; baseline 0.002 -16"><span class='ocrx_word' id='word_1_272' title='bbox 140 2214 293 2267; x_wconf 89' lang='lat' dir='ltr'>tendit,</span> <span class='ocrx_word' id='word_1_273' title='bbox 331 2215 375 2256; x_wconf 90' lang='lat' dir='ltr'>in</span> <span class='ocrx_word' id='word_1_274' title='bbox 412 2215 628 2257; x_wconf 87' lang='lat' dir='ltr'>Manliana</span> <span class='ocrx_word' id='word_1_275' title='bbox 667 2218 807 2257; x_wconf 83' lang='lat' dir='ltr'>castra</span> <span class='ocrx_word' id='word_1_276' title='bbox 837 2216 1095 2270; x_wconf 86' lang='lat' dir='ltr'>pervenerit,</span> <span class='ocrx_word' id='word_1_277' title='bbox 1132 2216 1346 2257; x_wconf 89' lang='lat' dir='ltr'>neminem</span> <span class='ocrx_word' id='word_1_278' title='bbox 1378 2218 1468 2256; x_wconf 87' lang='lat' dir='ltr'>tam</span> 
     </span>
     <span class='ocr_line' id='line_1_41' title="bbox 140 2273 1468 2328; baseline 0.002 -15"><span class='ocrx_word' id='word_1_279' title='bbox 140 2273 319 2314; x_wconf 81' lang='lat' dir='ltr'>stultum</span> <span class='ocrx_word' id='word_1_280' title='bbox 342 2273 445 2326; x_wconf 82' lang='lat' dir='ltr'>fore,</span> <span class='ocrx_word' id='word_1_281' title='bbox 473 2274 544 2328; x_wconf 90' lang='lat' dir='ltr'>qui</span> <span class='ocrx_word' id='word_1_282' title='bbox 562 2289 649 2316; x_wconf 90' lang='lat' dir='ltr'>non</span> <span class='ocrx_word' id='word_1_283' title='bbox 668 2275 810 2315; x_wconf 82' lang='lat' dir='ltr'>videat</span> <span class='ocrx_word' id='word_1_284' title='bbox 829 2274 1165 2316; x_wconf 86' lang='lat' dir='ltr'>coniurationem</span> <span class='ocrx_word' id='word_1_285' title='bbox 1186 2288 1277 2315; x_wconf 87' lang='lat' dir='ltr'>esse</span> <span class='ocrx_word' id='word_1_286' title='bbox 1297 2273 1468 2328; x_wconf 86' lang='lat' dir='ltr'>factam,</span> 
     </span>
     <span class='ocr_line' id='line_1_42' title="bbox 137 2332 1468 2388; baseline 0.002 -16"><span class='ocrx_word' id='word_1_287' title='bbox 137 2332 350 2373; x_wconf 84' lang='lat' dir='ltr'>neminem</span> <span class='ocrx_word' id='word_1_288' title='bbox 375 2334 464 2373; x_wconf 87' lang='lat' dir='ltr'>tam</span> <span class='ocrx_word' id='word_1_289' title='bbox 489 2333 743 2388; x_wconf 84' lang='lat' dir='ltr'>improbum,</span> <span class='ocrx_word' id='word_1_290' title='bbox 769 2332 838 2387; x_wconf 82' lang='lat' dir='ltr'>qui</span> <span class='ocrx_word' id='word_1_291' title='bbox 867 2348 952 2374; x_wconf 88' lang='lat' dir='ltr'>non</span> <span class='ocrx_word' id='word_1_292' title='bbox 971 2332 1168 2374; x_wconf 85' lang='lat' dir='ltr'>fateatur.</span> <span class='ocrx_word' id='word_1_293' title='bbox 1213 2332 1305 2373; x_wconf 89' lang='lat' dir='ltr'>Hoc</span> <span class='ocrx_word' id='word_1_294' title='bbox 1326 2334 1468 2374; x_wconf 89' lang='lat' dir='ltr'>autem</span> 
     </span>
     <span class='ocr_line' id='line_1_43' title="bbox 1189 2401 1259 2434; baseline 0 0"><span class='ocrx_word' id='word_1_295' title='bbox 1189 2401 1259 2434; x_wconf 69' lang='lat'>17*</span> 
     </span>
    </p>
   </div>
  </div>
 </body>
</html>
