1619 2542
552 89 653 124 CAP.
680 94 770 124 5—7
798 93 816 131 g
846 94 993 126 16-2-2.
1365 91 1448 132 185

102 186 322 228 nationem
366 199 634 240 comparare,
672 185 815 239 eiedo,
854 199 980 239 quam
1018 185 1261 251 perniciosa
1294 189 1448 240 essent,

103 260 189 287 non
227 244 439 286 videretis.
501 243 611 293 Quid
651 243 763 285 enim
803 244 1038 285 cavendum
1079 247 1145 285 est
1184 244 1229 285 in
1270 220 1448 287 coloniis
1474 231 1519 314 70

105 303 388 345 deducendis?
457 301 503 344 Si
540 302 746 356 luxuries,
792 302 1083 344 Hannibalem
1120 303 1263 357 ipsum
1301 302 1449 359 Capua
1476 305 1493 313 ”

105 363 316 417 corrupit,
349 362 386 402 si
418 361 630 416 superbia,
660 363 765 402 nata
796 361 900 402 inibi
935 376 1027 403 esse
1057 361 1163 403 haec
1190 376 1241 403 ex
1267 361 1447 417 Campa-

68 434 84 458 5
104 436 257 463 norum
282 420 458 462 fastidio
486 420 665 473 videtur,
697 420 733 461 si
759 419 1030 475 praesidium,
1054 435 1141 462 non
1167 421 1448 475 praeponitur

104 480 203 521 huic
240 479 336 520 urbi
376 479 461 519 ista
498 479 684 532 colonia,
722 479 793 520 sed
832 479 1074 533 opponitur.
1138 479 1197 521 At
1235 495 1361 534 quem
1395 480 1448 521 ad

104 538 276 580 modum
315 540 518 592 armatur,
556 537 598 578 di
630 537 920 579 immortales!
983 537 1098 579 Nam
1129 538 1246 580 bello
1279 539 1443 580 Punico

105 596 305 651 quicquid
347 596 490 651 potuit
531 594 697 650 Capua,
739 596 884 650 pot-uit
928 597 1022 651 ipsa
1061 611 1138 652 per
1183 611 1292 651 sese3
1336 612 1448 639 nunc

105 670 251 697 omnes
293 656 438 709 urbes,
478 669 586 709 quae
627 655 785 696 circum
826 653 1019 709 Capuam
1062 657 1179 709 sunt,
1219 670 1244 696 a
1284 656 1447 698 colonis

51 726 85 751 10
103 729 180 770 per
217 714 388 755 eosdem
429 713 690 755 decemviros
725 714 1062 767 occupabuntur,
1102 714 1214 756 hanc
1246 715 1358 756 enim
1392 715 1446 756 ob

105 787 278 815 causam
309 772 524 827 permittit
555 772 649 827 ipsa
681 772 761 825 lex,
790 772 838 813 in
869 772 1024 825 omnia,
1057 787 1164 826 quae
1196 773 1341 826 velint,
1374 788 1447 827 op-

104 832 205 887 pida
255 832 429 873 colonos
478 834 527 872 ut
577 831 807 872 decemviri
856 830 1085 884 deducant,
1142 846 1248 886 quos
1299 832 1446 873 velint.

104 891 246 945 Atque
295 890 362 931 his
413 889 575 931 colonis
625 904 778 945 agrum
823 888 1092 944 Campanum
1136 893 1178 931 et
1223 888 1447 932 Stellatem

105 964 303 1004 campum
360 948 491 990 dividi
546 948 676 990 iubet.
755 947 855 989 Non
906 963 1061 1002 queror
1111 948 1446 990 deminutionem
1473 961 1516 992 21

52 1019 84 1044 15
104 1007 396 1062 vectigalium,
420 1022 508 1049 non
532 1007 745 1062 flagitium
770 1006 896 1048 huius
923 1008 1114 1049 iacturae
1141 1010 1269 1073 atque
1290 1008 1447 1060 damni,

104 1066 401 1121 praetermitto
438 1066 535 1120 illa,
575 1080 683 1120 quae
720 1080 845 1107 nemo
885 1068 950 1106 est
983 1066 1085 1120 quin
1118 1066 1373 1120 gravissime
1405 1069 1448 1107 et

104 1125 325 1166 verissime
355 1100 555 1179 conqueri
580 1124 732 1178 possit,
756 1139 834 1165 nos
855 1128 984 1178 caput
1002 1124 1254 1190 patrimonii
1273 1125 1448 1179 publici,

104 1183 436 1238 pulcherrimam
468 1183 616 1238 populi
641 1183 827 1224 Romani
852 1183 1181 1248 possessionem,
1208 1183 1447 1225 subsidium

106 1257 315 1296 annonae,
357 1242 560 1283 horreum
602 1242 722 1295 belli,
766 1242 844 1283 sub
890 1242 1014 1297 signo
1059 1242 1344 1296 claustiisque
1385 1242 1448 1283 rei

52 1312 86 1337 20
104 1301 301 1356 publicae
341 1300 532 1355 positum
569 1300 756 1356 vectigal
789 1315 958 1341 servare
983 1315 1069 1341 non
1102 1300 1312 1354 potuisse,
1352 1315 1448 1342 eum

106 1359 284 1414 denique
325 1373 404 1401 nos
450 1373 602 1414 agrum
644 1358 690 1399 P.
733 1359 861 1400 Rullo
906 1359 1184 1412 concessisse,
1228 1359 1301 1413 qui
1345 1373 1448 1414 ager

105 1418 197 1472 ipse
229 1432 304 1471 per
337 1432 428 1458 sese
462 1422 504 1459 et
536 1417 737 1458 Sullanae
770 1417 1057 1458 dominationi
1088 1420 1130 1458 et
1156 1417 1448 1459 Gracchorum

106 1476 330 1530 largitioni
354 1476 604 1529 restitisset,
629 1490 715 1517 non
742 1475 834 1516 dico
862 1476 1001 1516 solum
1027 1475 1109 1516 hoc
1134 1476 1179 1516 in
1204 1489 1249 1516 re
1274 1476 1448 1529 publica

106 1534 288 1588 vectigal
323 1548 426 1587 esse,
458 1534 570 1588 quod
602 1534 771 1574 amissis
804 1533 900 1574 aliis
926 1536 1158 1587 remaneat,
1189 1534 1446 1575 intermissis

53 1604 87 1629 25
106 1607 193 1634 non
225 1592 517 1645 conquiescat,
549 1592 594 1632 in
625 1606 728 1646 pace
758 1592 912 1645 niteat,
944 1592 988 1632 in
1018 1592 1132 1632 bello
1164 1606 1251 1633 non
1283 1593 1447 1634 obsole-

107 1654 217 1703 scat,
272 1651 454 1692 militem
512 1653 739 1703 sustentet,
794 1649 965 1691 hostem
1015 1664 1103 1691 non
1150 1650 1446 1705 pertimescat3

105 1710 404 1764 praetermitto
443 1723 611 1750 omnem
650 1708 760 1749 hanc
798 1708 1035 1749 orationem
1077 1711 1119 1750 et
1156 1708 1348 1751 contioni
1385 1725 1445 1752 re-

107 1783 247 1822 servo,
287 1768 336 1809 de
374 1767 562 1821 periculo
597 1767 749 1808 salutis
783 1782 830 1808 ac
861 1767 1076 1808 libertatis
1108 1767 1273 1821 loquor.
1336 1767 1445 1817 Quid
1472 1780 1514 1811 22

108 1827 219 1868 enim
263 1826 519 1868 existimatis
560 1826 777 1880 integrum
815 1825 938 1866 vobis
975 1825 1020 1866 in
1057 1840 1103 1866 re
1143 1826 1317 1880 publica
1353 1826 1444 1868 fore

54 1897 88 1922 30
108 1888 181 1926 aut
224 1885 270 1926 in
305 1889 451 1926 vestra
488 1884 687 1925 libertate
726 1898 774 1925 ac
813 1884 1023 1937 dignitate
1064 1884 1303 1938 retinenda,
1349 1900 1444 1926 cum

106 1943 260 1985 Rullus
281 1947 408 1997 atque
428 1943 470 1995 ii,
491 1957 598 1996 quos
619 1943 755 1983 multo
776 1942 914 1996 magis
936 1957 1062 1996 quam
1076 1943 1250 1984 Rullum
1270 1944 1444 1994 timetis,

107 2016 203 2043 cum
244 2002 360 2043 omni
404 2002 622 2056 egentium
660 2003 787 2054 atque
827 2001 1119 2055 improborum
1158 2016 1305 2054 manu,
1349 2017 1443 2043 cum

108 2060 305 2101 omnibus
344 2061 495 2114 copiis,
533 2075 628 2101 cum
667 2057 783 2100 omni
821 2061 1001 2114 argento
1040 2062 1082 2101 et
1114 2074 1218 2101 auro
1251 2058 1443 2113 Capuam

108 2121 150 2160 et
181 2118 306 2159 urbes
340 2119 450 2159 circa
482 2118 675 2172 Capuam
708 2117 982 2172 occuparint?

53 2188 87 2213 35
194 2176 274 2217 His
314 2190 393 2230 ego
431 2177 575 2229 rebus,
619 2179 762 2230 patres
801 2176 1048 2229 conscripti,
1084 2176 1284 2217 resistam
1320 2175 1442 2216 vehe-

106 2237 271 2276 menter
315 2237 444 2288 atque
483 2236 636 2276 acriter
679 2248 815 2287 neque
858 2234 1000 2288 patiar
1042 2234 1237 2275 homines
1282 2247 1331 2274 ea
1374 2249 1441 2274 me

107 2293 278 2335 consule
305 2307 563 2347 expromere,
595 2307 701 2347 quae
728 2295 876 2334 contra
901 2307 990 2334 rem
1015 2292 1231 2347 publicam
1258 2291 1344 2332 iam
1371 2291 1441 2333 diu
