1687 2533
190 558 229 588 17

202 1294 227 1334 8

186 1344 227 1376 18

186 2020 226 2051 19

257 97 344 138 464
452 98 514 132 DE
542 97 677 133 DOMO
706 98 795 133 SUA
821 99 885 133 AD
911 98 1194 134 PONTIFICES
1221 98 1406 135 ORATIO.

258 193 469 235 bonorum
490 195 843 249 expostulatione,
869 195 1151 249 inproborum
1171 195 1363 237 convicia
1383 196 1596 238 sustinere

257 267 343 293 non
381 257 586 306 poteram.
648 253 855 307 Delegavi
897 253 1033 294 amico
1072 254 1358 308 locupletiori,
1396 269 1480 296 non
1513 270 1595 309 quo

257 311 322 351 illi
365 311 428 352 ita
471 311 520 353 de
562 327 628 353 me
667 312 819 353 merito
860 326 964 353 onus
1003 311 1111 353 illud
1148 312 1395 366 inponerem
1434 311 1596 369 (succu-

257 369 446 411 buissem
479 371 591 411 enim
622 370 767 424 potius
793 370 918 425 ipse),
950 371 1023 412 sed
1050 371 1150 425 quia
1174 371 1369 412 videbam
1395 371 1450 426 id,
1483 372 1595 426 quod

259 442 423 482 omnes,
469 429 580 482 quod
623 443 701 470 nos
745 429 794 470 de
833 428 906 470 Cn.
943 428 1147 483 Pompeio
1191 430 1509 484 polliceremur,
1553 431 1631 472 1115

257 487 379 527 11111111
410 487 504 540 fide,
537 488 728 542 consilio,
760 488 930 541 virtute,
962 488 1228 542 auctoritate,
1253 488 1459 530 felicitate
1485 489 1596 530 deni-

259 560 339 599 que
381 560 456 587 sua
493 546 697 587 facillime
736 547 1035 600 perfecturum.
1096 546 1247 601 Itaque
1288 548 1374 589 sive
1411 547 1523 590 huno
1554 548 1595 588 di

257 604 523 645 immortales
561 605 749 646 fructum
786 606 869 646 mei
906 605 1066 646 reditus
1106 606 1265 659 populo
1297 605 1491 648 Romano
1522 607 1595 647 tri·

258 663 407 715 buunt,
439 666 498 717 ut,
526 678 650 718 quem
684 665 735 705 ad
762 664 934 705 modum
968 664 1156 705 discessu
1188 679 1281 706 meo
1306 664 1478 719 frugum
1504 665 1593 706 ino-

256 721 339 775 pia,
370 722 517 776 fames,
544 724 736 777 vastitas,
763 723 923 777 caedes,
947 723 1151 776 incendia,
1177 723 1364 778 rapinae,
1389 725 1594 765 scelerum
1615 737 1648 762 10

256 780 507 835 impunitas,
540 781 661 836 fuga,
691 781 896 835 formido,
929 781 1138 823 discordia
1168 781 1333 835 fuisset,
1365 782 1424 824 sic
1456 782 1594 823 reditu

257 838 431 880 ubertas
459 853 673 895 agrorum,
702 840 876 895 frugum
903 841 1036 894 copia,
1062 854 1159 895 spes
1187 841 1276 895 otii,
1301 841 1592 895 tranquillitas

257 898 514 952 animorum,
558 899 730 951 iudicia,
774 900 909 953 leges,
948 899 1174 940 concordia
1211 899 1375 953 populi,
1419 902 1592 941 senatus

257 957 492 998 auctoritas
525 972 689 999 mecum
720 957 844 998 simul
870 957 1045 998 reducta
1069 958 1275 1011 videatur,
1309 958 1397 999 sive
1423 961 1592 1012 egomet

257 1015 416 1068 aliquid
437 1016 622 1057 adventu
643 1030 749 1066 meo,
776 1016 965 1070 consilio,
986 1016 1252 1070 auctoritate,
1272 1016 1496 1071 diligentia
1514 1031 1591 1071 pro
1613 1029 1645 1056 15

255 1076 377 1114 tanto
404 1074 609 1115 beneficio
630 1075 779 1128 populi
798 1075 981 1116 Romani
1000 1077 1219 1128 praestare
1240 1075 1382 1116 debui:
1407 1078 1593 1130 praesto,

254 1132 473 1186 promitto,
506 1133 692 1186 spondeo
728 1132 854 1189 (nihil
881 1133 972 1174 dico
998 1134 1193 1187 amplius,
1223 1133 1316 1187 1100,
1348 1134 1460 1187 quod
1487 1134 1591 1175 satis

255 1193 320 1231 est
351 1191 450 1232 huic
476 1192 673 1245 tempori,
706 1190 817 1247 (1100)
845 1207 934 1233 rem
960 1192 1176 1245 publicam
1203 1206 1396 1233 annonae
1421 1193 1592 1233 nomine

255 1249 299 1289 in
336 1249 379 1290 id
418 1249 662 1302 discrimen,
703 1265 785 1304 quo
825 1251 1076 1304 vocabatur,
1113 1265 1200 1291 non
1231 1264 1323 1291 esse
1354 1253 1591 1292 venturam.

254 1307 368 1348 Num
401 1308 534 1362 igitur
565 1309 610 1349 in
641 1308 722 1350 1100
755 1308 908 1362 officio,
941 1309 1053 1362 quod
1080 1308 1163 1350 fuit
1188 1309 1411 1364 praecipue
1437 1324 1591 1363 meum,
1611 1323 1644 1348 20

255 1367 467 1408 sententia
504 1381 599 1408 mea
635 1367 988 1422 reprelienditur?
1050 1366 1156 1409 Rem
1193 1368 1422 1408 maximam
1459 1368 1589 1409 fuisse

256 1425 487 1478 summique
528 1426 707 1479 periculi
749 1441 835 1467 non
872 1426 1012 1467 solum
1050 1441 1074 1467 a
1110 1425 1241 1480 fame,
1285 1426 1357 1467 sed
1397 1426 1528 1467 etiam
1566 1441 1591 1468 a

255 1484 392 1534 caede,
426 1485 646 1538 incendiis,
672 1485 875 1526 vastitate
900 1498 1025 1525 nemo
1050 1487 1192 1540 negat,
1218 1499 1312 1526 cum
1339 1484 1392 1526 ad
1418 1499 1589 1526 causam

255 1542 448 1584 caritatis
487 1543 704 1585 accederet
740 1544 822 1584 iste
860 1543 1103 1597 speculator
1141 1543 1427 1584 communium
1464 1543 1589 1585 mise-

254 1601 425 1654 riarum,
458 1602 530 1656 qui
563 1616 728 1655 semper
760 1616 809 1643 ex
841 1602 902 1643 rei
933 1602 1128 1656 publicae
1161 1602 1286 1643 malis
1321 1601 1490 1644 sceleris
1524 1602 1589 1644 sui
1608 1615 1641 1641 25

254 1658 368 1701 faces
400 1660 698 1701 inflammaret.

342 1717 487 1772 Negat
536 1719 778 1773 oportuisse
830 1719 1055 1773 quicquam
1104 1719 1178 1759 uni
1228 1721 1347 1760 extra
1397 1719 1588 1761 ordinem

255 1775 431 1817 decerni.
489 1776 586 1818 Non
618 1778 704 1819 iani
736 1777 817 1818 tibi
850 1778 910 1819 810
942 1777 1206 1831 respondebo
1238 1780 1286 1818 ut
1318 1779 1481 1831 ceteris,
1513 1777 1587 1820 Cn.

254 1834 458 1888 Pompeio
484 1836 680 1890 plurima,
705 1836 1082 1890 periculosissima,
1108 1836 1295 1877 maxima
1322 1836 1429 1877 mari
1455 1838 1587 1877 terra·

255 1907 335 1946 que
361 1893 477 1934 bella
503 1897 622 1935 extra
649 1895 838 1935 ordinem
859 1909 951 1935 esse
972 1894 1218 1947 commissa3
1245 1909 1423 1948 quarum
1442 1908 1584 1935 rerum
1605 1906 1639 1932 30

255 1951 291 1992 si
317 1965 441 2006 quem
467 1952 696 2006 paeniteat,
724 1967 819 1994 eum
838 1952 1042 1994 victoriae
1068 1952 1216 2007 populi
1235 1952 1418 1993 Romani
1444 1953 1586 2006 paeni-

253 2013 353 2052 tere.
404 2008 504 2050 Non
535 2010 597 2051 ita
628 2013 769 2052 tecum
802 2025 900 2065 ago3
934 2026 1029 2052 cum
1059 2011 1111 2051 iis
1144 2010 1247 2052 haec
1279 2025 1304 2052 a
1335 2025 1401 2051 me
1435 2011 1586 2052 haberi

255 2068 391 2109 oratio
417 2070 574 2123 potest,
602 2069 673 2123 qui
698 2069 759 2110 ita
786 2069 1018 2123 disputant,
1046 2083 1101 2122 se,
1128 2068 1164 2109 si
1184 2083 1268 2122 qua
1286 2083 1353 2110 res
1375 2069 1427 2110 ad
1453 2084 1585 2111 unum

255 2126 482 2168 deferenda
509 2127 576 2181 sit,
609 2127 661 2168 ad
682 2126 755 2168 Cn.
775 2127 1026 2182 Pompeium
1052 2127 1268 2168 delaturos
1294 2127 1583 2182 potissimum5

254 2185 327 2225 sed
359 2199 402 2226 se
435 2188 556 2226 extra
589 2185 780 2227 ordinem
811 2186 919 2227 nihil
953 2185 1148 2239 cuiquam
1175 2185 1292 2239 dare3
1325 2186 1437 2240 quod
1461 2185 1581 2227 Pom·
1602 2196 1635 2222 35

252 2243 348 2297 peio
381 2243 527 2284 datum
560 2244 628 2297 sit,
660 2243 702 2284 id
735 2258 778 2284 se
811 2258 887 2297 pro
921 2244 1128 2299 dignitate
1153 2243 1339 2285 hominis
1366 2257 1515 2285 ornare
1542 2246 1583 2285 et

251 2302 363 2343 tueri
395 2302 542 2345 solere.
604 2301 769 2344 Horum
802 2315 881 2358 ego
914 2301 1172 2343 sententiam
1202 2316 1255 2343 ne
1287 2302 1471 2356 laudem,
1507 2302 1582 2343 im-
