1619 2542
466 626 527 672 M.
568 625 755 671 TULLI
794 625 1121 699 CICERONIS

159 734 253 788 DE
296 735 480 788 LEGE
524 733 838 788 AGRARIA
881 734 1132 788 ORATIO
1178 733 1433 788 TERTIA

125 848 372 895 CONTRA
411 848 462 895 P.
496 847 841 895 SERVILIUM
878 847 1140 894 RULLUM
1167 848 1259 895 TR.
1286 848 1462 895 PLEB.

568 930 653 976 AD
691 929 1000 977 POPULUM.

597 1118 987 1158 ARGUMENTUM.

220 1196 316 1231 Cum.
336 1197 383 1231 M.
410 1196 537 1231 Cicero
564 1195 732 1230 oratione
760 1197 889 1230 contra
913 1195 1035 1240 legem
1063 1196 1250 1240 agrariam
1277 1195 1375 1240 apud
1400 1207 1466 1240 po-

124 1244 253 1288 pulum
276 1243 408 1278 habita
432 1243 574 1277 animos
599 1242 788 1277 hominum
818 1243 864 1277 ab
895 1243 962 1277 illa
992 1243 1075 1287 Iege
1101 1254 1218 1288 paene
1243 1245 1465 1286 revocasset,

124 1291 162 1326 P.
191 1290 366 1325 Servilius
391 1290 521 1324 Rullus
552 1291 678 1324 tamen
710 1291 757 1324 ab
790 1289 965 1324 instituto
1001 1301 1066 1324 suo
1098 1301 1173 1325 non
1198 1291 1368 1333 recessit,
1402 1291 1467 1324 sed

125 1349 168 1373 eo
201 1336 385 1372 Ciceronis
421 1337 681 1371 auctoritatem
720 1336 905 1371 infirmare
942 1337 1101 1379 studuit,
1141 1337 1240 1381 quod
1273 1337 1467 1372 absentem

126 1385 225 1429 apud
262 1385 440 1429 populum
477 1383 743 1418 criminabatur
780 1395 824 1418 ea
862 1383 989 1418 omnia
1025 1384 1147 1418 facere
1187 1384 1464 1428 gratificantem

126 1431 359 1466 Sullanarum
391 1431 693 1475 adsignationum
724 1430 1009 1475 possessoribus.
1067 1430 1108 1464 Id
1141 1441 1223 1464 cum
1256 1431 1303 1464 M.
1338 1429 1466 1465 Cicero

127 1478 339 1522 accepisset,
364 1478 443 1522 ipse
470 1477 678 1512 contionem
707 1477 926 1511 convocavit
952 1478 1063 1520 atque
1091 1478 1204 1511 etiam
1230 1476 1300 1511 hoc
1328 1478 1467 1511 crimen

125 1525 235 1558 inane
261 1535 340 1558 esse
365 1524 435 1558 hac
459 1524 564 1559 brevi
590 1524 756 1558 oratione
783 1523 1062 1558 demonstravit.
1104 1523 1241 1557 Postea
1265 1534 1353 1557 vero
1380 1534 1464 1557 cnm

127 1571 240 1605 etiam
275 1571 313 1606 L.
342 1569 522 1605 Caecilius
556 1573 599 1605 tr.
638 1571 734 1614 p.1eb
770 1581 808 1604 se
845 1570 922 1613 legi
961 1569 1139 1604 Serviliae
1177 1570 1465 1604 intercessurum

126 1628 208 1699 {isse
243 1617 574 1698 pgonuntiavisset,
608 1583 662 1651 Ρ.Ρ
672 1617 802 1650 Rullus
834 1601 1075 1661 perferendae
1108 1616 1203 1661 legis
1231 1628 1318 1652 suae
1347 1617 1466 1652 consi-

143 1676 218 1698 lum
245 1676 266 1698 a
294 1664 382 1699 iecit

217 1807 490 1850 Commodius
533 1807 735 1848 fecissent
771 1806 933 1848 tribuni
974 1806 1129 1861 plebis,
1174 1806 1376 1859 Quirites,
1421 1808 1467 1859 si,

131 1882 240 1921 quae
279 1867 391 1921 apud
429 1880 505 1907 vos
538 1866 587 1906 de
621 1880 687 1906 me
720 1865 932 1918 deferunt,
971 1880 1020 1906 ea
1052 1880 1194 1906 coram
1226 1866 1370 1920 potius
1402 1880 1468 1907 me

129 1928 350 1979 praesente
394 1925 618 1978 dixissent,
659 1939 759 1965 nam
796 1927 838 1964 et
876 1924 1136 1978 aequitatem
1175 1926 1344 1965 vestrae
1383 1925 1468 1965 dis-

132 1983 386 2037 ceptationis
425 1986 467 2024 et
505 1982 853 2024 consuetudinem
892 1982 1157 2036 superiorum
1196 1985 1238 2023 et
1269 1983 1334 2023 ius
1367 1997 1468 2024 suae

96 2066 112 2090 5
133 2042 360 2095 potestatis
398 2042 688 2082 retinuissent.
750 2040 830 2082 Sed
862 2041 1064 2094 quoniam
1097 2041 1233 2082 adhue
1264 2056 1467 2095 praesens

134 2103 346 2140 certamen
378 2100 778 2153 contentionemque
810 2098 1030 2152 fugerunt,
1070 2114 1198 2150 nunc,
1233 2100 1268 2139 si
1300 2099 1468 2140 videtur

135 2157 206 2210 eis,
237 2157 283 2197 in
313 2172 451 2199 meam
483 2159 725 2199 contionem
756 2157 966 2210 prodeant
997 2161 1051 2210 et,
1083 2173 1165 2212 quo
1197 2158 1418 2210 provocati
1444 2172 1468 2198 a
1539 2154 1542 2155 ⁷

134 2231 203 2257 1116
251 2215 396 2256 venire
443 2218 688 2268 noluerunt,
744 2216 933 2256 revocati
982 2192 1137 2257 sastem
1186 2218 1467 2256 revertantur.

133 2273 271 2314 Video
311 2274 535 2328 quosdam,
579 2274 783 2323 Quirites,
831 2274 1013 2328 strepitu
1051 2274 1293 2330 significare
1323 2275 1465 2315 nescio
1493 2285 1513 2314 2

82 2357 116 2381 10
137 2332 236 2386 quid
276 2334 318 2372 et
355 2347 441 2373 non
473 2333 643 2374 eosdem
674 2332 838 2384 vultus,
881 2347 986 2386 quos
1019 2333 1214 2387 proxima
1246 2347 1341 2373 mea
1373 2346 1467 2373 con-

1188 2399 1256 2434 15*

1496 1794 1518 1874 ›dv-n
