1619 2542
396 620 458 669 M.
510 619 744 667 TULLI
794 619 1218 669 CICERONIS

272 729 524 785 ORATIO
568 729 641 784 IN
686 729 1063 785 CATILINAM
1106 729 1328 785 PRIMA

477 844 548 890 IN
588 844 838 891 SENATU
875 843 1132 890 HABITA.

616 997 878 1036 ARGUMEN
883 997 1005 1036 TUM.

230 1074 268 1110 L.
296 1074 447 1118 Sergius
475 1072 652 1116 Catilina,
685 1073 796 1109 homo
827 1074 978 1119 patricii
1009 1074 1172 1118 generis,
1205 1085 1342 1118 magna
1374 1074 1412 1110 vi
1437 1076 1474 1110 et

136 1121 252 1156 animi
277 1122 316 1156 et
341 1120 516 1166 corporis,
543 1120 608 1155 sed
633 1121 785 1165 ingenio
810 1121 908 1156 malo
935 1132 1138 1166 pravoque,
1165 1122 1384 1166 praetorius,
1412 1123 1474 1165 qui

136 1170 211 1203 iam
237 1179 268 1204 a.
296 1179 330 1202 u.
358 1179 387 1204 c.
415 1170 482 1202 689
516 1168 667 1202 caedem
701 1169 894 1203 consulum
925 1168 1046 1202 facere
1079 1179 1194 1212 eaque
1230 1168 1330 1203 facta
1353 1179 1473 1203 rerum

136 1215 251 1259 potiri
298 1215 558 1258 constituerat,
608 1225 696 1249 casu
740 1216 863 1249 autem
914 1225 991 1249 rem
1040 1216 1215 1259 perficere
1263 1215 1474 1260 prohibitus

138 1264 233 1305 erat,
268 1263 395 1296 ascitis
429 1261 477 1296 ad
508 1261 704 1296 consilium
736 1262 789 1297 rei
819 1261 991 1306 publicae
1023 1261 1287 1307 opprimendae
1318 1261 1474 1297 homini-

136 1309 205 1343 bus
248 1309 366 1343 omnis
411 1308 557 1354 generis
601 1308 863 1353 perditissimis
908 1310 1018 1353 atque
1063 1309 1337 1351 audacissimis,
1383 1320 1474 1353 quos

136 1356 279 1400 inopia,
313 1355 516 1401 cupiditas,
549 1355 690 1390 scelera
721 1356 981 1400 stimulabant,
1013 1356 1246 1390 consulatum
1276 1357 1314 1391 in
1340 1367 1475 1391 annum

139 1407 205 1438 691
231 1415 266 1447 p.
294 1414 328 1438 u.
355 1414 384 1437 c.
411 1402 564 1448 petivit,
600 1403 664 1437 sed
691 1413 789 1446 cum,
817 1413 909 1447 quae
933 1404 973 1437 in
999 1402 1329 1447 animo.habebat,
1354 1403 1475 1448 perni-

138 1450 240 1484 ciosa
276 1450 330 1484 rei
367 1450 539 1494 publicae
577 1450 731 1484 consilia
767 1461 898 1494 parum
936 1450 1124 1485 occultata
1160 1451 1300 1492 essent,
1344 1451 1476 1485 studiis

136 1497 318 1531 bonorum
344 1496 508 1531 omnium
533 1496 582 1532 M.
596 1496 738 1531 Tullius
765 1497 891 1532 Cicero
917 1508 991 1532 una
1010 1508 1093 1531 cum
1113 1496 1149 1533 C.
1164 1497 1326 1532 Antonio
1346 1498 1476 1532 consul

136 1544 257 1578 factus
288 1544 353 1579 est.
407 1544 486 1586 Qua
519 1554 557 1578 re
584 1547 790 1579 commotus
816 1544 856 1579 L.
883 1543 1044 1579 Catilina
1068 1545 1116 1579 M.
1138 1544 1313 1579 Cicerone
1339 1544 1377 1580 C.
1402 1545 1476 1579 An-

136 1590 241 1625 tonio
274 1590 488 1626 consulibus
523 1591 691 1635 cupidius
724 1592 837 1626 etiam
870 1603 936 1626 sua
967 1591 1123 1626 consilia
1154 1592 1311 1636 recepit,
1343 1591 1476 1635 quibus

137 1638 295 1672 maxime
328 1638 516 1673 Ciceronis
549 1638 711 1673 consulis
743 1638 943 1683 diligentia
971 1638 1125 1681 restitit,
1158 1638 1206 1673 ad
1237 1649 1346 1682 quem
1379 1638 1476 1674 Cati-

138 1684 237 1718 linae
263 1684 416 1729 eiusque
443 1686 625 1720 sociorum
653 1685 808 1720 consilia
834 1696 856 1720 a
882 1685 1022 1728 Fulvia,
1048 1685 1200 1720 muliere
1225 1684 1353 1728 nobili,
1380 1696 1476 1729 quae

138 1742 216 1765 rem
250 1731 414 1766 habebat
447 1742 529 1766 cum
556 1731 595 1773 Q.
619 1731 743 1775 Curio,
779 1732 843 1776 qui
874 1733 1061 1777 particeps
1093 1732 1164 1766 fuit
1190 1731 1475 1776 conspirationis

138 1777 251 1820 illius,
278 1778 548 1813 deferebantur.
596 1778 686 1813 Cum
712 1780 835 1813 autem
861 1779 934 1814 ista
958 1779 1058 1814 mala
1084 1779 1239 1814 consilia
1264 1779 1393 1812 contra
1419 1789 1475 1813 sa-

140 1823 256 1858 lutem
282 1824 335 1859 rei
360 1825 532 1869 publicae
560 1837 581 1860 a
606 1826 807 1860 coniuratis
833 1826 926 1860 inita
951 1827 1113 1871 apertius
1138 1826 1213 1860 iam
1234 1826 1475 1869 agitarentur,

140 1872 289 1905 senatus
311 1871 520 1906 consultum
542 1872 682 1907 factum
703 1874 771 1916 est,
797 1873 929 1908 darent
951 1884 1102 1917 operam
1123 1873 1301 1914 consules,
1321 1883 1366 1906 ne
1387 1871 1476 1916 quid

140 1928 198 1952 res
219 1918 369 1962 publica
389 1918 602 1953 detrimenti
629 1921 788 1964 caperet,
815 1919 1059 1963 effectumque
1079 1920 1146 1962 est,
1171 1920 1213 1952 ut
1232 1917 1393 1953 Catilina
1413 1930 1477 1963 spe

141 1964 367 2008 consulatus,
394 1976 503 2008 quem
529 1966 567 1999 in
586 1966 794 2009 proximum
814 1977 949 2000 annum
969 1966 1130 2011 petebat,
1158 1965 1354 2009 excideret,
1381 1965 1476 2000 desi-

140 2012 416 2056 gnarenturque
442 2012 485 2046 D.
513 2011 660 2046 Silanus
687 2014 724 2047 et
749 2014 788 2048 L.
814 2013 977 2048 Murena.
1029 2011 1129 2053 Quae
1154 2023 1238 2046 cum
1263 2013 1317 2046 ita
1342 2014 1477 2056 essent,

141 2059 181 2092 L.
209 2057 388 2101 Catilina,
425 2058 486 2102 qui
517 2059 592 2093 iam
625 2061 711 2094 ante
736 2070 802 2104 per
827 2059 974 2094 Italiam
1003 2059 1051 2093 ad
1075 2058 1241 2093 homines
1268 2059 1476 2103 seditiosos,

140 2106 300 2139 maxime
326 2106 469 2139 veteres
489 2104 527 2139 L.
551 2105 676 2140 Sullae
700 2106 851 2151 milites,
877 2105 1118 2141 concitandos
1143 2105 1293 2141 nuntios
1313 2106 1476 2150 miserat,

141 2151 189 2186 ad
224 2151 260 2187 C.
286 2151 483 2195 Manlium,
521 2152 582 2195 qui
620 2151 812 2197 Faesulas,
846 2154 885 2187 in
921 2153 1048 2187 urbem
1082 2152 1250 2187 Etruriae
1285 2154 1476 2196 munitam,

140 2209 291 2233 manum
333 2200 558 2233 armatorum
597 2200 786 2243 coegerat,
822 2199 1004 2245 proficisci
1042 2199 1236 2234 constituit
1268 2201 1307 2234 et
1338 2199 1477 2234 bellum

141 2246 286 2290 patriae
325 2245 459 2280 inferre
493 2246 778 2289 convocatisque
808 2248 934 2289 nocte,
973 2256 1065 2289 quae
1095 2246 1191 2280 inter
1222 2246 1308 2280 VIII
1340 2247 1378 2281 et
1409 2245 1477 2280 VII

142 2292 194 2327 Id.
220 2291 449 2327 Novembres
475 2292 571 2335 erat,
613 2292 723 2326 sociis
749 2292 789 2327 in
814 2293 963 2328 domum
987 2293 1034 2329 M.
1060 2293 1166 2327 Porci
1192 2293 1332 2328 Laecae
1358 2292 1477 2328 consi-

141 2338 243 2381 lium,
265 2339 363 2383 quod
383 2339 543 2384 ceperat,
565 2338 719 2384 aperuit.
758 2338 838 2381 Qua
857 2341 895 2374 in
909 2339 1197 2383 congregatione
1210 2341 1391 2374 nocturna
1405 2339 1476 2374 duo
