1619 2542
191 109 275 148 144
533 109 627 144 PRO
654 109 696 144 A.
724 108 965 145 CLUENTIO
992 109 1180 146 ORATIO.

189 204 295 245 dunt
332 207 484 246 cetera.
539 204 690 259 Itaque
729 208 771 246 et
809 206 1048 246 maiestatis
1086 205 1274 247 absoluti
1306 209 1405 247 sunt
1435 221 1529 261 per-

188 263 334 315 multi,
376 264 528 318 quibus
570 264 784 305 damnatis
826 264 876 305 de
916 264 1106 319 pecuniis
1144 265 1391 319 repetundis
1427 266 1527 307 lites

187 322 428 363 maiestatis
461 326 603 363 essent
636 323 899 376 aestimatae,
931 325 974 363 et
1003 322 1085 364 hoc
1116 323 1270 364 cotidie
1300 324 1393 364 fieri
1417 324 1528 365 vide-

188 395 296 434 mus,
327 383 375 421 ut
406 395 478 422 reo
512 380 715 422 damnato
748 381 798 422 de
829 381 1019 436 pecuniis
1046 382 1306 436 repetundis,
1337 382 1390 423 ad
1420 397 1526 437 quos

186 440 431 494 pervenisse
474 440 674 493 pecunias
719 440 764 480 in
807 440 956 480 litibus
1002 440 1279 481 aestimandis
1317 443 1563 482 statutum5

187 498 262 550 sit,
301 512 372 539 eos
410 498 523 538 idem
560 498 718 539 iudices
759 499 1003 552 absolvant3
1053 499 1166 553 quod
1204 514 1300 541 cum
1337 499 1403 553 fit,
1440 515 1528 541 non

186 556 342 597 iudicia
373 556 685 610 rescinduntur,
718 557 791 598 sed
822 557 903 599 hoc
935 559 1152 611 statuitur,
1183 559 1527 600 aestimationem

186 614 328 656 litium
369 630 455 656 non
487 629 578 656 esse
609 615 825 656 iudicium.
887 614 1092 657 Scaevola
1124 616 1429 658 condemnatus
1462 621 1528 658 est

187 673 283 714 aliis
310 673 560 714 criminibus
579 673 940 728 frequentissimis
960 675 1145 729 Apuliae
1164 675 1360 717 testibus.
1399 675 1527 717 Omni

187 732 460 773 contentione
497 735 735 787 pugnatum
775 736 858 787 est,
898 733 962 774 uti
994 734 1048 774 lis
1080 734 1184 775 haec
1216 735 1370 787 capitis
1403 735 1527 775 aesti—
1547 748 1582 772 lo

186 793 387 832 maretur.
449 791 564 840 Quae
595 806 663 832 res
697 792 734 832 si
765 793 827 833 rei
858 792 1068 833 iudicatae
1100 792 1267 846 pondus
1293 792 1527 847 habuisset,

186 849 261 890 ille
297 852 449 903 postea
479 850 547 891 vel
580 850 715 891 isdem
747 851 813 892 vel
846 850 943 892 aliis
975 851 1158 892 inimicis
1190 865 1288 892 reus
1319 851 1400 893 hac
1432 852 1526 906 lege

185 908 280 962 ipsa
310 908 449 950 factus
481 911 604 950 esset.

117 963 172 1003 42
288 965 490 1021 Sequitur
521 967 576 1021 id,
611 967 723 1022 quod
754 968 818 1008 illi
848 968 1049 1010 iudicium
1078 968 1310 1023 appellant,
1342 968 1527 1010 maiores

119 1024 183 1054 117
200 1027 343 1066 autem
386 1026 524 1067 nostri
566 1040 800 1081 numquam
837 1041 973 1080 neque
1011 1026 1212 1068 iudicium
1250 1027 1527 1068 nominarunt
1547 1037 1580 1063 15

185 1098 323 1138 neque
356 1084 534 1138 proinde
569 1087 615 1125 ut
641 1099 731 1126 rem
756 1085 987 1126 iudicatam
1013 1086 1308 1138 observarunt,
1341 1086 1528 1127 animad-

186 1143 426 1183 versionem
465 1145 593 1196 atque
631 1144 934 1185 auctoritatem
974 1144 1221 1185 censoriam.
1278 1144 1370 1193 Qua
1402 1144 1451 1186 de
1482 1159 1527 1186 re

187 1204 418 1255 antequam
449 1201 586 1242 dicere
617 1202 790 1256 incipio,
822 1217 1034 1256 perpauca
1058 1203 1163 1243 mihi
1188 1203 1238 1243 de
1264 1217 1358 1244 meo
1386 1203 1527 1244 officio

186 1259 317 1300 verba
353 1259 552 1301 faciunda
590 1264 706 1314 sunt,
743 1264 792 1302 ut
837 1276 861 1302 a
898 1276 965 1302 me
1004 1275 1099 1302 cum
1131 1261 1305 1302 huiusce
1336 1262 1527 1315 periculi,

187 1320 279 1359 tum
313 1327 551 1360 ceterorum
578 1334 744 1373 quoque
771 1319 1009 1361 officiorum
1036 1323 1078 1360 et
1104 1319 1389 1361 amicitiarum
1414 1320 1526 1361 ratio
1547 1331 1580 1355 ‘20

187 1379 441 1418 conservata
479 1391 570 1418 esse
608 1378 809 1420 videatur.
875 1377 990 1419 Nam
1027 1377 1134 1419 1111111
1171 1393 1265 1420 011111
1302 1378 1406 1420 viris
1443 1378 1527 1420 for-

186 1435 315 1489 tibus,
344 1437 416 1489 qui
443 1450 640 1477 censores
667 1438 858 1490 proxime
883 1436 1068 1490 fuerunt,
1095 1437 1304 1478 ambobus
1331 1440 1396 1478 est
1422 1438 1527 1478 ami-

187 1494 307 1547 citia,
340 1509 435 1535 cum
469 1495 604 1536 altero
631 1509 744 1549 vero,
777 1495 903 1537 sicuti
935 1495 1127 1549 plerique
1159 1498 1349 1536 vestrum
1376 1496 1526 1549 sciunt,

187 1567 370 1608 magnus
409 1568 511 1594 usus
551 1556 593 1594 et
633 1569 800 1595 summa
837 1554 1059 1608 utriusque
1099 1553 1251 1595 officiis
1290 1554 1527 1596 constituta

120 1621 184 1652 118
200 1612 469 1653 necessitudo
509 1615 586 1653 est.
637 1612 789 1666 Quare,
822 1613 1022 1667 quicquid
1055 1612 1104 1654 de
1138 1613 1524 1667 subscriptionibus
1545 1623 1578 1649 25

187 1683 333 1710 eorum
361 1670 467 1711 mihi
494 1670 717 1712 dicendum
745 1672 836 1724 erit,
863 1686 912 1713 eo
939 1671 1075 1713 dicam
1102 1671 1255 1723 animo,
1280 1674 1335 1712 ut*
1355 1686 1525 1713 omnem

188 1728 427 1769 orationem
461 1744 600 1770 meam
631 1745 718 1771 11011
750 1730 800 1771 de
825 1731 997 1772 illorum
1022 1729 1150 1783 facto,
1183 1729 1255 1770 sed
1281 1729 1330 1770 de
1356 1730 1524 1771 ratione

186 1787 379 1827 censoria
417 1787 611 1829 habitam
648 1788 884 1830 existimari
914 1789 1062 1841 velim,
1099 1804 1124 1829 a
1154 1788 1335 1829 Lentulo
1368 1790 1523 1843 autem,

185 1843 391 1885 familiari
423 1860 529 1899 meo,
562 1847 633 1900 qui
667 1862 691 1888 a
723 1862 789 1888 me
820 1862 898 1902 pro
931 1847 1086 1888 eximia
1117 1862 1192 1888 sua
1221 1846 1381 1887 virtute
1413 1861 1523 1888 sum-

186 1903 352 1956 misque
395 1903 648 1958 honoribus,
693 1920 798 1959 quos
844 1921 868 1946 a
910 1906 1068 1959 populo
1106 1904 1299 1945 Romano
1344 1905 1522 1960 adeptus
1543 1916 1574 1942 3(

187 1963 269 2014 est,
301 1961 476 2002 honoris
509 1977 637 2004 causa
667 1964 930 2017 nominatur,
960 1963 1086 2004 facile
1117 1963 1209 2012 hoc,
1239 1962 1416 2017 iudices,
1447 1964 1523 2005 im—

185 2020 378 2074 petrabo,
403 2022 462 2073 ut,
490 2035 616 2074 quam
641 2022 733 2076 ipse
760 2023 960 2063 adhibere
986 2021 1205 2062 consuevit
1224 2021 1268 2062 in
1289 2022 1521 2064 amicorum

184 2078 387 2132 periculis
434 2093 528 2119 cum
565 2079 691 2120 fidem
731 2084 773 2122 et
810 2079 1094 2133 diligentiam,
1136 2082 1229 2120 tum
1266 2081 1353 2121 vim
1391 2080 1522 2122 animi

185 2137 515 2191 libertatemque
555 2137 736 2192 dicendi,
775 2154 823 2179 ex
861 2139 941 2179 hac
978 2137 1084 2178 mihi
1116 2139 1320 2179 concedat
1350 2141 1399 2179 ut
1429 2143 1521 2180 tan-

185 2198 279 2236 tum
311 2195 416 2236 inihi
448 2210 632 2249 sumam,
664 2199 870 2250 quantum
901 2196 991 2237 sine
1022 2195 1148 2237 huius
1180 2197 1370 2251 periculo
1401 2212 1520 2251 prae·
1539 2208 1573 2234 35

184 2254 313 2295 terii-e
356 2268 442 2295 11011
484 2255 658 2308 possim.
732 2255 771 2295 A
814 2269 882 2296 1110
924 2258 1085 2306 tamen,
1128 2258 1177 2296 ut
1219 2270 1399 2310 aequum
1443 2259 1520 2310 est,

186 2313 329 2354 omnia
361 2315 482 2354 caute
513 2312 903 2368 pedetemptimque
936 2313 1139 2367 dicentur,
1170 2317 1219 2355 ut
1248 2328 1383 2368 neque
1413 2314 1517 2356 fides
