1687 2533
450 90 550 126 CAP.
579 95 638 135 14,
667 96 708 126 15
736 95 754 134 g
780 96 930 126 35—39.
1294 91 1381 132 445

39 189 125 231 tela
156 187 391 243 pertimuit.
435 187 559 229 Alter
589 187 673 228 fuit
703 190 1002 243 propugnator
1028 202 1219 229 mearum
1246 187 1380 228 fortu-
1407 197 1451 227 38

39 262 190 290 narum
223 249 265 288 et
297 246 493 288 defensor
525 247 725 287 adsiduus
759 261 926 288 summa
958 246 1117 288 virtute
1150 249 1192 287 et
1218 246 1379 301 pietate

41 305 85 348 O.
117 305 216 347 Piso
255 319 402 360 gener,
444 304 516 359 qui
558 305 694 346 minas
739 305 1009 347 inimicorum
1050 320 1261 359 meorum,
1308 305 1380 359 qui

39 364 287 407 inimicitias
326 364 477 405 adfinis
516 364 617 417 mei,
661 364 891 418 propinqui
929 365 1013 417 sui,
1057 364 1262 418 consulis,
1307 364 1380 418 qui

5 435 22 462 5
41 424 225 466 Pontum
260 426 302 464 et
332 422 581 476 Bithyniam
614 426 816 477 quaestor
847 438 949 477 prae
982 437 1076 464 mea
1110 423 1248 464 salute
1279 437 1380 478 neg-

40 482 156 525 lexit.
216 481 338 523 Nihil
376 496 579 536 umquam
620 484 792 522 senatus
826 482 875 522 de
907 481 952 523 P.
979 481 1149 537 Popilio
1182 482 1380 536 decrevit,

39 556 274 596 numquam
310 541 355 581 in
392 541 473 582 hoc
511 540 657 582 ordine
696 541 747 581 de
780 539 827 589 Q.
860 539 1038 582 Metello
1073 542 1233 582 mentio
1265 540 1381 582 facta

41 603 124 654 est,
167 600 408 641 tribuniciis
447 602 546 640 sunt
586 600 648 640 illi
687 599 984 654 rogationibus
1022 599 1261 641 interfectis
1299 600 1380 640 ini-

41 659 161 701 micis
188 659 368 713 denique
393 658 594 711 restituti,
627 673 721 699 cum
748 659 858 699 alter
884 673 1031 700 eorum
1060 659 1228 700 senatui
1254 674 1381 713 paru-

0 730 23 755 .0
41 719 157 769 isset,
190 719 298 759 alter
329 717 416 759 vim
448 717 701 771 caedemque
733 717 928 772 fugisset.
990 717 1105 758 Nam
1138 717 1183 760 G.
1211 718 1381 773 quidem

41 776 223 830 Marius,
261 776 333 830 qui
370 776 450 818 hac
490 776 712 817 hominum
751 776 959 818 memoria
996 777 1149 818 tertius
1182 780 1281 818 ante
1314 791 1380 818 me

42 836 278 877 consularis
309 837 567 890 tempestate
600 835 716 876 civili
748 836 949 888 expulsus
982 838 1059 889 est,
1090 850 1177 877 non
1202 835 1328 877 modo
1356 851 1381 877 a

42 897 195 936 senatu
238 909 324 936 non
368 897 433 935 est
474 894 719 946 restitutus,
765 894 838 935 sed
881 894 1021 936 reditu
1064 909 1139 935 suo
1185 898 1382 936 senatum

43 956 240 995 cunctum
278 967 412 1008 paene
445 952 614 994 delevit.
677 951 811 994 Nulla
843 953 892 994 de
925 954 1014 994 illis
1048 954 1382 1008 magistratuum

0 1022 24 1049 15
44 1012 277 1065 consensio,
307 1012 426 1052 nulla
458 1012 511 1053 ad
542 1025 631 1052 rem
658 1012 875 1065 publicam
903 1012 1209 1053 defendendam
1236 1013 1383 1067 populi

42 1071 227 1112 Romani
253 1070 515 1124 convocatio,
541 1070 684 1111 nullus
704 1069 859 1112 Italiae
886 1074 1040 1125 motus,
1065 1072 1185 1112 nulla
1212 1071 1383 1113 decreta

43 1129 371 1184 municipiorum
405 1132 447 1170 et
479 1129 744 1170 coloniarum
777 1130 1045 1171 exstiterunt.
1103 1129 1254 1183 Quare,
1287 1145 1381 1172 cum
1410 1136 1452 1167 39

43 1203 110 1230 me
153 1191 299 1230 vestra
343 1188 576 1230 auctoritas
621 1188 881 1242 arcessierit,
931 1189 1116 1244 populus
1164 1189 1383 1231 Romanus

42 1247 223 1301 vocarit,
267 1262 334 1288 res
372 1247 545 1302 publica
582 1247 844 1301 implorarit,
887 1247 1019 1289 Italia
1059 1251 1211 1289 cuncta
1249 1263 1384 1303 paene

0 1316 25 1341 20
45 1307 131 1347 suis
169 1306 326 1347 umeris
364 1306 615 1360 reportarit,
657 1321 744 1346 non
781 1306 1067 1360 committam,
1106 1310 1250 1360 patres
1287 1322 1384 1349 con-

47 1364 211 1418 scripti,
261 1367 326 1418 ut,
376 1379 472 1406 cum
522 1379 571 1405 ea
621 1364 727 1405 mihi
778 1364 864 1405 sint
912 1365 1132 1418 restituta,
1184 1380 1291 1419 quae
1341 1367 1385 1407 in

44 1425 259 1478 potestate
305 1437 396 1464 mea
444 1437 531 1463 non
572 1421 764 1472 fuerunt,
808 1437 857 1463 ea
901 1438 987 1464 non
1031 1424 1232 1479 habeam,
1277 1439 1384 1478 quae

44 1482 135 1535 ipse
178 1484 397 1536 praestare
440 1481 620 1535 possim,
669 1481 923 1535 praesertim
967 1496 1062 1525 cum
1107 1483 1182 1523 illa
1227 1484 1385 1524 amissa

46 1540 330 1594 reciperarim,
362 1539 564 1581 virtutem
599 1542 640 1580 et
672 1540 798 1581 fidem
829 1555 1062 1595 numquam
1097 1542 1325 1583 amiserim.
