1687 2533
166 835 207 865 61

162 1335 219 1376 24

163 1387 206 1417 62>

162 2178 204 2208 (35³,

237 84 324 125 480
431 84 495 120 DE
521 85 657 121 DOMO
686 85 777 120 SUA
803 85 866 119 AD
892 84 1174 121 PONTIFICES
1201 85 1387 122 ORATIO.

238 195 333 221 cum
370 183 469 235 post
507 196 648 222 meum
689 181 923 222 discessum
963 180 1152 222 omnium
1184 181 1462 235 locupletium
1493 182 1577 223 for-

237 243 376 293 tunas,
408 239 598 281 omnium
632 239 951 294 provinciarum
976 239 1153 292 fructus,
1185 240 1500 281 tetrarcharum
1527 255 1575 282 ac

237 312 386 353 regum
429 299 542 339 bona
586 312 660 352 spe
708 300 836 352 atque
877 298 1058 339 avaritia
1095 298 1360 352 devorasses,
1405 300 1575 354 argenti

238 359 279 397 et
324 356 602 410 supellectilis
652 371 770 397 meae
808 356 1040 410 cupiditate
1079 370 1169 397 esse
1208 360 1445 410 caecatum3
1488 372 1575 399 non

237 415 434 456 existimo
479 414 745 469 Campanum
795 415 916 455 illum
966 415 1183 456 consulem
1227 430 1322 457 cum
1368 417 1609 457 saltatore5

237 474 414 528 collega,
448 488 543 514 cum
571 473 694 527 alteri
719 475 854 514 totam
882 473 1102 527 Achaiam,
1134 473 1416 526 Thessaliam,
1442 474 1574 516 Boeo-

235 532 359 585 tiam,
404 531 644 585 Graeciam,
688 531 981 573 Macedoniam
1027 547 1278 586 omnemque
1316 533 1575 587 barbariam,

236 590 349 631 bona
382 590 537 631 civium
570 590 861 631 Romanorum
894 590 1197 643 condonasses,
1235 591 1362 632 alteri
1395 590 1573 646 Syriam,

235 647 517 702 Babylonem,
551 648 714 699 Persas,
738 649 1036 703 integerrimas
1063 650 1446 704 pacatissimasque
1474 664 1573 705 gen·

236 710 317 760 tes,
363 707 415 748 ad
460 707 742 761 diripiendum
790 708 1058 760 tradidisses,
1107 708 1207 749 illos
1257 711 1347 749 tam
1397 709 1572 763 cupidos
1593 720 1628 745 10

236 765 433 806 liminum
471 780 663 807 meorum
701 769 743 807 et
775 767 1070 808 columnarum
1103 770 1145 807 et
1176 767 1394 808 valvarum
1427 767 1573 808 fuisse.

237 824 384 878 Neque
416 839 543 878 porro
570 824 644 866 illa
669 840 821 866 manus
848 825 1077 879 copiaeque
1104 824 1316 866 Catilinae
1343 826 1572 867 caementis

237 897 284 923 ac
316 883 440 923 testis
466 885 678 924 tectorum
706 898 897 924 meorum
925 898 969 924 se
994 884 1151 924 famem
1179 898 1299 925 suam
1328 885 1571 938 expleturas

234 944 511 996 putaverunt3
539 942 611 982 sed
631 945 679 982 ut
698 942 888 983 hostium
908 942 1047 994 urbes,
1065 957 1142 983 nec
1163 943 1352 983 omnium
1372 943 1572 996 hostium,

235 1015 382 1041 verum
402 1015 559 1053 eorum,
582 1000 832 1054 quibuscum
855 1001 1054 1041 acerbum
1074 1001 1236 1042 bellum
1257 1001 1571 1043 internicivum-
1591 1013 1625 1038 15

236 1073 314 1112 que
348 1059 622 1112 suscepimus,
653 1073 737 1100 non
764 1059 922 1112 praeda
948 1059 1129 1112 adducti,
1162 1060 1235 1100 sed
1262 1060 1359 1101 odio
1386 1061 1571 1101 solemus

236 1117 474 1170 excindere,
512 1117 641 1171 quod,
673 1118 716 1157 in
749 1131 854 1171 quos
887 1120 1064 1171 propter
1096 1132 1244 1158 eorum
1277 1118 1571 1160 crudelitatem

234 1175 524 1216 inflammatae
551 1178 714 1217 mentes
740 1178 914 1217 nostrae
940 1175 1123 1230 fuerunt,
1151 1191 1246 1217 cum
1266 1176 1419 1218 horum
1441 1177 1571 1218 etiam

234 1233 359 1275 tectis
417 1236 458 1274 et
514 1234 685 1275 sedibus
735 1234 919 1275 residere
970 1234 1141 1288 aliquod
1190 1235 1354 1276 bellum
1405 1249 1572 1290 semper

233 1292 400 1332 videtur
431 1290 522 1316 *με
1591 1306 1625 1331 20

320 1349 442 1391 Nihil
475 1354 565 1392 erat
596 1351 733 1392 latum
767 1351 815 1391 de
848 1366 933 1405 me,
969 1366 1055 1392 non
1087 1351 1234 1392 adesse
1267 1366 1382 1393 eram
1415 1352 1570 1407 iussus,

232 1423 317 1450 non
361 1409 517 1450 citatus
568 1409 775 1462 afueram3
820 1424 935 1450 eram
988 1410 1118 1451 etiam
1156 1413 1230 1451 tuo
1268 1410 1424 1452 iudicio
1465 1411 1569 1453 civis

232 1468 468 1520 incolumis,
499 1483 595 1509 cum
628 1468 777 1509 domus
810 1469 854 1508 in
887 1468 1071 1521 Palatio,
1103 1468 1207 1510 villa
1239 1469 1284 1509 in
1315 1469 1570 1525 Tusculano,

233 1526 368 1567 altera
407 1526 459 1567 ad
498 1527 679 1567 alterum
713 1527 930 1568 consulem
961 1527 1302 1568 transferebatur
1332 1527 1362 1580 †
1393 1531 1567 1570 senatus

232 1585 425 1625 consules
469 1585 698 1637 vocabant,
743 1586 961 1627 columnae
1000 1600 1263 1627 marmoreae
1302 1600 1351 1627 ex
1390 1587 1565 1631 aedibus
1585 1599 1620 1624 25

232 1643 336 1683 meis
376 1643 642 1697 inspectante
679 1644 839 1698 populo
872 1643 1066 1685 Romano
1100 1644 1153 1685 ad
1185 1659 1350 1686 socrum
1383 1646 1569 1688 consulis

232 1702 529 1755 portabantur,
561 1702 606 1742 in
638 1703 814 1743 fundum
849 1706 990 1744 autem
1022 1702 1150 1744 vicini
1182 1703 1369 1744 consulis
1396 1718 1481 1744 non
1506 1705 1569 1745 in-

232 1762 518 1800 strumentum
551 1763 625 1801 aut
657 1764 908 1802 ornamenta
940 1761 1087 1815 villae,
1127 1761 1199 1801 sed
1232 1762 1362 1802 etiam
1394 1762 1566 1804 arbores

230 1817 610 1872 transferebantur,
643 1834 738 1860 cum
769 1820 862 1872 ipsa
886 1819 989 1860 villa
1014 1834 1098 1860 non
1126 1820 1306 1872 praedae
1333 1820 1567 1873 cupiditate

232 1874 353 1930 (quid
397 1876 509 1916 enim
553 1880 645 1917 erat
688 1878 931 1932 praedaeP),
975 1878 1046 1919 sed
1091 1877 1186 1919 odio
1231 1882 1273 1919 et
1314 1878 1565 1920 crudelitate
1583 1891 1619 1916 30

230 1934 421 1974 funditus
459 1938 729 1977 everteretur.
792 1935 954 1977 Domus
994 1936 1170 1977 ardebat
1201 1936 1247 1976 in
1277 1935 1446 1978 Palatio
1479 1952 1567 1979 non

233 1993 424 2045 fortuito,
457 1992 530 2033 sed
563 1994 707 2035 oblato
741 1995 953 2048 incendio,
985 1995 1179 2036 consules
1212 1995 1498 2048 epulabantur
1524 1999 1568 2038 et

233 2051 277 2091 in
316 2051 635 2092 coniuratorum
674 2053 961 2107 gratulatione
993 2053 1292 2105 versabantur,
1329 2068 1424 2094 cum
1456 2054 1568 2095 alter

232 2124 275 2149 se
302 2108 514 2150 Catilinae
546 2109 730 2163 delicias,
763 2112 869 2152 alter
895 2110 1075 2166 Cethegi
1106 2111 1408 2152 consobrinum
1433 2111 1566 2154 fuisse

231 2167 399 2208 diceret.
461 2167 580 2209 Hanc
612 2182 690 2223 ego
724 2169 827 2221 vim,
870 2170 1112 2223 pontifice-³,
1150 2169 1229 2210 hoc
1262 2170 1416 2223 scelus,
1453 2170 1565 2212 hune
1584 2182 1619 2208 35

231 2227 417 2267 furorem
456 2240 549 2267 meo
588 2241 763 2280 corpore
803 2228 1000 2281 opposito
1039 2228 1092 2268 ab
1133 2227 1321 2269 omnium
1353 2228 1565 2270 bonorum

231 2285 461 2326 cervicibus
513 2285 655 2339 depuli
700 2300 951 2339 omnemque
994 2285 1201 2339 impetum
1247 2286 1565 2342 discordiarum,
