1619 2542
536 82 639 118 CAP.
665 86 805 118 43—45
832 86 851 125 ξ
879 87 1075 118 121-126.
1371 83 1454 124 147

112 178 260 220 deinde
292 179 453 220 bonum
484 179 623 220 virum
655 177 788 221 fuisse
818 177 1113 233 Oppianicum,
1144 178 1365 220 hominem
1396 179 1459 220 in-

112 240 296 291 tegrum,
326 237 435 278 nihil
467 237 517 278 de
548 238 622 278 illo
654 252 859 292 umquam
885 252 1005 279 secus
1032 252 1124 279 esse
1152 238 1459 292 existimatum,

111 296 220 338 nihil
260 296 440 350 denique
472 296 822 350 praeiudicatum.
885 295 994 337 Tum
1027 297 1331 338 auctoritatem
1363 311 1459 339 cen-

113 355 271 397 soriam
313 355 578 409 amplexato,
616 357 710 396 tum
741 355 917 396 illorum
947 355 1152 397 iudicium
1184 356 1459 398 coniunctum

77 428 92 453 5
113 429 207 456 cum
239 428 284 455 re
317 427 409 454 esse
442 413 669 456 defendite.
726 413 841 455 Dum
873 428 974 456 vero
1009 429 1104 455 eum
1130 414 1263 456 fuisse
1291 414 1530 470 Oppia-125

111 473 253 514 uicum
285 472 514 525 constabit,
546 472 618 526 qui
649 473 819 514 tabulas
852 473 1047 527 publicas
1081 473 1303 527 municipii
1328 489 1459 515 manu

112 546 189 573 sua
227 532 468 585 corrupisse
505 531 716 573 iudicatus
757 531 830 584 sit,
868 532 940 586 qui
978 534 1290 574 testamentum
1328 533 1459 574 inter-

111 590 282 642 leverit‚
330 590 402 643 qui
445 590 672 644 supposita
715 604 899 644 persona
943 590 1104 632 falsum
1148 594 1459 633 testamentum

112 649 428 704 obsignandum
460 649 685 702 curaverit,
718 649 792 703 qui
824 664 934 703 eum,
966 651 1084 691 cuius
1116 650 1290 692 nomine
1317 650 1360 691 id
1387 651 1460 692 ob-

60 722 92 748 10
113 709 330 763 signatum
370 710 453 762 est,
488 707 770 761 interfecerit,
808 708 880 762 qui
912 709 1172 750 avunculum
1204 709 1282 750 filii
1315 709 1382 750 sui
1414 709 1460 750 in

112 767 316 808 servitute
361 781 409 808 ac
451 767 633 808 vinculis
676 767 911 820 necaverit,
956 768 1029 821 qui
1073 768 1308 822 municipes
1358 782 1459 809 suos

110 825 437 880 proscribendos
458 825 793 880 occidendosque
813 826 1038 880 curaverit,
1065 826 1137 880 qui
1158 827 1247 868 eius
1268 841 1458 879 uxorem,

112 899 238 938 quem
265 884 489 937 occiderat,
513 884 560 925 in
586 884 912 926 matrimonium
933 885 1114 938 duxerit,
1140 886 1212 940 qui
1233 885 1459 940 pecuniam

110 958 188 998 pro
216 943 439 984 abortione
465 943 641 997 dederit,
673 944 746 997 qui
773 958 954 996 socrum,
981 945 1054 998 qui
1079 958 1246 996 uxores,
1275 944 1348 998 qui
1374 959 1459 986 uno

59 1016 92 1041 15
111 1006 306 1056 tempore
331 1002 478 1043 fratris
504 1017 681 1044 uxorem
708 1005 989 1057 speratosque
1014 1003 1173 1044 liberos
1195 1002 1459 1057 fratremque

113 1062 265 1115 ipsum,
301 1061 373 1115 qui
405 1061 586 1115 denique
620 1075 720 1103 suos
753 1061 912 1103 liberos
944 1061 1223 1115 interfecerit,
1257 1062 1328 1116 qui
1362 1076 1459 1102 cum

111 1133 321 1161 venenum
361 1120 562 1175 privigno
605 1134 681 1161 suo
721 1119 821 1161 dare
859 1120 1008 1173 vellet,
1046 1120 1278 1162 manifesto
1313 1120 1459 1174 depre«

111 1178 269 1219 hensus
309 1178 383 1231 sit,
421 1180 540 1220 cuius
573 1179 781 1220 ministris
814 1180 1081 1233 consciisque
1114 1179 1331 1232 damnatis
1364 1180 1457 1233 ipse

113 1236 321 1278 adductus
351 1238 397 1278 in
427 1237 631 1279 iudicium
662 1238 888 1292 pecuniam
919 1238 1049 1279 iudici
1081 1238 1246 1279 dederit
1277 1237 1331 1279 ad
1364 1252 1457 1279 sen-

61 1309 94 1334 20
113 1296 272 1337 tentias
305 1296 491 1338 iudicum
524 1297 870 1351 corrumpendas,
903 1296 1004 1337 dum
1034 1297 1152 1349 haec,
1184 1297 1375 1350 inquam,
1408 1296 1459 1337 de

114 1354 349 1409 Oppianico
394 1356 654 1397 constabunt
697 1369 834 1409 neque
878 1355 968 1396 ullo
1014 1358 1267 1409 argumento
1308 1354 1459 1396 Cluen-

114 1413 258 1454 tianae
295 1414 501 1467 pecuniae
539 1414 699 1455 crimen
735 1414 971 1466 tenebitur,
1010 1414 1111 1468 quid
1150 1417 1234 1467 est,
1272 1413 1385 1467 quod
1416 1416 1459 1454 te

114 1472 198 1512 ista
230 1473 441 1525 censoria,
473 1473 562 1514 sive
592 1473 794 1513 voluntas
828 1473 916 1513 sive
949 1472 1092 1526 opinio
1124 1471 1225 1524 fuit,
1257 1471 1459 1512 adiuvare

116 1532 190 1571 aut
215 1529 328 1571 hunc
352 1530 624 1572 innocentem
651 1531 892 1584 opprimere
918 1544 1045 1584 posse
1070 1530 1296 1571 videatur?
1336 1528 1447 1578 Quid
1463 1517 1532 1600 ἐξ

63 1601 95 1627 25
116 1588 251 1643 igitur
283 1603 478 1630 censores
513 1589 647 1630 secuti
674 1589 803 1629 sunt?
854 1588 919 1629 Ne
952 1589 1035 1642 ipsi
1062 1589 1245 1643 quidem,
1276 1591 1325 1629 ut
1352 1603 1446 1644 gra-

115 1648 288 1688 vissime
309 1647 456 1701 dicam,
478 1648 705 1701 quicquam
727 1647 842 1688 aliud
863 1647 1004 1688 dicent
1023 1650 1194 1701 praeter
1215 1662 1457 1689 sermonem

116 1708 244 1760 atque
285 1705 458 1748 famam.
519 1705 641 1746 Nihil
675 1720 719 1746 se
750 1706 954 1758 testibus,
990 1706 1098 1746 nihil
1129 1706 1310 1759 tabulis,
1348 1706 1458 1746 nihil

116 1764 260 1818 aliquo
312 1765 435 1819 gravi
485 1766 738 1819 argumento
790 1764 1064 1819 comperisse,
1116 1765 1226 1805 nihil
1276 1765 1457 1819 denique

116 1837 243 1864 causa
275 1823 450 1878 cognita
483 1824 685 1864 statuisse
718 1822 871 1865 dicent.
929 1821 1052 1871 Quod
1083 1823 1119 1864 si
1149 1824 1212 1865 ita
1242 1823 1458 1876 fecissent,

64 1893 98 1918 30
116 1884 262 1922 tamen
293 1882 336 1922 id
366 1896 453 1923 non
484 1883 546 1923 ita
577 1882 707 1922 fixum
741 1896 832 1922 esse
865 1881 1049 1935 deberet,
1080 1884 1129 1922 ut
1160 1882 1342 1923 convelli
1370 1896 1458 1923 non

117 1940 276 1981 liceret.
337 1939 438 1982 Non
478 1943 577 1981 utar
619 1941 912 1994 exemplorum
953 1941 1094 1995 copia,
1140 1955 1248 1995 quae
1290 1955 1458 1982 summa

118 2001 195 2051 est,
219 2013 304 2039 non
331 2014 422 2040 rem
446 2002 647 2053 veterem,
674 2013 758 2040 non
783 1999 1000 2040 hominem
1027 2002 1248 2053 potentem
1270 2000 1456 2053 aliquem

118 2060 192 2098 aut
236 2058 475 2112 gratiosum
518 2058 746 2112 proferam.
818 2057 968 2112 Nuper
1010 2058 1229 2099 hominem
1271 2060 1456 2110 tenuem,

119 2115 305 2156 scribam
344 2116 603 2169 aedilicium,
648 2116 698 2157 D.
730 2116 999 2169 Matrinium‚
1039 2131 1134 2158 cum
1172 2116 1456 2157 defendissem

66 2184 99 2210 35
120 2173 232 2226 apud
269 2173 326 2214 M.
357 2174 526 2216 Iunium
559 2174 605 2223 Q.
637 2174 880 2216 Publicium
917 2178 1135 2228 praetores
1175 2177 1217 2216 et
1248 2173 1304 2214 M.
1335 2174 1456 2215 Plae-

118 2232 280 2273 torium
324 2231 367 2274 C.
412 2233 674 2275 Flaminium
716 2233 874 2274 aediles
919 2234 1106 2287 curules,
1154 2232 1365 2287 persuasi,
1408 2234 1457 2272 ut

119 2290 304 2332 scribam
335 2291 466 2333 iurati
497 2293 689 2347 legerent
722 2306 836 2346 eum,
870 2306 995 2346 quem
1021 2292 1135 2334 idem
1160 2292 1235 2332 isti
1260 2304 1456 2332 censores

1177 2363 1247 2394 10*
