1687 2533
211 102 296 144 538
428 102 492 138 DE
518 101 831 137 HARUSPICUM
855 101 1100 137 RESPONSO
1128 101 1316 137 ORATIO.

210 199 308 252 plus
350 200 549 254 possunt,
593 198 631 239 ei
667 197 852 240 fortasse
889 212 976 239 non
1013 212 1245 252 numquam
1285 198 1462 240 consilia
1499 213 1548 240 ac

213 257 448 298 sententias
486 257 757 298 inimicorum
790 270 962 297 suorum
995 257 1288 299 extimescunt.
1349 256 1547 298 Tollatur

210 316 314 358 haec
340 331 361 357 e
394 316 566 357 civitate
599 314 828 368 discordia;
860 315 945 356 iam
978 329 1125 357 omnes
1157 315 1243 369 isti,
1274 315 1346 370 qui
1376 318 1547 370 porten-

211 374 387 428 duntur,
425 377 564 415 metus
603 374 924 429 extinguentur,
961 374 1047 415 iam
1086 373 1171 415 ista
1209 388 1400 428 serpens,
1437 388 1545 428 quae

210 436 302 474 tum
334 433 403 474 hic
430 433 646 484 delitiscit,
676 436 769 473 tum
796 447 840 473 se
867 434 1048 488 emergit
1073 435 1116 473 et
1140 432 1277 474 fertur
1301 432 1416 486 illuc,
1448 447 1544 474 con·
1564 446 1582 472 5

141 493 195 535 26
210 506 358 545 pressa
403 495 530 545 atque
571 491 688 532 illisa
731 491 950 532 morietur.
1022 490 1199 532 Monent
1242 491 1355 532 enim
1398 491 1546 542 eidem,

139 1323 182 1353 56

141 2199 183 2230 57

211 549 297 591 ‘NE
343 561 568 592 occunms
614 560 837 592 CONSILns
887 561 972 592 RES
1021 561 1219 591 PussLicA
1268 549 1544 591 LAEDATUR.’

211 607 326 657 Quae
357 611 456 650 sunt
481 608 715 650 occultiora
741 623 868 662 quam
895 609 997 661 eius,
1029 609 1100 662 qui
1126 609 1171 650 in
1196 609 1392 650 contione
1419 623 1546 650 ausus

211 671 275 708 est
320 667 457 709 dicere
501 667 715 708 iustitium
758 667 864 708 edici
908 669 1124 722 oportere,
1167 667 1273 708 iuris
1318 667 1546 708 dictionem

209 726 459 779 intermitti,
497 726 636 767 claudi
675 726 904 779 aerarium,
948 725 1104 767 iudicia
1140 727 1265 767 tolli‘?
1309 726 1395 767 nisi
1431 725 1544 767 forte
1565 740 1599 765 10

211 785 466 826 existimatis
505 785 616 826 hanc
653 787 819 826 tantam
858 784 1155 826 conluvionem
1193 785 1257 825 illi
1295 787 1546 838 tantamque

211 844 472 885 eversionem
505 843 691 885 civitatis
723 844 768 884 in
799 846 985 884 mentem
1015 844 1157 884 subito
1184 843 1228 884 in
1253 843 1406 885 rostris
1432 843 1546 899 cogi-

209 903 321 943 tanti
365 902 506 943 venire
544 903 748 956 potuisse.
816 902 897 943 Est
936 902 1105 956 quidem
1142 902 1216 943 ille
1253 903 1405 957 plenus
1446 901 1547 955 vini,

210 961 359 1015 stupri,
392 961 530 1002 somni
556 962 793 1016 plenusque
819 961 1281 1002 inconsideratissimae
1308 975 1355 1002 ac
1381 960 1546 1002 demen-

209 1019 403 1061 tissimae
441 1020 717 1073 temeritatis,
755 1033 902 1060 verum
940 1023 1086 1060 tamen
1121 1020 1343 1061 nocturnis
1375 1019 1546 1074 vigiliis,
1567 1032 1601 1058 15

211 1079 342 1119 etiam
391 1078 574 1119 coitione
624 1078 845 1120 hominum
894 1078 1104 1119 iustitium
1147 1079 1254 1119 illud
1298 1081 1547 1120 concoctum

210 1139 338 1190 atque
377 1137 629 1178 meditatum
668 1139 744 1177 est.
805 1136 1083 1189 Mementote,
1120 1139 1264 1190 patres
1305 1136 1547 1190 conscripti,

209 1195 338 1236 verbo
377 1195 452 1236 illo
490 1195 654 1236 nefario
692 1197 925 1248 temptatas
965 1209 1088 1236 aures
1125 1198 1296 1236 nostras
1337 1198 1379 1235 et
1410 1194 1546 1249 perni-

211 1253 369 1294 ciosam
402 1254 516 1294 viam
549 1254 747 1294 audiendi
778 1254 1081 1295 consuetudine
1114 1268 1205 1294 esse
1237 1253 1459 1294 munitam.

299 1311 500 1366 Sequitur
549 1312 673 1353 illud:
723 1311 810 1353 ‘NE
854 1323 1194 1354 DETEmORIssus
1237 1322 1601 1361 REPULSISQUEw

210 1382 363 1412 HONOS
396 1371 672 1412 AUGEATUR.'
718 1370 961 1425 ‘Repulsos'
987 1371 1219 1423 videamus,
1250 1386 1350 1412 nam
1382 1369 1547 1411 edeteri-

211 1428 320 1470 ores'
353 1430 425 1483 qui
457 1429 554 1482 sint,
586 1432 685 1484 post
717 1429 888 1471 docebo.
933 1429 1012 1471 Sed
1039 1432 1184 1471 tamen
1208 1431 1253 1470 in
1278 1444 1374 1470 eum
1399 1429 1548 1471 cadere

209 1488 289 1529 hoc
320 1488 498 1529 verbum
530 1489 726 1542 maxime,
758 1489 829 1542 qui
862 1490 918 1529 sit
949 1503 1058 1530 unus
1085 1488 1275 1530 omnium
1301 1488 1548 1530 mortalium

211 1547 300 1587 sine
326 1547 415 1587 ulla
442 1547 707 1588 dubitatione
729 1547 993 1601 deterrimus,
1019 1547 1333 1589 concedendum
1352 1549 1428 1588 est.
1466 1545 1548 1595 Qui

211 1607 310 1646 sunt
335 1605 466 1659 igitur
493 1605 714 1660 ‘repulsi’P
759 1605 870 1658 Non,
896 1609 944 1647 ut
964 1606 1128 1660 opinor,
1158 1606 1200 1659 ii,
1227 1606 1298 1659 qui
1319 1605 1547 1659 aliquando
1568 1618 1602 1644 25

210 1664 417 1704 honorem
456 1664 559 1705 vitio
599 1664 804 1717 civitatis,
841 1679 927 1705 non
966 1679 1059 1718 suo,
1096 1678 1182 1705 non
1215 1666 1314 1705 sunt
1347 1663 1548 1705 adsecuti.

210 1721 324 1763 Nam
368 1722 411 1762 id
450 1723 619 1776 quidem
658 1723 806 1764 multis
845 1738 970 1777 saepe
1008 1723 1182 1777 optimis
1220 1723 1382 1764 civibus
1421 1725 1548 1776 atque

209 1780 524 1822 honestissimis
556 1782 658 1822 viris
691 1781 856 1823 accidit.
911 1781 1118 1836 ‘Repulsi'
1145 1784 1246 1823 sunt
1276 1781 1325 1834 ii,
1358 1795 1464 1835 quos
1496 1780 1548 1822 ad

211 1839 355 1880 omnia
391 1839 733 1893 progredientes,
770 1855 875 1894 quos
915 1855 1090 1881 munera
1130 1843 1278 1882 contra
1310 1841 1427 1895 leges
1460 1839 1548 1894 gla-

212 1897 396 1938 diatoria
444 1902 665 1952 parantes,
716 1913 821 1953 quos
873 1899 1141 1953 apertissime
1186 1899 1419 1953 largientes
1463 1912 1548 1939 non
1568 1912 1603 1937 30

212 1957 351 1997 solum
390 1956 535 2008 alieni,
574 1957 645 1997 sed
679 1957 809 1998 etiam
842 1958 925 2011 sui,
962 1957 1110 2011 vicini,
1148 1957 1346 2011 tribules,
1383 1956 1548 2009 urbani,

210 2015 359 2055 rustici
391 2015 680 2069 reppulerunt.
722 2015 779 2056 Hi
810 2031 861 2057 ne
894 2016 1056 2057 honore
1081 2018 1331 2071 augeantur,
1362 2017 1548 2056 monent.

211 2072 351 2114 Debet
384 2087 475 2114 esse
508 2076 698 2128 gratum,
729 2075 841 2127 quod
873 2074 1138 2128 praedicunt,
1171 2074 1243 2115 sed
1275 2077 1421 2115 tamen
1450 2073 1549 2114 huic

212 2132 326 2172 malo
359 2132 543 2186 populus
576 2131 795 2173 Romanus
828 2133 917 2186 ipse
949 2133 1068 2174 nullo
1100 2133 1374 2186 haruspicum
1407 2132 1548 2173 admo-

212 2190 306 2230 nitu
334 2204 411 2231 sua
438 2192 589 2244 sponte
616 2191 847 2244 prospexit.
884 2189 1159 2232 ‘Deteriores'
1180 2194 1342 2244 cavete3
1368 2204 1548 2244 quorum
1567 2199 1601 2225 35

213 2248 382 2301 quidem
421 2251 486 2289 est
524 2262 681 2303 magna
717 2249 853 2302 natio,
893 2249 964 2290 sed
1002 2252 1147 2290 tamen
1180 2263 1325 2291 eorum
1358 2249 1546 2290 omnium

211 2305 279 2348 hic
306 2306 388 2347 dux
416 2309 480 2348 est
507 2310 634 2362 atque
660 2306 870 2362 princeps.
913 2307 1098 2361 Etenim,
1126 2308 1162 2348 si
1181 2322 1311 2348 unum
1331 2307 1547 2348 hominem
