1619 2542
80 386 122 467 ἐξ

84 937 124 968 18

89 1757 130 1787 19

149 68 233 109 184
459 66 524 101 DE
550 65 675 100 LEGE
705 64 922 99 AGRARIA
948 63 1126 98 ORATIO
1155 63 1180 98 Ι.

148 164 245 205 culo
283 163 497 205 coloniam
529 161 822 213 constituatis,
858 175 912 201 ne
944 160 1093 201 urbem
1124 160 1236 200 hane
1267 159 1371 200 urbe
1404 158 1489 200 alia

147 236 341 277 premere
368 224 496 275 atque
523 234 673 275 urgere
699 219 905 274 possitis?
948 217 1062 260 ‘Non
1086 216 1319 271 faciemus'‚
1337 217 1489 271 inquit.

148 281 341 322 Primum
372 280 534 333 nescio,
568 278 716 319 deinde
747 278 892 331 timeo,
927 280 1147 332 postremo
1179 291 1267 318 non
1299 276 1487 317 commit-

149 342 257 393 tam,
295 342 342 380 ut
372 342 514 380 vestro
554 336 760 379 beneficio
793 336 936 390 potius
969 350 1097 390 quam
1128 337 1277 376 nostro
1310 334 1488 376 consilio

151 398 261 439 salvi
292 412 384 439 esse
416 397 643 452 possimus.
693 395 814 444 Quod
840 409 939 436 vero
972 397 1110 435 totam
1135 393 1309 435 Italiam
1334 393 1489 434 vestris

152 457 331 498 coloniis
365 456 577 509 complere
604 454 815 506 voluistis,
847 453 890 494 id
916 453 1034 494 cuius
1061 452 1176 494 modi
1203 454 1327 502 esset,
1357 451 1490 492 nemi-

149 530 301 557 nemne
332 517 537 566 nostrum
561 513 881 554 intellecturum
914 511 1221 553 existimastis?
1273 509 1490 564 Scriptum

151 577 216 615 est
248 573 377 614 enim:
410 572 554 621 ‘QUAE
588 584 636 612 IN
670 582 913 612 MUNICIPIA
945 582 1154 620 QUASQUE
1187 581 1236 610 IN
1263 579 1490 610 COLONIAS

150 644 410 674 DECEMVIRI
432 642 616 683 VELINT,
642 641 892 671 DEDUCANT
914 640 1136 682 COLONOS,
1163 639 1282 678 QUOS
1302 639 1492 680 VELINT,

151 703 210 732 ET
250 702 308 732 11s
347 701 496 731 AGROS
536 700 811 740 ASSIGNENT,
849 699 1012 738 QUIBUS
1052 699 1100 728 IN
1133 697 1264 728 LOCIS
1296 685 1492 738 VELINT’‚

153 753 210 803 ut,
243 764 339 791 cum
364 752 503 790 totam
528 747 702 788 Italiam
729 747 938 788 militibus
966 746 1052 787 suis
1081 745 1342 799 occuparint,
1367 743 1491 785 nobis

151 823 237 850 non
286 808 412 849 modo
464 806 685 861 dignitatis
736 804 1002 858 retinendae,
1052 804 1125 845 sed
1173 818 1225 844 ne
1276 803 1492 844 libertatis

153 867 324 921 quidem
356 865 669 920 recuperandae
703 879 799 919 spes
832 864 1110 917 relinquatur.
1160 863 1302 916 Atque
1333 861 1440 903 haec
1468 876 1492 902 a

153 940 221 967 me
271 924 584 980 suspicionibus
636 926 678 964 et
729 923 972 964 coniectura
1022 923 1324 976 coarguuntur.
1398 919 1491 961 Iam

153 984 291 1026 omnis
337 984 527 1025 omnium
565 983 741 1023 tolletur
780 996 916 1034 error,
961 981 1046 1022 iam
1085 982 1230 1035 aperte
1269 978 1495 1020 ostendent

153 1043 235 1084 sibi
279 1057 435 1084 nomen
478 1041 603 1082 huius
649 1041 711 1081 rei
754 1040 968 1094 publicae,
1013 1039 1155 1080 sedem
1199 1038 1318 1079 urbis
1364 1040 1493 1091 atque

152 1101 340 1156 imperii,
377 1101 555 1153 denique
599 1100 679 1140 hoc
717 1098 926 1153 templum
958 1097 1071 1139 Iovis
1110 1096 1276 1151 optumi
1307 1096 1495 1137 maxumi

154 1164 282 1214 atque
309 1159 419 1200 hanc
440 1172 581 1199 arcem
603 1157 792 1199 omnium
813 1156 1004 1211 gentium
1025 1156 1259 1209 displicere.
1302 1153 1493 1208 Capuam

155 1218 303 1260 deduci
336 1218 510 1259 colonos
543 1217 712 1269 volunt,
752 1216 874 1256 illam
906 1215 1055 1255 urbem
1086 1214 1185 1255 huic
1216 1213 1314 1254 urbi
1344 1227 1492 1253 rursus

155 1291 387 1332 opponere,
428 1276 532 1316 illue
571 1289 673 1329 opes
713 1288 810 1315 suas
850 1273 1011 1314 deferre
1050 1276 1092 1313 et
1128 1272 1300 1326 imperii
1337 1285 1494 1312 nomen

153 1335 386 1377 transferre
447 1334 648 1389 cogitant.
728 1332 809 1381 Qui
858 1332 976 1373 locus
1026 1333 1203 1386 propter
1252 1330 1493 1371 ubertatem

155 1408 357 1449 agrorum
401 1392 789 1445 abundantiamque
831 1405 974 1432 rerum
1019 1390 1208 1431 omnium
1248 1388 1493 1442 superbiam

156 1458 198 1494 et
229 1452 526 1494 crudelitatem
560 1450 756 1506 genuisse
790 1449 964 1502 dicitur,
996 1449 1056 1489 ibi
1086 1447 1222 1489 nostri
1254 1446 1394 1488 coloni
1426 1446 1495 1487 de-

155 1512 256 1553 lecti
289 1511 341 1552 ad
373 1525 497 1552 omne
528 1510 694 1551 facinus
727 1524 751 1550 a
784 1507 1034 1549 decemviris
1068 1506 1409 1555 collocabuntur,
1441 1507 1495 1558 et,

157 1570 300 1623 credo,
343 1584 426 1623 qua
462 1569 506 1609 in
548 1569 651 1609 urbe
689 1567 886 1608 homines
918 1567 960 1607 in
993 1569 1135 1607 vetere
1168 1564 1378 1620 dignitate
1408 1563 1493 1605 for-

156 1631 344 1682 tunaque
376 1628 468 1669 nati
494 1627 661 1681 copiam
693 1640 834 1667 rerum
867 1625 1084 1666 moderate
1115 1623 1227 1664 ferre
1258 1637 1345 1665 non
1374 1624 1493 1675 potu-

158 1690 298 1740 erunt,
329 1687 373 1727 in
405 1701 453 1727 ea
484 1686 559 1726 isti
590 1684 726 1726 vestri
758 1684 966 1725 satellites
999 1683 1189 1724 modeste
1221 1680 1494 1722 insolentiam

159 1760 279 1786 3113111
312 1745 601 1785 continebunt.
651 1742 834 1784 Maiores
866 1741 1005 1783 nostri
1031 1740 1178 1795 Capua
1202 1739 1494 1794 magistratus,

159 1805 367 1855 senatum,
399 1802 626 1844 consilium
659 1815 893 1855 commune,
926 1800 1068 1841 omnia
1101 1799 1278 1851 denique
1309 1797 1494 1852 insignia

157 1861 219 1903 rei
262 1862 458 1915 publicae
503 1862 785 1912 sustulerunt,
829 1873 965 1912 neque
1007 1857 1122 1899 aliud
1164 1856 1389 1910 quiequam
1431 1855 1494 1907 [in

156 1920 278 1971 urbe]
310 1919 395 1960 nisi
424 1920 550 1960 inane
587 1933 744 1960 nomen
776 1917 947 1972 Capuae
983 1917 1247 1970 reliquerunt
1284 1928 1371 1954 non
1403 1928 1494 1955 cru-

159 1978 334 2020 delitate
376 1977 496 2031 (quid
539 1978 651 2018 enim
694 1977 784 2016 illis
823 1976 902 2016 fuit
941 1973 1209 2026 clementius,
1253 1972 1326 2026 qui
1363 1972 1493 2013 etiam

158 2036 345 2078 externis
382 2035 581 2077 hostibus
612 2035 736 2076 victis
775 2049 851 2075 sua
883 2032 1128 2087 saepissime
1160 2029 1493 2084 reddiderunt‘?)⁷

159 2095 232 2137 sed
281 2094 478 2146 consilio,
528 2093 640 2147 quod
689 2093 910 2145 videbant,
960 2091 996 2132 si
1039 2090 1151 2144 quod
1195 2089 1256 2130 rei
1298 2088 1493 2144 publicae

1513 698 1546 723 10

1515 991 1547 1017 15

1514 1285 1548 1309 20

1514 1572 1548 1597 25

1513 1865 1548 1890 30

157 2154 387 2208 vestigium
436 2152 524 2192 illis
562 2151 784 2192 moenibus
823 2150 1126 2201 contineretur,
1169 2148 1318 2188 urbem
1354 2147 1492 2201 ipsam
1512 2156 1546 2182 35

158 2212 337 2267 imperio
383 2210 645 2252 domicilium
690 2209 893 2263 praebere
936 2221 1081 2261 posse3
1126 2221 1201 2247 vos
1245 2206 1367 2259 haec,
1409 2205 1492 2245 nisi

159 2273 347 2313 evertere
374 2284 464 2311 rem
490 2268 707 2322 publicam
734 2266 943 2320 cuperetis
970 2280 1017 2306 ac
1044 2265 1165 2306 vobis
1185 2278 1340 2305 novam
1362 2263 1492 2304 domi-
