1619 2542
101 804 141 835 12

101 1566 141 1596 13

174 113 229 154 78
422 113 486 148 DE
511 112 711 148 IMPERIO
733 112 805 147 CN.
831 112 1014 148 POMPEI
1039 112 1225 148 ORATIO!

172 209 346 250 milibus
401 209 557 251 civium
598 208 889 250 Romanorum
933 222 1017 249 uno
1061 208 1212 250 nuntio
1254 211 1380 262 atque
1423 223 1507 250 uno

172 271 364 321 tempore
383 267 545 309 necatis
567 281 648 321 quo
668 267 842 308 tandem
863 265 1006 308 animo
1027 280 1119 308 esse
1134 266 1326 308 debetis?
1356 266 1510 321 Legati

173 327 284 380 quod
332 329 456 367 erant
506 325 710 380 appellati
762 324 1004 380 superbius,
1055 324 1311 367 Corinthum
1363 328 1508 380 patres

171 384 313 438 vestri,
340 384 473 426 totius
495 383 696 425 Graeciae
717 383 871 436 lumen,
898 384 1131 425 extinctum
1152 398 1244 426 esse
1263 383 1507 437 voluerunt3

170 458 245 485 vos
285 458 381 484 eum
414 457 560 498 regem
591 442 776 483 inultum
808 456 900 483 esse
930 442 1173 497 patiemini,
1211 442 1283 497 qui
1314 442 1505 498 legatum

170 502 319 556 populi
339 501 524 543 Romani
552 501 820 543 consularem
840 500 1019 542 vinculis
1040 514 1089 543 ac
1108 500 1358 542 verberibus
1379 504 1506 555 atque

170 561 285 602 omni
313 559 838 615 supplicio-excruciatum
862 559 1060 602 necavit?
1091 558 1164 600 Illi
1184 559 1427 601 libertatem
1446 560 1506 601 in-

170 619 379 660 minutam
401 618 556 659 civium
571 618 863 659 Romanorum
883 632 969 659 non
988 617 1199 672 tulerunt3
1217 631 1294 659 vos
1315 621 1506 672 ereptam

169 677 303 718 vitam
341 676 614 732 neglegetis?
663 676 734 717 Ius
771 676 1000 731 legationis
1035 676 1167 717 verbo
1200 676 1410 718 violatum
1441 676 1505 717 illi

169 735 381 789 persecuti
393 738 512 786 sunt3
523 749 598 776 vos
610 736 800 790 legatum
812 734 928 775 omni
940 734 1148 789 supplicio
1160 734 1430 776 interfectum
1441 749 1504 776 re-

170 794 402 847 linquetis?
430 793 595 847 Videte,
614 808 679 847 ne,
705 796 754 835 ut
774 793 861 834 illis
882 793 1218 848 pulcherrimum
1237 792 1320 834 fuit
1339 796 1502 835 tantam

1524 451 1541 478 5

1525 745 1559 770 10

168 853 289 894 vobis
321 852 489 907 imperii
522 852 705 906 gloriam
737 852 923 905 tradere,
964 853 1024 893 sic
1054 851 1177 893 vobis
1208 852 1505 907 turpissimum
1540 880 1545 884 -

169 912 226 952 sit
256 911 311 964 id,
344 911 456 965 quod
488 910 723 965 accepistiS,
754 911 865 951 tueri
896 912 940 951 et
971 924 1222 952 conservare
1251 924 1338 952 non
1369 924 1493 964 posse

257 968 395 1017 Quid?
417 968 530 1023 quod
561 970 676 1009 salus
709 969 920 1010 sociorum
953 983 1164 1011 summum
1196 969 1242 1010 in
1271 969 1504 1022 periculum

169 1042 216 1069 ac
249 1027 475 1069 discrimen
494 1030 682 1081 vocatur,
708 1042 792 1082 quo
818 1027 991 1068 tandem
1017 1028 1159 1069 animo
1178 1027 1290 1068 ferre
1310 1027 1503 1069 debetis?

168 1087 317 1142 Regno
359 1089 424 1127 est
463 1086 664 1140 expulsus
696 1085 1011 1127 Ariobarzanes
1048 1100 1140 1140 reX,
1178 1086 1316 1128 socius
1354 1085 1503 1141 populi

167 1144 350 1186 Romani
384 1147 513 1198 atque
545 1146 723 1197 amicus;
757 1145 982 1185 imminent
1014 1144 1096 1186 duo
1123 1158 1243 1199 reges
1269 1144 1354 1186 toti
1372 1144 1503 1185 Asiae

166 1217 254 1244 non
286 1203 425 1244 solum
451 1202 573 1244 vobis
605 1202 902 1256 inimicissimi,
934 1203 1007 1244 sed
1039 1203 1168 1244 etiam
1194 1203 1349 1244 vestris
1375 1202 1502 1244 sociis

168 1264 296 1316 atque
323 1261 493 1315 amicis,
519 1261 712 1302 civitates
739 1264 882 1302 autem
909 1275 1055 1302 omnes
1076 1263 1229 1302 cuncta
1249 1261 1354 1302 Asia
1375 1263 1501 1314 atque

168 1319 347 1362 Graecia
372 1323 563 1361 vestrum
595 1319 799 1360 auxilium
831 1322 1076 1373 exspectare
1113 1322 1289 1375 propter
1325 1319 1502 1374 periculi

168 1378 507 1433 magnitudinem
538 1381 768 1433 coguntur3
799 1377 1101 1432 imperatorem
1134 1393 1160 1419 a
1190 1377 1313 1419 vobis
1339 1380 1502 1419 certum

168 1437 407 1492 deposcere,
439 1451 534 1478 cum
566 1436 818 1491 praesertim
851 1450 926 1478 vos
959 1436 1090 1477 alium
1123 1436 1336 1490 miseritis,
1367 1450 1502 1491 neque

169 1496 324 1537 audent
354 1510 489 1550 neque
521 1509 565 1537 se
592 1496 632 1536 id
664 1494 802 1537 facere
835 1495 925 1536 sine
958 1509 1123 1536 summo
1156 1494 1343 1549 periculo
1375 1508 1503 1550 posse

170 1554 447 1596 arbitrantur.
507 1553 668 1595 Vident
698 1557 741 1595 et
772 1553 962 1595 sentiunt
992 1553 1074 1595 hoc
1104 1553 1234 1607 idem,
1272 1553 1384 1608 quod
1413 1567 1502 1606 VOS,

167 1627 299 1653 unum
331 1612 468 1654 virum
501 1626 604 1667 esse,
635 1613 679 1653 in
711 1627 793 1666 quo
825 1626 992 1653 summa
1023 1612 1110 1653 sint
1142 1611 1301 1666 omnia,
1332 1614 1376 1652 et
1407 1626 1502 1653 eum

167 1673 344 1725 propter
375 1685 479 1725 esse,
511 1686 593 1725 quo
626 1671 755 1712 etiam
781 1673 927 1713 carent
953 1671 1141 1725 aegrius3
1173 1671 1291 1712 cuius
1318 1670 1503 1711 adventu

166 1729 261 1783 ipso
296 1731 423 1783 atque
454 1731 637 1783 nomine,
668 1729 842 1770 tametsi
873 1730 947 1771 ille
978 1729 1032 1770 ad
1056 1729 1317 1770 maritimum
1344 1728 1503 1769 bellum

168 1788 350 1841 venerit,
390 1791 535 1829 tamen
571 1788 756 1842 impetus
789 1788 976 1829 hostium
1008 1801 1225 1841 repressos
1257 1800 1349 1828 esse
1380 1786 1502 1827 intel-

167 1846 318 1900 legunt
355 1859 403 1887 ac
440 1847 689 1888 retardatos.
750 1845 809 1888 Hi
846 1860 940 1900 vos,
979 1846 1177 1900 quoniam
1215 1844 1347 1886 libere
1386 1844 1502 1899 loqui

167 1918 255 1945 non
280 1905 389 1957 licet,
420 1905 548 1945 tacite
575 1907 744 1960 rogant,
775 1907 824 1946 ut
856 1919 900 1946 se
933 1918 1100 1958 quoque
1131 1904 1242 1945 sicut
1266 1906 1501 1944 ceterarum

168 1961 485 2027 provinciarum
506 1962 643 2004 socios
665 1963 817 2018 dignos
838 1962 1103 2013 existimetis,
1123 1975 1302 2015 quorum
1317 1961 1503 2003 salutem

169 2020 248 2062 tali
278 2021 371 2062 viro
403 2021 724 2075 commendetis,
762 2024 888 2075 atque
919 2020 1000 2062 hoc
1032 2019 1161 2061 etiam
1194 2020 1352 2075 magis,
1390 2020 1501 2085 quod

170 2081 331 2121 ceteros
363 2079 407 2119 in
437 2079 700 2133 provinciam
727 2078 816 2120 eius
842 2079 956 2120 modi
980 2078 1174 2119 homines
1201 2092 1296 2120 cum
1322 2078 1501 2133 imperio

170 2137 395 2191 mittimus,
426 2140 484 2190 ut,
515 2138 683 2179 etiamsi
716 2137 769 2179 ab
801 2137 924 2179 hoste
949 2136 1189 2190 defendant,
1220 2139 1366 2178 tamen
1390 2136 1501 2190 ipso-

1524 1035 1557 1061 15

1522 1328 1556 1354 20

1522 1619 1555 1645 25

1520 1911 1554 1938 30

169 2210 264 2236 rum
296 2196 502 2237 adventus
537 2195 582 2236 in
612 2196 738 2236 urbes
766 2195 979 2237 sociorum
1009 2208 1097 2236 non
1128 2195 1309 2236 multum
1343 2194 1396 2236 ab
1428 2194 1500 2236 ho·
1519 2204 1552 2231 35

170 2254 259 2295 stili
309 2253 621 2309 expugnatione
672 2253 886 2307 differant,
934 2253 1046 2294 hunc
1090 2253 1320 2294 audiebant
1363 2255 1500 2306 antea,

169 2327 284 2354 nunc
305 2316 574 2367 praesentem
600 2311 745 2354 vident
771 2314 893 2353 tanta
918 2312 1215 2366 temperantia,
1242 2314 1365 2354 tanta
1386 2325 1500 2353 man-
