1619 2542
169 89 225 130 52
534 88 627 125 PRO
654 88 696 126 A.
724 88 934 124 CAECINA
960 88 1149 126 ORATIO.

98 196 142 227 43
170 185 331 234 Quodsi
363 186 404 227 vi
436 186 582 240 pulsos
615 185 792 227 dicimus
826 185 1035 226 exercitus
1062 199 1152 227 esse
1179 199 1263 240 eos,
1295 186 1366 240 qui
1392 188 1509 228 metu

171 259 220 286 ac
250 245 368 285 tenui
402 259 526 298 saepe
559 245 796 298 suspicione
828 244 1006 298 periculi
1037 243 1251 298 fugerunt,
1285 248 1326 285 et
1357 245 1392 286 si
1423 259 1510 286 non

172 303 310 344 solum
359 303 532 357 inpulsu
583 306 799 344 scutorum
849 317 984 357 neque
1034 303 1234 344 conflictu
1283 317 1508 357 corporum

170 376 306 417 neque
337 362 425 403 ictu
458 362 694 404 comminus
725 375 862 415 neque
895 362 1155 402 coniectione
1194 361 1399 413 telorum,
1437 363 1509 403 sed

153 432 297 475 ‘saepe
330 421 514 462 clamore
546 421 640 474 ipso
679 421 868 461 militum
901 423 974 461 aut
1003 421 1283 462 instructione
1316 424 1508 475 aspectu·
1547 430 1563 456 5

172 494 253 534 que
290 480 511 534 signorum
551 492 730 533 magnas
769 479 913 532 copias
951 479 1097 534 pulsas
1131 493 1221 520 esse
1254 482 1297 520 et
1327 479 1510 521 vidimus

171 542 213 579 et
244 538 495 591 audivimus,
528 552 635 592 quae
666 538 729 579 vis
761 538 806 578 in
840 538 950 578 bello
983 538 1235 591 appellatur,
1267 552 1317 579 ea
1347 539 1392 578 in
1423 539 1510 580 otio

170 611 259 638 non
298 597 613 650 appellabitur?
652 599 715 650 et,
754 596 868 651 quod
906 596 1132 637 vehemens
1169 597 1213 637 in
1251 611 1297 638 re
1335 596 1511 638 militari

170 657 365 709 putatur,
403 655 445 696 id
484 655 574 696 leve
613 655 657 696 in
694 656 784 696 iure
821 655 935 696 civili
973 654 1258 696 iudicabitur?
1299 657 1358 708 et,
1397 655 1510 710 quod

172 715 380 755 exercitus
414 716 603 755 armatos
636 716 796 764 movet,
834 714 877 755 id
909 713 1228 755 advocationem
1260 715 1509 768 togatorum
1530 724 1564 749 10

171 787 258 814 non
284 772 497 814 videbitur
522 773 735 814 movisse?
762 775 804 813 et
829 772 980 813 vulnus
1007 773 1197 826 corporis
1223 773 1362 826 magis
1382 772 1511 814 istam

171 832 258 872 vim
290 845 418 886 quam
448 834 587 873 terror
618 831 750 872 animi
783 831 1045 872 declarabit?
1073 834 1114 871 et
1145 831 1349 872 sauciatio
1383 845 1509 886 quae-

101 901 146 932 44
171 893 299 944 retur,
332 904 426 931 cum
458 890 604 945 fugam
630 890 790 931 factam
823 903 914 930 esse
947 890 1192 931 constabit?
1247 890 1363 931 Tuus
1396 890 1509 931 enim

171 949 293 990 testis
313 949 394 990 hoc
415 948 532 1002 dixit,
557 952 673 990 metu
693 949 931 1002 perterritis
952 949 1111 990 nostris
1133 948 1349 990 advocatis
1370 949 1509 990 locum

172 1022 234 1061 se,
272 1022 355 1061 qua
393 1006 644 1061 effugerent,
683 1007 1008 1049 demonstrasse.
1070 1005 1150 1055 Qui
1182 1022 1269 1048 non
1301 1007 1427 1048 modo
1459 1010 1562 1048 ut15

171 1066 387 1120 fugerent,
426 1066 498 1107 sed
536 1066 664 1106 etiam
702 1066 836 1120 ipsius
872 1066 1001 1120 fugae
1032 1068 1171 1106 tutam
1203 1066 1317 1107 viam
1350 1066 1510 1121 quaesi-

171 1126 340 1178 verunt,
381 1124 448 1165 his
486 1124 550 1165 vis
585 1124 779 1165 adhibita
809 1139 896 1165 non
928 1124 1170 1166 videbitur?
1236 1123 1345 1173 Quid
1377 1125 1512 1180 igitur

171 1183 425 1237 fugiebant?
486 1181 667 1237 Propter
698 1186 871 1224 metum.
933 1181 1043 1231 Quid
1076 1182 1358 1225 metuebant?
1410 1182 1509 1224 Vim

171 1242 383 1283 videlicet.
445 1241 632 1282 Potestis
674 1242 806 1296 igitur
842 1241 1050 1295 principia
1089 1254 1262 1295 negare,
1305 1256 1400 1282 cum
1439 1255 1509 1282 ex-

172 1303 308 1341 trema
334 1300 593 1341 conceditis‘.>
631 1299 810 1354 Fugisse
836 1300 1085 1354 perterritos
1112 1299 1388 1353 confitemini3
1415 1314 1509 1341 cau·
1530 1309 1564 1335 20

174 1374 265 1400 sam
296 1359 426 1413 fugae
459 1358 600 1400 dicitis
633 1359 829 1412 eandem,
868 1373 995 1412 quam
1027 1372 1174 1400 omnes
1205 1357 1510 1412 intellegimus,

174 1432 303 1471 arma,
333 1417 653 1458 multitudinem
685 1417 922 1470 hominum,
954 1417 1239 1458 incursionem
1273 1420 1399 1471 atque
1431 1417 1509 1458 im-

173 1480 318 1530 petum
358 1479 636 1530 armatorum3
673 1476 779 1517 haec
816 1476 889 1517 ubi
926 1476 1217 1517 conceduntur
1254 1489 1347 1516 esse
1384 1475 1511 1528 facta,

106 1536 234 1598 mibi
265 1536 328 1576 vis
359 1534 475 1576 facta
507 1535 764 1589 negabitur?

103 1608 149 1639 45
263 1594 317 1634 At
357 1607 455 1635 vero
496 1593 578 1636 hoc
618 1593 787 1648 quidem
828 1594 913 1634 iam
953 1595 1076 1634 vetus
1118 1595 1183 1634 est
1220 1595 1262 1634 et
1301 1592 1508 1633 maiorum
1528 1601 1562 1628 25

176 1653 368 1706 exemplo
395 1652 542 1693 multis
567 1653 612 1693 in
638 1652 764 1693 rebus
790 1653 1006 1705 usitatum,
1038 1666 1133 1693 cum
1160 1651 1212 1692 ad
1239 1651 1326 1692 vim
1352 1651 1510 1692 faciun-

176 1711 273 1751 dam
305 1711 537 1764 veniretur,
576 1711 613 1751 si
651 1725 755 1765 quos
789 1713 975 1752 armatos
1009 1711 1202 1764 quamvis
1235 1710 1382 1763 procul
1414 1723 1509 1750 con-

176 1769 429 1823 spexissent,
455 1772 503 1810 ut
529 1770 676 1810 statim
701 1769 919 1810 testificati
940 1768 1213 1821 discederent,
1237 1781 1327 1808 cum
1348 1768 1508 1821 optime

177 1827 452 1881 sponsionem
501 1828 640 1869 facere
684 1830 878 1883 possent,
928 1839 975 1869 NI
1017 1837 1254 1868 ADVERSUS
1299 1837 1509 1867 EDICTUM

175 1897 423 1927 PRAETORIS
456 1897 528 1928 vis
561 1898 710 1928 FACTA
742 1897 893 1928 ESSET.
955 1885 1077 1926 Itane
1108 1884 1236 1925 vero?
1271 1883 1376 1925 scire
1418 1898 1509 1925 esse
1528 1894 1564 1920 30

177 1946 365 1986 armatos
404 1945 508 1985 satis
548 1948 628 1998 est,
666 1948 714 1986 ut
750 1945 836 1986 vim
874 1944 1031 1985 factam
1068 1943 1240 1996 probes3
1281 1943 1326 1982 in
1357 1957 1508 1984 manus

177 2018 322 2045 eorum
348 2003 532 2044 incidere
564 2017 649 2043 non
683 2006 746 2044 est
778 2003 912 2044 satis?
945 2004 1141 2056 aspectus
1168 2004 1431 2042 armatorum
1457 2001 1509 2042 ad

176 2063 263 2103 vim
288 2061 551 2116 probandam
577 2062 752 2114 valebit3
785 2062 975 2102 incursus
1001 2063 1044 2100 et
1068 2060 1251 2112 impetus
1284 2074 1370 2100 non
1400 2060 1509 2100 vale-

177 2121 270 2162 bit‘?
316 2121 387 2174 qui
430 2119 600 2172 abierit,
641 2119 810 2160 facilius
851 2119 933 2160 sibi
974 2118 1059 2159 vim
1099 2117 1258 2159 factam
1297 2118 1510 2172 probabit,

107 2190 151 2221 46
179 2194 306 2233 quam
338 2178 409 2232 qui
441 2178 663 2232 effugerit?
690 2178 750 2217 At
772 2191 849 2231 ego
875 2177 954 2217 hoc
980 2176 1085 2232 dico,
1113 2177 1161 2230 si,
1186 2179 1234 2217 ut
1259 2177 1442 2230 primum
1466 2176 1509 2217 in
1527 2185 1562 2212 35

180 2237 353 2279 castello
387 2236 588 2279 Caecinae
628 2236 734 2277 dixit
767 2235 976 2277 Aebutius
1014 2248 1058 2275 se
1090 2234 1284 2275 homines
1317 2236 1507 2289 coegisse

179 2299 222 2337 et
254 2310 459 2351 armasse,
490 2309 625 2350 neque
657 2308 770 2349 eum,
809 2294 845 2336 si
876 2294 949 2334 illo
982 2292 1245 2345 accessisset,
1283 2292 1509 2341 abiturum,
