1687 2533
230 113 316 154 512
344 113 406 147 DE
429 112 567 148 DOMO
590 112 682 148 SUA
696 113 760 147 AD
778 111 1058 147 PONTIFICES
1075 112 1148 147 ΟΒ.
1176 111 1274 147 CAP.
1291 116 1335 147 58
1361 117 1473 156 ξ146,
1497 117 1572 148 147.

229 209 442 250 bonorum
475 208 672 263 direptio,
711 223 796 249 non
829 210 1040 249 tectorum
1073 208 1241 262 excisio,
1272 223 1357 250 non
1390 209 1574 263 depopu-

230 267 337 309 latio
370 267 663 322 praediorum,
700 281 787 308 non
826 266 984 320 praeda
1016 268 1237 308 consulum
1271 281 1320 308 ex
1352 269 1458 308 meis
1490 270 1573 309 for—

230 325 346 367 tunis
379 326 673 367 crudelissime
707 327 834 379 capta
867 328 1103 379 permovet3
1143 326 1301 367 caduca
1333 340 1499 380 semper
1530 329 1573 368 et

231 385 410 426 mobilia
435 385 539 426 haec
567 398 659 425 esse
687 384 797 437 duxi,
828 399 915 425 non
941 384 1113 425 virtutis
1141 387 1269 438 atque
1294 384 1467 440 ingenii,
1501 385 1573 427 sed

230 443 427 484 fortunae
461 446 503 484 et
534 445 776 496 temporum
809 457 1003 497 munera,
1042 457 1221 497 quorum
1254 457 1334 498 ego
1365 458 1451 485 non
1482 446 1572 485 tam
1609 454 1625 478 5

231 501 480 543 facultatem
502 516 704 555 uinquam
726 504 768 542 et
788 502 954 555 copiam
975 502 1253 556 expetendam
1274 503 1423 556 putavi
1445 517 1572 556 quam

233 563 275 601 et
324 560 368 601 in
419 560 575 601 utendo
627 560 840 601 rationem
892 562 933 601 et
982 561 1026 601 in
1075 561 1255 602 carendo
1306 561 1571 615 patientiam.

164 618 433 666 (147)Etenim
467 618 518 659 ad
550 621 747 660 nostrum
774 633 898 659 usum
924 633 1056 673 prope
1089 618 1260 660 modum
1292 619 1377 660 iam
1410 622 1474 660 est
1507 620 1572 661 de-

233 677 355 718 finita
393 677 630 718 moderatio
668 677 731 718 rei
768 677 1013 730 familiaris,
1051 677 1197 719 liberis
1237 680 1379 719 autem
1410 679 1571 720 nostris

233 736 338 777 satis
372 736 562 790 amplum
595 736 904 790 patrimonium
930 736 1099 790 paterni
1131 737 1315 777 nominis
1342 751 1391 778 ac
1416 751 1572 778 memo-
1592 748 1625 772 10

233 794 321 835 riae
348 797 521 836 nostrae
547 795 858 849 relinquemus3
891 794 1015 836 domo
1042 809 1117 849 per
1144 795 1280 836 scelus
1308 799 1466 850 erepta,
1498 810 1573 850 per

231 853 504 894 latrocinium
548 855 772 907 occupata,
812 868 887 907 per
928 853 1150 908 religionis
1192 854 1278 895 vim
1324 854 1571 896 sceleratius

233 912 362 952 etiam
385 912 607 953 aedificata
635 927 762 966 quam
791 927 938 953 eversa
965 926 1106 953 carere
1133 912 1222 953 sine
1250 913 1435 954 maxima
1454 913 1571 968 igno—

234 971 368 1012 minia
388 970 450 1011 rei
470 971 679 1025 publicae,
707 985 801 1012 meo
823 970 1024 1012 dedecore
1045 985 1093 1011 ac
1114 971 1259 1012 dolore
1279 986 1366 1013 non
1385 986 1572 1026 possum.

165 1027 518 1083 147Quapropter‚
550 1029 586 1070 si
613 1029 677 1070 dis
704 1029 1032 1082 immortalibus,
1065 1029 1099 1069 si
1133 1030 1312 1084 senatui,
1345 1030 1380 1071 si
1411 1031 1571 1085 populo
1592 1041 1624 1066 15

232 1087 446 1141 Romano,
486 1087 521 1128 si
559 1090 737 1129 cunctae
775 1087 944 1140 Italiae,
983 1087 1019 1128 si
1056 1088 1302 1141 provinciis,
1344 1089 1380 1129 si
1418 1089 1571 1130 exteris

232 1146 493 1198 nationibus,
526 1146 561 1186 si
594 1145 807 1187 vobismet
838 1146 954 1200 ipsis,
987 1147 1058 1199 qui
1090 1147 1133 1186 in
1165 1161 1259 1187 mea
1291 1147 1428 1188 salute
1459 1147 1571 1201 prin-

232 1203 369 1258 cipem
391 1218 557 1257 semper
584 1205 724 1245 locum
751 1205 1136 1258 auctoritatemque
1162 1205 1374 1259 tenuistis,
1400 1208 1571 1260 gratum

234 1265 277 1303 et
314 1263 542 1304 iucundum
582 1278 723 1304 meum
756 1263 939 1304 reditum
972 1263 1226 1317 intellegitis
1266 1278 1374 1317 esse,
1413 1279 1569 1318 quaeso

233 1320 511 1375 obtestorque
543 1336 638 1374 vos,
670 1321 911 1375 pontifices,
943 1324 991 1362 ut
1023 1336 1107 1375 me,
1147 1336 1270 1376 quem
1304 1322 1571 1376 auctoritate,
1591 1334 1625 1358 20

233 1379 394 1433 studio,
433 1380 658 1421 sententiis
691 1380 960 1433 restituistis,
1000 1395 1127 1434 nunc,
1166 1381 1362 1434 quoniam
1398 1384 1570 1422 senatus

233 1439 295 1479 ita
320 1438 425 1493 vult,
457 1439 655 1480 manibus
683 1453 849 1493 quoque
882 1439 1037 1480 vestris
1069 1439 1113 1480 in
1147 1439 1315 1481 sedibus
1349 1439 1454 1481 meis
1486 1440 1571 1482 col-

231 1497 397 1539 locetis.
