1687 2533
584 82 684 117 CAP.
715 86 731 116 1
760 85 779 124 g
808 86 908 116 1—4.
1329 82 1415 124 447

76 181 147 222 diu
178 179 458 232 continerent,
489 178 532 219 id
563 178 608 219 in
640 192 707 218 me
739 192 822 219 uno
856 177 997 231 potius
1028 192 1156 232 quam
1182 178 1226 219 in
1253 178 1416 233 optimo

75 253 240 294 quoque
268 241 310 279 et
335 239 535 279 universa
561 237 733 278 civitate
759 236 789 288 ἢ·
809 236 1006 278 deficeret
1027 260 1080 265 ——
1103 237 1184 278 hoc
1211 237 1247 278 si
1275 237 1417 279 animo

74 299 119 339 in
155 312 232 339 vos
268 297 510 351 liberosque
549 298 714 337 vestros
752 295 947 348 fuissem,
988 298 1036 336 ut
1080 296 1309 350 aliquando
1342 311 1418 337 vos

76 360 304 411 patresque
343 355 606 408 conscriptos
644 354 903 408 Italiamque
935 355 1179 396 universam
1213 355 1419 396 memoria

40 428 56 454 5
76 415 170 469 mei,
191 414 482 456 misericordia
503 413 842 467 desideriumque
862 415 1044 454 teneret:
1067 414 1156 455 eius
1179 414 1417 455 devotionis

78 489 144 516 me
171 488 263 516 esse
291 473 534 515 convictum
560 472 715 513 iudicio
743 472 919 513 deorum
944 473 1268 525 immortalium,
1301 473 1419 514 testi-

77 533 221 575 monio
238 535 425 586 senatus,
446 546 654 574 consensu
668 530 834 584 Italiae,
855 531 1121 573 confessione
1136 532 1420 586 inimicorum,

77 592 283 633 beneficio
323 591 465 632 divino
503 590 823 644 immortalique
863 592 1006 632 vestro
1046 591 1230 632 maxime
1270 592 1419 631 laetor.

79 650 235 705 Quare,
274 650 355 692 etsi
392 650 501 691 nihil
540 652 605 690 est
640 649 806 690 homini
845 649 985 704 magis
1023 650 1258 704 optandum
1291 664 1419 704 quam

29 723 60 747 10
78 724 301 765 prospera,
364 709 599 763 aequabilis
655 710 947 762 perpetuaque
1001 707 1177 749 fortuna
1235 708 1419 750 secundo

78 769 193 811 vitae
226 769 315 809 sine
347 768 438 809 ulla
470 767 700 809 offensione
734 782 877 820 cursu,
906 769 1065 821 tamen,
1098 768 1133 808 si
1167 767 1273 808 1111111
1304 770 1419 808 tran-

80 828 216 882 quilla
254 830 297 868 et
337 827 508 881 placata
547 825 691 867 omnia
721 825 923 880 fuissent,
960 826 1203 867 incredibili
1235 826 1420 880 quadam

80 889 123 928 et
154 901 288 941 paene
321 886 475 939 divina,
509 900 592 939 qua
621 899 733 926 nunc
765 887 909 926 vestro
942 885 1145 926 beneficio
1171 884 1303 938 fruor,
1335 885 1420 925 lae·

80 945 202 987 titiae
246 945 469 999 voluptate
521 944 761 985 caruissem.
837 942 947 991 Quid
989 944 1153 985 dulcius
1198 944 1421 985 hominum

28 1016 60 1042 15
82 1004 229 1060 generi
267 1004 320 1045 ab
357 1010 512 1044 natura
544 1003 690 1044 datum
724 1005 789 1043 est
821 1017 950 1056 quam
983 1002 1048 1043 sui
1081 1003 1231 1056 cuique
1264 1002 1421 1043 liberi?

80 1063 185 1104 mihi
222 1077 321 1104 vero
361 1065 403 1103 et
439 1064 615 1116 propter
652 1061 966 1116 indulgentiam
998 1076 1139 1102 meam
1172 1064 1214 1102 et
1245 1063 1423 1115 propter

81 1122 292 1163 excellens
343 1136 489 1162 eorum
539 1121 759 1176 ingenium
802 1120 892 1161 vita
943 1122 1042 1161 sunt
1086 1135 1180 1161 mea
1225 1120 1423 1161 cariores.

81 1180 244 1222 Tamen
281 1195 367 1222 non
404 1182 553 1221 tantae
590 1179 805 1233 voluptati
838 1181 960 1220 erant
992 1175 1197 1233 suseepti,
1237 1181 1422 1232 quantae

80 1254 194 1281 nunc
233 1241 333 1280 sunt
363 1238 567 1279 restituti.
627 1237 749 1279 Nihil
782 1238 980 1291 cuiquam
1012 1238 1095 1279 fuit
1126 1252 1330 1291 umquam
1362 1237 1421 1278 iu-

29 1311 62 1335 20
83 1298 259 1339 cundius
298 1313 425 1352 quam
463 1297 569 1348 mihi
607 1311 724 1337 meus
764 1297 914 1349 frater3
951 1311 1038 1337 non
1069 1299 1158 1337 tam
1191 1296 1234 1336 id
1268 1296 1421 1337 sentie-

82 1357 194 1409 bam,
219 1371 314 1398 cum
339 1356 524 1409 fruebar,
550 1370 678 1409 quam
703 1357 809 1407 tum,
835 1369 929 1396 cum
955 1355 1165 1405 carebam,
1192 1357 1235 1395 et
1254 1356 1423 1409 postea-

83 1430 210 1470 quam
258 1429 336 1456 vos
386 1429 453 1455 me
498 1414 562 1454 illi
612 1416 654 1454 et
702 1413 808 1454 mihi
858 1427 955 1454 eum
1004 1413 1260 1454 reddidistis.
1338 1412 1423 1453 Res

83 1473 311 1516 familiaris
350 1488 426 1514 sua
464 1486 673 1526 quemque
712 1472 916 1526 delectat,
955 1471 1147 1525 reliquae
1188 1485 1307 1512 meae
1338 1470 1423 1511 for-

84 1536 212 1574 tunae
244 1531 504 1586 reciperatae
536 1531 633 1585 plus
666 1530 772 1571 mihi
802 1545 913 1572 nunc
945 1529 1182 1584 voluptatis
1214 1529 1424 1582 adferunt,

31 1604 64 1629 25
85 1606 212 1646 quam
244 1594 337 1631 tum
362 1591 408 1632 in
432 1589 726 1631 incolumitate
752 1589 1012 1631 adferebant.
1057 1588 1296 1642 Amicitiae,
1328 1603 1424 1629 con-

85 1650 340 1698 suetudines,
373 1649 626 1701 vicinitateS,
659 1648 892 1701 clientelae,
924 1647 1014 1689 ludi
1047 1647 1227 1701 denique
1260 1650 1302 1688 et
1335 1647 1424 1688 dies

84 1709 184 1751 festi
217 1708 319 1763 quid
344 1708 552 1749 haberent
576 1707 824 1761 voluptatis,
858 1706 1038 1748 carendo
1066 1706 1206 1761 magis
1232 1706 1425 1746 intellexi

87 1783 215 1823 quam
244 1767 436 1808 fruendo.
479 1765 571 1807 Iam
603 1780 703 1806 vero
735 1765 885 1816 honos,
918 1765 1119 1820 dignitas,
1152 1765 1282 1814 locus,
1310 1764 1423 1817 ordo,

85 1827 292 1868 beneficia
334 1828 479 1867 vestra
523 1839 781 1879 quamquam
825 1824 931 1864 mihi
975 1838 1141 1877 semper
1185 1823 1427 1865 clarissima

34 1897 68 1922 30
86 1886 180 1928 visa
206 1887 318 1939 sunt,
344 1887 490 1926 tamen
516 1898 565 1925 ea
589 1897 701 1924 nunc
721 1884 927 1924 renovata
946 1882 1196 1923 inlustriora
1215 1882 1427 1934 videntur,

87 1959 213 1999 quam
246 1944 282 1985 si
314 1944 543 1985 obscurata
573 1956 660 1983 non
692 1945 843 1982 essent.
893 1941 993 1995 Ipsa
1025 1944 1167 1982 autem
1199 1940 1352 1994 patria,
1384 1940 1425 1980 di

86 2003 370 2044 immortales!
405 2002 486 2043 dici
517 2001 588 2043 vix
615 2003 759 2054 potest
786 1999 885 2054 quid
912 2000 1117 2053 caritatis,
1150 1999 1250 2053 quid
1277 1998 1427 2052 volup-

87 2063 193 2103 tatis
242 2061 418 2113 habeat3
469 2074 576 2114 quae
621 2059 781 2113 species
825 2058 997 2112 Italiae,
1048 2072 1155 2112 quae
1200 2056 1427 2098 celebritas

89 2120 361 2174 oppidorum,
411 2133 518 2173 quae
569 2118 710 2159 forma
753 2117 993 2171 regionum,
1044 2117 1116 2171 qui
1160 2115 1272 2170 agri,
1320 2129 1428 2168 quae

35 2188 69 2214 35
88 2178 245 2233 fruges,
272 2193 378 2232 quae
403 2177 677 2231 pulchritudo
698 2176 828 2229 urbis,
855 2191 962 2230 quae
987 2175 1234 2216 humanitas
1261 2173 1429 2226 civium,

90 2252 197 2291 quae
245 2237 308 2278 rei
356 2236 553 2290 publicae
603 2235 807 2289 dignitas,
858 2249 965 2288 quae
1015 2237 1158 2275 vestra
1207 2232 1429 2272 maiestas!

90 2295 252 2344 Quibus
286 2309 364 2350 ego
393 2295 590 2336 omnibus
618 2296 744 2335 antea
770 2293 897 2335 rebus
925 2293 985 2334 sic
1010 2292 1196 2346 fruebar,
1228 2292 1276 2331 ut
1301 2303 1426 2331 nemo
