1687 2533
533 88 633 123 CAP.
660 93 750 124 5—7
778 93 796 131 g
826 93 973 126 12—17.
1340 90 1426 131 395

86 183 242 225 stultos
284 198 426 226 errore
464 184 696 239 permovit,
735 185 793 226 sic
826 188 926 227 sunt
957 199 1158 239 expressa
1188 184 1273 227 ista
1303 200 1425 240 prae-

85 243 218 296 clara,
270 257 376 297 quae
427 245 678 297 recitantur,
729 244 1026 298 psephismata
1074 259 1160 285 non
1201 245 1424 285 sententiis

83 315 221 355 neque
253 302 581 343 auctoritatibus
614 302 843 356 declarata,
874 317 962 344 non
992 303 1083 344 iure
1114 303 1293 344 iurando
1327 318 1425 345 con-

85 361 248 414 stricta,
281 360 353 401 sed
384 360 644 416 porrigenda
669 376 798 403 manu
829 361 1210 416 profundendoque
1237 361 1424 403 clamore

48 429 64 455 5
85 418 372 460 multitudinis
404 421 652 461 concitatae.

173 477 207 519 O
263 492 425 519 morem
475 479 740 533 praeclarum
792 478 1164 534 disciplinamque,
1221 494 1350 534 quam
1400 495 1423 521 a

84 535 317 577 maioribus
351 537 611 591 accepimus,
643 537 851 591 siquidem
885 539 1144 579 teneremus!
1177 538 1252 579 sed
1282 538 1425 580 nescio

85 609 167 648 quo
211 598 339 649 pacto
384 595 471 636 iam
509 595 559 637 de
595 596 793 637 manibus
834 596 1029 638 elabitur.
1096 595 1273 637 Nullam
1312 597 1425 638 enim

83 653 148 694 illi
185 654 322 695 nostri
361 654 670 709 sapientissimi
708 657 751 696 et
789 655 1050 696 sanctissimi
1087 656 1168 696 viri
1206 655 1294 696 vim
1327 670 1424 697 con-

31 713 214 753 lotionis
247 726 338 753 esse
369 713 612 767 voluerunt,
651 728 758 767 quae
791 715 992 755 scisceret
1021 714 1179 769 plebes,
1212 716 1286 755 aut
1318 729 1424 768 quae

82 771 266 826 populus
297 771 482 826 iuberet,
520 774 734 813 summota
766 772 985 826 contione,
1018 773 1260 814 distributis
1292 773 1424 827 parti-

82 830 175 883 bus,
206 829 404 871 tributim
437 833 480 872 et
511 831 783 872 centuriatim
810 830 1026 886 discriptis
1053 831 1284 885 ordinibus,
1318 831 1424 872 clas-

84 888 220 941 sibus,
262 889 494 943 aetatibus,
543 889 700 930 auditis
741 890 1006 942 auctoribus,
1047 904 1093 931 re
1134 890 1292 931 multos
1334 890 1423 931 dies

83 946 357 1001 promulgata
413 950 456 988 et
505 948 681 1003 cognita
728 947 866 989 iuberi
914 948 1136 1002 vetarique
1185 949 1424 990 voluerunt.

31 1016 64 1042 15
85 1005 344 1046 Graecorum
370 1008 513 1047 autem
540 1010 656 1048 totae
682 1021 750 1048 res
776 1007 971 1060 publicae
997 1007 1183 1048 sedentis
1210 1007 1423 1048 contionis

83 1064 326 1106 temeritate
358 1064 724 1106 administrantur.
773 1065 936 1120 Itaque,
967 1068 1016 1106 ut
1046 1065 1156 1107 hanc
1189 1065 1424 1119 Graeciam,

85 1138 193 1177 quae
235 1124 321 1164 iam
367 1123 437 1164 diu
481 1126 569 1164 suis
608 1124 798 1166 consiliis
835 1125 1031 1179 perculsa
1068 1128 1110 1165 et
1139 1123 1308 1165 afflicta
1346 1127 1425 1179 est,

84 1183 300 1235 omittam,
336 1182 414 1223 illa
451 1184 591 1235 vetus,
630 1197 737 1237 quae
775 1183 986 1236 quondam
1021 1183 1193 1237 opibus,
1231 1182 1424 1237 imperio,

84 1240 220 1293 gloria
250 1240 408 1293 floruit,
442 1240 524 1282 hoc
554 1256 640 1282 uno
673 1241 786 1282 malo
814 1242 1011 1295 concidit,
1042 1242 1243 1282 libertate
1275 1241 1424 1283 immo-

30 1311 65 1335 20
86 1300 233 1340 derata
275 1313 324 1340 ac
366 1299 540 1340 licentia
580 1300 839 1341 contionum.
907 1299 1015 1341 Cum
1059 1301 1103 1340 in
1139 1300 1310 1341 theatro
1348 1300 1424 1341 im-

83 1357 212 1412 periti
243 1358 437 1399 homines
470 1372 612 1398 rerum
645 1358 834 1398 omnium
866 1358 992 1399 rudes
1023 1358 1247 1412 ignarique
1280 1372 1423 1399 conse-

85 1416 247 1469 derant,
277 1418 371 1457 tum
402 1416 518 1456 bella
543 1416 715 1456 inutilia
742 1416 1042 1470 suscipiebant,
1074 1419 1166 1457 tum
1194 1416 1421 1457 seditiosos

83 1474 278 1515 homines
309 1475 370 1515 rei
401 1474 596 1528 publicae
627 1475 945 1527 praeficiebant,
977 1477 1070 1514 tum
1103 1475 1264 1528 optime
1297 1474 1422 1515 meri-

83 1535 152 1574 tos
191 1532 303 1574 cives
342 1546 363 1573 e
402 1532 575 1573 civitate
614 1532 834 1574 eiciebant.
896 1532 1056 1581 Quodsi
1093 1532 1198 1574 haec
1236 1533 1419 1574 Athenis

31 1602 64 1627 25
84 1594 188 1644 tum,
215 1605 310 1632 cum
336 1590 434 1631 illae
459 1605 546 1632 non
572 1591 709 1632 solum
730 1592 774 1632 in
794 1590 984 1644 Graecia,
1011 1591 1083 1632 sed
1102 1605 1236 1645 prope
1257 1591 1421 1633 cunctis

85 1650 286 1704 gentibus
318 1649 557 1701 enitebant,
590 1650 778 1691 accidere
812 1653 911 1690 sunt
944 1649 1089 1703 solita,
1123 1664 1250 1703 quam
1282 1650 1423 1691 mode-

83 1708 294 1749 rationem
326 1707 490 1762 putatis
522 1708 567 1748 in
597 1707 787 1763 Phrygia
820 1711 894 1749 aut
924 1708 969 1749 in
999 1707 1141 1761 Mysia
1173 1708 1422 1749 contionum

83 1766 244 1808 fuisse?
305 1766 489 1808 Nostras
522 1767 741 1808 contiones
773 1767 946 1807 illarum
976 1767 1200 1808 nationum
1225 1766 1421 1808 homines

84 1826 335 1879 plerumque
362 1825 634 1879 perturbant,
662 1825 774 1878 quid,
799 1840 895 1866 cum
917 1825 997 1866 soli
1019 1826 1106 1866 sint
1125 1825 1221 1880 ipsi,
1247 1825 1421 1866 tandem

32 1895 67 1920 30
85 1884 177 1924 fieri
207 1884 400 1938 putatis?
445 1883 605 1925 Caesus
637 1886 702 1924 est
733 1883 869 1937 virgis
896 1882 1105 1938 Cymaeus
1131 1884 1203 1924 ille
1230 1883 1424 1924 Athena-

86 1956 231 1996 goras,
270 1942 342 1996 qui
380 1943 423 1983 in
462 1942 576 1983 fame
608 1942 870 1982 frumentum
903 1945 1128 1996 exportare
1161 1945 1253 1983 erat
1284 1956 1424 1983 ausus.

85 1999 200 2041 Data
247 2000 393 2042 Laelio
439 2001 581 2042 contio
633 2002 709 2041 est.
776 1999 991 2042 Processit
1032 2002 1104 2042 ille
1149 2003 1191 2041 et
1235 1999 1423 2041 Graecus

87 2058 199 2112 apud
231 2058 414 2100 Graecos
454 2074 541 2100 non
579 2059 627 2099 de
667 2059 790 2112 culpa
829 2073 906 2100 sua
938 2059 1061 2112 dixit,
1099 2058 1173 2099 sed
1205 2058 1254 2099 de
1286 2072 1424 2111 poena

87 2119 260 2170 questus
306 2120 382 2158 est.
448 2116 736 2159 Porrexerunt
773 2131 945 2171 manus,
988 2117 1237 2172 psephisma
1273 2118 1423 2157 natum

32 2186 66 2211 35
87 2178 164 2217 est.
235 2174 330 2216 Hoc
372 2175 667 2217 testimonium
712 2176 805 2216 est?
879 2175 1027 2229 Nuper
1073 2175 1252 2229 epulati,
1296 2176 1423 2228 paulo

88 2235 186 2274 ante
212 2233 329 2274 omni
354 2233 583 2288 largitione
610 2233 795 2274 saturati
819 2233 1086 2288 Pergameni,
1119 2233 1230 2287 quod
1255 2232 1425 2273 Mithri-

86 2291 223 2344 dates,
267 2291 340 2345 qui
383 2291 702 2334 multitudinem
745 2292 867 2333 illam
910 2307 996 2334 non
1041 2291 1298 2333 auctoritate
1337 2305 1427 2341 sua,

1452 1018 1494 1048 16

1449 1543 1490 1575 17
