1619 2542
88 339 128 369 19

82 1042 124 1072 :20

77 1826 119 1856 21

157 115 241 156 282
478 115 529 150 IN
553 116 594 152 L.
621 116 885 152 CATILINAM
911 116 1086 152 ORATIO
1107 117 1167 154 ΙΙΙ.

155 225 265 252 1111110
296 211 416 266 fiunt,
448 227 598 254 canere
631 213 673 253 di
700 213 948 254 inmortales
975 212 1227 268 viderentur,
1257 215 1337 257 hoe
1362 219 1488 270 certe,

157 270 269 324 quod
314 285 406 312 sum
451 271 658 325 dicturus,
701 285 836 325 neque
882 273 1309 326 praetermittendum
1350 289 1486 330 neque

155 329 477 382 relinquendum
528 332 604 371 est.
674 328 787 370 Nam
836 329 1028 384 profecto
1078 331 1283 373 memoria
1330 333 1485 374 tenetis

156 385 285 429 Cotta
322 390 365 429 et
397 387 612 442 Torquato
653 388 895 429 consulibus
928 389 1166 444 complures
1197 390 1242 431 in
1273 389 1485 445 Capitolio

155 460 222 486 res
255 446 305 487 de
337 447 452 487 caelo
486 461 578 487 esse
604 461 839 501 percussas,
871 461 965 489 cum
992 451 1034 489 et
1059 449 1288 490 simulacra
1312 449 1486 492 deorum

155 504 332 558 depulsa
364 508 462 546 sunt
496 507 537 546 et
569 508 737 547 statuae
762 508 953 547 veterum
984 506 1206 548 hominum
1231 507 1419 550 deiectae
1444 512 1486 550 et

154 563 298 617 legum
337 578 435 604 aera
473 564 702 618 liquefacta
740 567 782 605 et
812 567 953 606 tactus
986 565 1115 606 etiam
1146 566 1238 620 ille,
1275 567 1347 621 qui
1376 567 1485 609 hanc

153 623 302 662 urbem
341 621 547 676 condidit,
584 622 809 677 Romulus,
847 638 971 677 quem
1008 624 1253 666 inauratum
1289 627 1335 667 in
1364 625 1485 680 Capi·

153 680 259 720 tolio
297 695 476 734 parvum
516 683 642 735 atque
680 682 912 723 lactantem
948 682 1150 724 uberibus
1190 683 1349 737 lupinis
1380 684 1485 725 inhi-
1543 725 1546 730 ,

154 741 296 779 antem
334 738 467 780 fuisse
505 739 773 781 meministis.
835 739 926 788 Quo
969 741 1137 795 quidem
1169 745 1359 796 tempore
1391 757 1487 789 cum

152 796 398 851 haruspices
431 812 482 839 ex
512 800 607 839 tota
631 798 806 839 Etruria
838 799 1146 853 convenissent,
1178 801 1324 842 caedes
1357 803 1484 855 atque

152 855 345 897 incendia
378 858 419 897 et
452 857 596 911 legum
623 857 843 898 interitum
870 860 912 898 et
937 858 1098 899 bellum
1123 859 1245 900 civile
1271 874 1320 901 ae
1345 859 1485 901 dome·

153 914 304 955 sticum
343 918 386 956 et
422 915 557 956 totius
595 915 713 956 urbis
752 919 878 969 atque
910 916 1077 970 imperii
1110 932 1305 959 occasum
1336 918 1484 972 adpro·

151 972 358 1027 pinquare
402 973 616 1028 dixerunt,
659 974 742 1014 11131
786 974 827 1015 di
870 974 1118 1016 inmortales
1163 976 1279 1017 omni
1318 977 1483 1018 ratione

151 1032 312 1085 placati
345 1046 419 1073 suo
452 1032 625 1073 numine
656 1047 789 1087 prope
820 1032 912 1074 fata
936 1033 1030 1087 ipsa
1056 1033 1285 1075 flexissent.
1333 1034 1482 1089 Itaque

148 1090 323 1130 illorum
367 1091 582 1144 responsis
620 1093 712 1131 tum
751 1094 791 1132 et
830 1091 918 1132 ludi
955 1106 1030 1146 per
1068 1092 1210 1133 decem
1252 1093 1340 1134 dies
1377 1094 1482 1135 faeti

151 1150 261 1201 sunt,
286 1162 421 1201 neque
448 1163 515 1189 res
542 1149 642 1201 11110,
670 1164 775 1203 quae
797 1150 849 1190 ad
868 1150 1099 1204 placandos
1121 1151 1220 1192 deos
1239 1152 1483 1205 pertineret,

148 1207 452 1260 praetermissa
478 1210 554 1249 est.
602 1207 802 1262 Idemque
828 1209 1044 1250 iusserunt
1070 1209 1342 1251 simulacrum
1368 1210 1482 1251 Iovis

149 1264 287 1305 facere
320 1265 456 1306 maius
490 1268 531 1306 et
562 1266 606 1306 in
638 1267 802 1308 excelso
834 1267 1055 1308 conlocare
1088 1270 1130 1308 et
1162 1270 1322 1321 contra,
1354 1271 1481 1322 atque

151 1325 276 1363 antea
312 1323 468 1376 fuerat,
507 1324 560 1364 ad
598 1324 805 1366 orientem
843 1328 1106 1380 convertere3
1144 1340 1192 1368 ae
1230 1341 1273 1368 se
1311 1341 1481 1382 sperare

150 1381 356 1435 dixerunt,
389 1382 425 1422 si
456 1382 563 1423 illud
595 1383 775 1438 signum,
808 1385 919 1438 quod
944 1384 1109 1439 videtis,
1143 1384 1245 1426 solis
1273 1388 1414 1427 ortum
1439 1389 1481 1427 et

148 1440 287 1481 forum
314 1440 558 1495 curiamque
585 1442 858 1496 conspiceret,
890 1442 979 1484 fore
1006 1445 1054 1484 ut
1081 1457 1129 1484 ea
1155 1444 1347 1497 consilia,
1374 1459 1480 1498 quae

149 1499 258 1539 clam
293 1502 434 1540 essent
464 1499 572 1540 inita
604 1503 754 1542 contra
786 1501 968 1542 salutem
1000 1502 1118 1543 urbis
1151 1504 1277 1556 atque
1302 1503 1480 1557 imperii,

147 1557 492 1611 inlustrarentur,
519 1561 566 1599 ut
592 1573 616 1599 0
642 1562 791 1600 senatu
815 1560 1058 1614 populoque
1085 1559 1278 1602 Romano
1297 1561 1480 1616 perspici

146 1618 336 1669 possent.
402 1617 544 1670 Atque
587 1617 694 1658 illud
738 1618 907 1672 signum
951 1619 1243 1660 collocandum
1286 1620 1479 1661 consules

148 1673 210 1713 illi
237 1674 503 1728 locaverunt3
535 1675 608 1716 sed
632 1678 754 1717 tanta
778 1676 860 1717 fuit
887 1677 1025 1731 operis
1051 1677 1244 1731 tarditas,
1273 1680 1323 1719 ut
1345 1692 1479 1732 neque

148 1732 437 1785 superioribus
476 1734 720 1775 consulibus
757 1749 893 1789 neque
929 1735 1053 1777 nobis
1094 1739 1191 1776 ante
1228 1735 1478 1777 hodiernum

95 1776 120 1815 9
148 1789 258 1830 diem
291 1791 582 1833 collocaretur.
631 1792 713 1833 Hic
740 1794 832 1846 quis
859 1796 1003 1847 potest
1028 1808 1131 1844 esse,
1163 1793 1358 1847 Quirites,
1388 1797 1477 1835 tam

149 1862 322 1889 aversus
356 1863 380 1889 0
412 1864 524 1903 vero,
554 1853 642 1891 tam
674 1865 888 1906 praeceps,
918 1855 1008 1893 tam
1041 1854 1182 1893 mente
1214 1855 1373 1906 captus,
1406 1853 1477 1907 qui

146 1908 274 1961 neget
310 1906 415 1947 haec
447 1909 608 1962 omnia,
646 1924 752 1963 quae
783 1910 992 1964 videmus,
1029 1910 1336 1964 praecipueque
1368 1910 1476 1952 110110

147 1964 296 2005 urbem
329 1964 502 2006 deorum
534 1966 827 2009 inmortalium
851 1971 958 2009 nutu
985 1982 1033 2009 00
1057 1970 1272 2022 potestate
1298 1968 1477 2010 admini-

147 2022 306 2063 strari?
355 2022 538 2076 Etenim,
570 2039 664 2066 cum
697 2029 808 2067 esset
838 2027 901 2067 ita
931 2040 1194 2080 responsum,
1227 2027 1387 2081 caedes,
1417 2028 1477 2069 in·

147 2080 310 2134 cendia,
353 2080 572 2122 interitum
609 2083 668 2124 rei
708 2084 902 2138 publicae
940 2084 1194 2137 comparari,
1238 2088 1280 2125 et
1317 2099 1366 2126 00
1401 2100 1477 2140 per

147 2139 276 2192 cives,
314 2153 421 2194 quae
454 2142 544 2180 tum
576 2144 753 2194 propter
785 2142 1122 2198 magnitudinem
1154 2143 1360 2184 scelerum
1390 2158 1477 2186 non

145 2197 274 2238 nullis
306 2197 572 2238 incredibilia
602 2198 866 2254 videbantur,
899 2215 947 2241 ea
972 2214 1058 2241 non
1083 2200 1208 2242 modo
1235 2202 1426 2257 cogitata
1451 2217 1476 2243 a

145 2255 318 2296 nefariis
357 2255 536 2309 civibus,
573 2270 720 2298 verum
759 2258 888 2300 etiam
920 2260 1117 2312 suscepta
1149 2273 1239 2300 esse
1271 2260 1475 2301 sensistis.

144 2313 257 2354 Illud
282 2328 381 2355 vero
407 2328 547 2355 nonne
573 2314 635 2355 ita
661 2329 862 2369 praesens
888 2318 965 2370 est,
990 2318 1037 2357 ut
1062 2319 1169 2358 nutu
1189 2317 1302 2359 Iovis
1324 2318 1476 2373 optimi

1506 758 1538 783 10

1504 1050 1535 1076 15

1501 1343 1534 1368 20

1499 1630 1532 1655 25

1496 1922 1530 1947 30

1495 2212 1528 2238 35
