<?xml version="1.0" encoding="UTF-8"?>
<!DOCTYPE html PUBLIC "-//W3C//DTD XHTML 1.0 Transitional//EN"
    "http://www.w3.org/TR/xhtml1/DTD/xhtml1-transitional.dtd">
<html xmlns="http://www.w3.org/1999/xhtml" xml:lang="en" lang="en">
 <head>
  <title>
</title>
<meta http-equiv="Content-Type" content="text/html;charset=utf-8" />
  <meta name='ocr-system' content='tesseract 3.04.00' />
  <meta name='ocr-capabilities' content='ocr_page ocr_carea ocr_par ocr_line ocrx_word'/>
</head>
<body>
  <div class='ocr_page' id='page_1' title='image "./p2scriptaquaemanse02ciceuoft_0580.png"; bbox 0 0 1687 2533; ppageno 0'>
   <div class='ocr_carea' id='block_1_1' title="bbox 245 91 1456 137">
    <p class='ocr_par' dir='ltr' id='par_1_1' title="bbox 245 91 1456 137">
     <span class='ocr_line' id='line_1_1' title="bbox 245 91 1456 137; baseline 0.001 -9"><span class='ocrx_word' id='word_1_1' title='bbox 245 93 333 135; x_wconf 80' lang='grc'>428</span> <span class='ocrx_word' id='word_1_2' title='bbox 378 93 470 128; x_wconf 86' lang='lat' dir='ltr'>PRO</span> <span class='ocrx_word' id='word_1_3' title='bbox 497 93 535 129; x_wconf 88' lang='lat' dir='ltr'>L.</span> <span class='ocrx_word' id='word_1_4' title='bbox 563 93 746 129; x_wconf 86' lang='lat' dir='ltr'>FLACCO</span> <span class='ocrx_word' id='word_1_5' title='bbox 774 93 964 129; x_wconf 83' lang='lat' dir='ltr'><strong>ORATIO.</strong></span> <span class='ocrx_word' id='word_1_6' title='bbox 1018 91 1118 128; x_wconf 86' lang='lat' dir='ltr'><strong>CAP.</strong></span> <span class='ocrx_word' id='word_1_7' title='bbox 1145 97 1189 128; x_wconf 81' lang='lat'>42</span> <span class='ocrx_word' id='word_1_8' title='bbox 1217 97 1236 136; x_wconf 65' lang='grc' dir='ltr'>ἓ</span> <span class='ocrx_word' id='word_1_9' title='bbox 1266 97 1349 137; x_wconf 88' lang='lat'>105,</span> <span class='ocrx_word' id='word_1_10' title='bbox 1378 97 1456 129; x_wconf 85' lang='grc'>106.</span> 
     </span>
    </p>
   </div>
   <div class='ocr_carea' id='block_1_2' title="bbox 180 189 1652 1477">
    <p class='ocr_par' dir='ltr' id='par_1_2' title="bbox 180 189 1652 1477">
     <span class='ocr_line' id='line_1_2' title="bbox 248 189 1595 244; baseline -0.001 -12"><span class='ocrx_word' id='word_1_11' title='bbox 248 205 340 233; x_wconf 87' lang='lat' dir='ltr'>esse</span> <span class='ocrx_word' id='word_1_12' title='bbox 384 190 582 243; x_wconf 83' lang='lat' dir='ltr'>ducebat,</span> <span class='ocrx_word' id='word_1_13' title='bbox 625 190 723 232; x_wconf 90' lang='lat' dir='ltr'>huic</span> <span class='ocrx_word' id='word_1_14' title='bbox 766 190 922 244; x_wconf 82' lang='lat' dir='ltr'>planae</span> <span class='ocrx_word' id='word_1_15' title='bbox 967 192 1009 230; x_wconf 89' lang='lat' dir='ltr'>et</span> <span class='ocrx_word' id='word_1_16' title='bbox 1054 189 1201 231; x_wconf 89' lang='lat' dir='ltr'>stabili</span> <span class='ocrx_word' id='word_1_17' title='bbox 1244 189 1595 244; x_wconf 83' lang='lat' dir='ltr'>praeponendam</span> 
     </span>
     <span class='ocr_line' id='line_1_3' title="bbox 249 247 1596 303; baseline -0.001 -12"><span class='ocrx_word' id='word_1_18' title='bbox 249 264 341 291; x_wconf 89' lang='lat' dir='ltr'>esse</span> <span class='ocrx_word' id='word_1_19' title='bbox 381 249 644 290; x_wconf 69' lang='lat' dir='ltr'>arbitretur?</span> <span class='ocrx_word' id='word_1_20' title='bbox 707 247 869 296; x_wconf 80' lang='lat' dir='ltr'>Quodsi</span> <span class='ocrx_word' id='word_1_21' title='bbox 904 247 1059 289; x_wconf 84' lang='lat' dir='ltr'>talium</span> <span class='ocrx_word' id='word_1_22' title='bbox 1098 248 1255 290; x_wconf 87' lang='lat' dir='ltr'>civium</span> <span class='ocrx_word' id='word_1_23' title='bbox 1290 263 1383 303; x_wconf 79' lang='lat' dir='ltr'>vos,</span> <span class='ocrx_word' id='word_1_24' title='bbox 1420 248 1596 302; x_wconf 83' lang='lat' dir='ltr'>iudices,</span> 
     </span>
     <span class='ocr_line' id='line_1_4' title="bbox 248 307 1593 362; baseline -0.001 -13"><span class='ocrx_word' id='word_1_25' title='bbox 248 308 405 358; x_wconf 83' lang='lat' dir='ltr'>taedet,</span> <span class='ocrx_word' id='word_1_26' title='bbox 438 307 669 361; x_wconf 81' lang='lat' dir='ltr'>ostendite3</span> <span class='ocrx_word' id='word_1_27' title='bbox 701 307 932 348; x_wconf 86' lang='lat' dir='ltr'>mutabunt</span> <span class='ocrx_word' id='word_1_28' title='bbox 965 307 1235 360; x_wconf 78' lang='lat' dir='ltr'>sententiam,</span> <span class='ocrx_word' id='word_1_29' title='bbox 1268 308 1341 362; x_wconf 89' lang='lat' dir='ltr'>qui</span> <span class='ocrx_word' id='word_1_30' title='bbox 1372 309 1593 362; x_wconf 81' lang='lat' dir='ltr'>poterunt3</span> 
     </span>
     <span class='ocr_line' id='line_1_5' title="bbox 251 365 1596 421; baseline -0.001 -13"><span class='ocrx_word' id='word_1_31' title='bbox 251 367 528 419; x_wconf 79' lang='lat' dir='ltr'>constituent,</span> <span class='ocrx_word' id='word_1_32' title='bbox 561 366 661 421; x_wconf 87' lang='lat' dir='ltr'>quid</span> <span class='ocrx_word' id='word_1_33' title='bbox 688 369 831 419; x_wconf 84' lang='lat' dir='ltr'>agant,</span> <span class='ocrx_word' id='word_1_34' title='bbox 864 365 1017 419; x_wconf 88' lang='lat' dir='ltr'>quibus</span> <span class='ocrx_word' id='word_1_35' title='bbox 1044 367 1263 421; x_wconf 82' lang='lat' dir='ltr'>integrum</span> <span class='ocrx_word' id='word_1_36' title='bbox 1290 368 1371 418; x_wconf 88' lang='lat' dir='ltr'>est;</span> <span class='ocrx_word' id='word_1_37' title='bbox 1403 380 1497 418; x_wconf 88' lang='lat' dir='ltr'>nos,</span> <span class='ocrx_word' id='word_1_38' title='bbox 1523 366 1596 419; x_wconf 89' lang='lat' dir='ltr'>qui</span> 
     </span>
     <span class='ocr_line' id='line_1_6' title="bbox 250 424 1632 480; baseline -0.003 -13"><span class='ocrx_word' id='word_1_39' title='bbox 250 426 337 467; x_wconf 91' lang='lat' dir='ltr'>iam</span> <span class='ocrx_word' id='word_1_40' title='bbox 368 425 587 480; x_wconf 81' lang='lat' dir='ltr'>progressi</span> <span class='ocrx_word' id='word_1_41' title='bbox 620 438 779 478; x_wconf 84' lang='lat' dir='ltr'>sumus,</span> <span class='ocrx_word' id='word_1_42' title='bbox 810 424 922 465; x_wconf 86' lang='lat' dir='ltr'>hunc</span> <span class='ocrx_word' id='word_1_43' title='bbox 949 424 1111 465; x_wconf 80' lang='lat' dir='ltr'>exitum</span> <span class='ocrx_word' id='word_1_44' title='bbox 1135 427 1309 466; x_wconf 85' lang='lat' dir='ltr'>nostrae</span> <span class='ocrx_word' id='word_1_45' title='bbox 1335 424 1595 465; x_wconf 84' lang='lat' dir='ltr'>temeritatis</span> <span class='ocrx_word' id='word_1_46' title='bbox 1614 435 1632 462; x_wconf 85' lang='lat'><strong>5</strong></span> 
     </span>
     <span class='ocr_line' id='line_1_7' title="bbox 250 482 1597 538; baseline -0.001 -13"><span class='ocrx_word' id='word_1_47' title='bbox 250 485 448 526; x_wconf 85' lang='lat' dir='ltr'>feremus.</span> <span class='ocrx_word' id='word_1_48' title='bbox 511 482 596 524; x_wconf 78' lang='lat' dir='ltr'>Sin.</span> <span class='ocrx_word' id='word_1_49' title='bbox 623 483 704 524; x_wconf 86' lang='lat' dir='ltr'>hoc</span> <span class='ocrx_word' id='word_1_50' title='bbox 743 483 887 524; x_wconf 88' lang='lat' dir='ltr'>animo</span> <span class='ocrx_word' id='word_1_51' title='bbox 928 497 1054 537; x_wconf 89' lang='lat' dir='ltr'>quam</span> <span class='ocrx_word' id='word_1_52' title='bbox 1087 483 1297 538; x_wconf 89' lang='lat' dir='ltr'>plurimos</span> <span class='ocrx_word' id='word_1_53' title='bbox 1331 498 1421 524; x_wconf 86' lang='lat' dir='ltr'>esse</span> <span class='ocrx_word' id='word_1_54' title='bbox 1453 483 1597 537; x_wconf 80' lang='lat' dir='ltr'>vultis,</span> 
     </span>
     <span class='ocr_line' id='line_1_8' title="bbox 180 541 1596 596; baseline -0.001 -11"><span class='ocrx_word' id='word_1_55' title='bbox 180 542 525 586; x_wconf 74' lang='lat' dir='ltr'>loedeclarabitis</span> <span class='ocrx_word' id='word_1_56' title='bbox 565 542 647 583; x_wconf 91' lang='lat' dir='ltr'>hoc</span> <span class='ocrx_word' id='word_1_57' title='bbox 678 541 853 595; x_wconf 85' lang='lat' dir='ltr'>iudicio,</span> <span class='ocrx_word' id='word_1_58' title='bbox 891 542 992 596; x_wconf 86' lang='lat' dir='ltr'>quid</span> <span class='ocrx_word' id='word_1_59' title='bbox 1025 542 1233 583; x_wconf 83' lang='lat' dir='ltr'>sentiatis.</span> <span class='ocrx_word' id='word_1_60' title='bbox 1295 541 1407 583; x_wconf 89' lang='lat' dir='ltr'>Huic</span> <span class='ocrx_word' id='word_1_61' title='bbox 1438 541 1596 583; x_wconf 89' lang='lat' dir='ltr'>misero</span> 
     </span>
     <span class='ocr_line' id='line_1_9' title="bbox 251 600 1597 656; baseline -0.001 -14"><span class='ocrx_word' id='word_1_62' title='bbox 251 616 384 656; x_wconf 86' lang='lat' dir='ltr'>puero</span> <span class='ocrx_word' id='word_1_63' title='bbox 416 604 560 642; x_wconf 78' lang='lat' dir='ltr'>vestro</span> <span class='ocrx_word' id='word_1_64' title='bbox 594 615 641 642; x_wconf 86' lang='lat' dir='ltr'>ac</span> <span class='ocrx_word' id='word_1_65' title='bbox 669 601 904 642; x_wconf 86' lang='lat' dir='ltr'>liberorum</span> <span class='ocrx_word' id='word_1_66' title='bbox 930 603 1172 642; x_wconf 80' lang='lat' dir='ltr'>vestrorum</span> <span class='ocrx_word' id='word_1_67' title='bbox 1199 600 1396 656; x_wconf 87' lang='lat' dir='ltr'>supplici,</span> <span class='ocrx_word' id='word_1_68' title='bbox 1425 600 1597 654; x_wconf 80' lang='lat' dir='ltr'>iudices,</span> 
     </span>
     <span class='ocr_line' id='line_1_10' title="bbox 250 658 1596 714; baseline -0.001 -13"><span class='ocrx_word' id='word_1_69' title='bbox 250 660 334 701; x_wconf 87' lang='lat' dir='ltr'>hoc</span> <span class='ocrx_word' id='word_1_70' title='bbox 364 659 519 700; x_wconf 86' lang='lat' dir='ltr'>iudicio</span> <span class='ocrx_word' id='word_1_71' title='bbox 552 659 722 701; x_wconf 87' lang='lat' dir='ltr'>vivendi</span> <span class='ocrx_word' id='word_1_72' title='bbox 753 662 983 714; x_wconf 87' lang='lat' dir='ltr'>praecepta</span> <span class='ocrx_word' id='word_1_73' title='bbox 1016 659 1186 700; x_wconf 90' lang='lat' dir='ltr'>dabitis.</span> <span class='ocrx_word' id='word_1_74' title='bbox 1249 658 1328 700; x_wconf 85' lang='lat' dir='ltr'>Cui</span> <span class='ocrx_word' id='word_1_75' title='bbox 1361 659 1397 700; x_wconf 91' lang='lat' dir='ltr'>si</span> <span class='ocrx_word' id='word_1_76' title='bbox 1428 661 1596 713; x_wconf 83' lang='lat' dir='ltr'>patrem</span> 
     </span>
     <span class='ocr_line' id='line_1_11' title="bbox 252 717 1651 773; baseline -0.001 -13"><span class='ocrx_word' id='word_1_77' title='bbox 252 718 527 771; x_wconf 85' lang='lat' dir='ltr'>conservatis,</span> <span class='ocrx_word' id='word_1_78' title='bbox 554 718 692 773; x_wconf 88' lang='lat' dir='ltr'>qualis</span> <span class='ocrx_word' id='word_1_79' title='bbox 717 718 810 771; x_wconf 90' lang='lat' dir='ltr'>ipse</span> <span class='ocrx_word' id='word_1_80' title='bbox 836 718 989 759; x_wconf 88' lang='lat' dir='ltr'>debeat</span> <span class='ocrx_word' id='word_1_81' title='bbox 1015 733 1107 759; x_wconf 89' lang='lat' dir='ltr'>esse</span> <span class='ocrx_word' id='word_1_82' title='bbox 1133 717 1250 772; x_wconf 80' lang='lat' dir='ltr'>civis,</span> <span class='ocrx_word' id='word_1_83' title='bbox 1276 717 1651 772; x_wconf 81' lang='lat' dir='ltr'>praescribetis31o</span> 
     </span>
     <span class='ocr_line' id='line_1_12' title="bbox 253 776 1598 832; baseline 0 -15"><span class='ocrx_word' id='word_1_84' title='bbox 253 778 320 818; x_wconf 90' lang='lat' dir='ltr'>sin</span> <span class='ocrx_word' id='word_1_85' title='bbox 358 777 543 832; x_wconf 85' lang='lat' dir='ltr'>eripitis,</span> <span class='ocrx_word' id='word_1_86' title='bbox 582 777 820 818; x_wconf 86' lang='lat' dir='ltr'>ostendetis</span> <span class='ocrx_word' id='word_1_87' title='bbox 859 776 996 818; x_wconf 88' lang='lat' dir='ltr'>bonae</span> <span class='ocrx_word' id='word_1_88' title='bbox 1034 776 1193 818; x_wconf 87' lang='lat' dir='ltr'>rationi</span> <span class='ocrx_word' id='word_1_89' title='bbox 1233 780 1275 818; x_wconf 82' lang='lat' dir='ltr'>et</span> <span class='ocrx_word' id='word_1_90' title='bbox 1307 776 1524 818; x_wconf 71' lang='lat' dir='ltr'>constanti</span> <span class='ocrx_word' id='word_1_91' title='bbox 1555 779 1598 817; x_wconf 89' lang='lat' dir='ltr'>et</span> 
     </span>
     <span class='ocr_line' id='line_1_13' title="bbox 254 834 1597 891; baseline -0.001 -14"><span class='ocrx_word' id='word_1_92' title='bbox 254 836 376 891; x_wconf 82' lang='lat' dir='ltr'>gravi</span> <span class='ocrx_word' id='word_1_93' title='bbox 414 835 583 877; x_wconf 86' lang='lat' dir='ltr'>nullum</span> <span class='ocrx_word' id='word_1_94' title='bbox 616 851 641 876; x_wconf 90' lang='lat' dir='ltr'>a</span> <span class='ocrx_word' id='word_1_95' title='bbox 672 836 794 877; x_wconf 85' lang='lat' dir='ltr'>vobis</span> <span class='ocrx_word' id='word_1_96' title='bbox 826 834 1014 876; x_wconf 86' lang='lat' dir='ltr'>fructum</span> <span class='ocrx_word' id='word_1_97' title='bbox 1048 850 1141 877; x_wconf 86' lang='lat' dir='ltr'>esse</span> <span class='ocrx_word' id='word_1_98' title='bbox 1173 836 1454 890; x_wconf 88' lang='lat' dir='ltr'>propositum.</span> <span class='ocrx_word' id='word_1_99' title='bbox 1517 834 1597 884; x_wconf 83' lang='lat' dir='ltr'>Qui</span> 
     </span>
     <span class='ocr_line' id='line_1_14' title="bbox 253 894 1597 949; baseline -0.001 -13"><span class='ocrx_word' id='word_1_100' title='bbox 253 909 343 949; x_wconf 79' lang='lat' dir='ltr'>vos,</span> <span class='ocrx_word' id='word_1_101' title='bbox 376 895 580 949; x_wconf 87' lang='lat' dir='ltr'>quoniam</span> <span class='ocrx_word' id='word_1_102' title='bbox 614 897 680 935; x_wconf 86' lang='lat' dir='ltr'>est</span> <span class='ocrx_word' id='word_1_103' title='bbox 710 894 753 935; x_wconf 89' lang='lat' dir='ltr'>id</span> <span class='ocrx_word' id='word_1_104' title='bbox 785 895 955 947; x_wconf 73' lang='lat' dir='ltr'>aetatis,</span> <span class='ocrx_word' id='word_1_105' title='bbox 985 896 1033 934; x_wconf 88' lang='lat' dir='ltr'>ut</span> <span class='ocrx_word' id='word_1_106' title='bbox 1066 909 1237 936; x_wconf 88' lang='lat' dir='ltr'>sensum</span> <span class='ocrx_word' id='word_1_107' title='bbox 1269 895 1354 935; x_wconf 87' lang='lat' dir='ltr'>iam</span> <span class='ocrx_word' id='word_1_108' title='bbox 1380 894 1597 949; x_wconf 84' lang='lat' dir='ltr'>percipere</span> 
     </span>
     <span class='ocr_line' id='line_1_15' title="bbox 252 952 1597 1008; baseline -0.001 -14"><span class='ocrx_word' id='word_1_109' title='bbox 252 953 393 1008; x_wconf 81' lang='lat' dir='ltr'>possit</span> <span class='ocrx_word' id='word_1_110' title='bbox 420 968 470 994; x_wconf 82' lang='lat' dir='ltr'>ex</span> <span class='ocrx_word' id='word_1_111' title='bbox 496 967 689 994; x_wconf 87' lang='lat' dir='ltr'>maerore</span> <span class='ocrx_word' id='word_1_112' title='bbox 716 953 868 1006; x_wconf 74' lang='lat' dir='ltr'>patrio,</span> <span class='ocrx_word' id='word_1_113' title='bbox 902 953 1108 994; x_wconf 85' lang='lat' dir='ltr'>auxilium</span> <span class='ocrx_word' id='word_1_114' title='bbox 1133 953 1321 994; x_wconf 87' lang='lat' dir='ltr'>nondum</span> <span class='ocrx_word' id='word_1_115' title='bbox 1348 953 1463 1007; x_wconf 87' lang='lat' dir='ltr'>patri</span> <span class='ocrx_word' id='word_1_116' title='bbox 1487 952 1597 994; x_wconf 86' lang='lat' dir='ltr'>ferre</span> 
     </span>
     <span class='ocr_line' id='line_1_16' title="bbox 253 1011 1651 1067; baseline 0 -14"><span class='ocrx_word' id='word_1_117' title='bbox 253 1013 411 1067; x_wconf 81' lang='lat' dir='ltr'>possit,</span> <span class='ocrx_word' id='word_1_118' title='bbox 451 1015 563 1064; x_wconf 87' lang='lat' dir='ltr'>orat,</span> <span class='ocrx_word' id='word_1_119' title='bbox 600 1026 653 1052; x_wconf 89' lang='lat' dir='ltr'>ne</span> <span class='ocrx_word' id='word_1_120' title='bbox 693 1026 815 1052; x_wconf 90' lang='lat' dir='ltr'>suum</span> <span class='ocrx_word' id='word_1_121' title='bbox 854 1012 1015 1052; x_wconf 86' lang='lat' dir='ltr'>luctum</span> <span class='ocrx_word' id='word_1_122' title='bbox 1047 1012 1185 1066; x_wconf 83' lang='lat' dir='ltr'>patris</span> <span class='ocrx_word' id='word_1_123' title='bbox 1216 1012 1424 1064; x_wconf 83' lang='lat' dir='ltr'>lacrimis,</span> <span class='ocrx_word' id='word_1_124' title='bbox 1462 1011 1596 1066; x_wconf 78' lang='lat' dir='ltr'>patris</span> <span class='ocrx_word' id='word_1_125' title='bbox 1617 1021 1651 1048; x_wconf 87' lang='lat'>15</span> 
     </span>
     <span class='ocr_line' id='line_1_17' title="bbox 255 1070 1598 1124; baseline -0.001 -12"><span class='ocrx_word' id='word_1_126' title='bbox 255 1084 493 1112; x_wconf 87' lang='lat' dir='ltr'>maerorem</span> <span class='ocrx_word' id='word_1_127' title='bbox 534 1084 609 1111; x_wconf 89' lang='lat' dir='ltr'>suo</span> <span class='ocrx_word' id='word_1_128' title='bbox 642 1070 744 1110; x_wconf 88' lang='lat' dir='ltr'>fletu</span> <span class='ocrx_word' id='word_1_129' title='bbox 777 1070 989 1124; x_wconf 80' lang='lat' dir='ltr'>augeatis3</span> <span class='ocrx_word' id='word_1_130' title='bbox 1030 1070 1102 1124; x_wconf 89' lang='lat' dir='ltr'>qui</span> <span class='ocrx_word' id='word_1_131' title='bbox 1135 1071 1265 1112; x_wconf 85' lang='lat' dir='ltr'>etiam</span> <span class='ocrx_word' id='word_1_132' title='bbox 1297 1085 1365 1111; x_wconf 89' lang='lat' dir='ltr'>me</span> <span class='ocrx_word' id='word_1_133' title='bbox 1395 1070 1598 1124; x_wconf 87' lang='lat' dir='ltr'>intuetur,</span> 
     </span>
     <span class='ocr_line' id='line_1_18' title="bbox 255 1129 1597 1183; baseline -0.001 -13"><span class='ocrx_word' id='word_1_134' title='bbox 255 1144 323 1170; x_wconf 87' lang='lat' dir='ltr'>me</span> <span class='ocrx_word' id='word_1_135' title='bbox 364 1129 487 1169; x_wconf 85' lang='lat' dir='ltr'>vultu</span> <span class='ocrx_word' id='word_1_136' title='bbox 526 1129 735 1183; x_wconf 83' lang='lat' dir='ltr'>appellat,</span> <span class='ocrx_word' id='word_1_137' title='bbox 773 1143 912 1169; x_wconf 87' lang='lat' dir='ltr'>meam</span> <span class='ocrx_word' id='word_1_138' title='bbox 952 1129 1136 1182; x_wconf 88' lang='lat' dir='ltr'>quodam</span> <span class='ocrx_word' id='word_1_139' title='bbox 1175 1129 1301 1171; x_wconf 87' lang='lat' dir='ltr'>modo</span> <span class='ocrx_word' id='word_1_140' title='bbox 1332 1129 1438 1170; x_wconf 89' lang='lat' dir='ltr'>flens</span> <span class='ocrx_word' id='word_1_141' title='bbox 1470 1129 1597 1169; x_wconf 88' lang='lat' dir='ltr'>fidem</span> 
     </span>
     <span class='ocr_line' id='line_1_19' title="bbox 254 1187 1597 1242; baseline 0 -14"><span class='ocrx_word' id='word_1_142' title='bbox 254 1187 463 1241; x_wconf 84' lang='lat' dir='ltr'>implorat</span> <span class='ocrx_word' id='word_1_143' title='bbox 489 1201 538 1228; x_wconf 89' lang='lat' dir='ltr'>ac</span> <span class='ocrx_word' id='word_1_144' title='bbox 564 1187 721 1241; x_wconf 85' lang='lat' dir='ltr'>repetit</span> <span class='ocrx_word' id='word_1_145' title='bbox 748 1201 855 1241; x_wconf 74' lang='lat' dir='ltr'>eam,</span> <span class='ocrx_word' id='word_1_146' title='bbox 881 1201 1008 1241; x_wconf 86' lang='lat' dir='ltr'>quam</span> <span class='ocrx_word' id='word_1_147' title='bbox 1036 1201 1116 1242; x_wconf 80' lang='lat' dir='ltr'>ego</span> <span class='ocrx_word' id='word_1_148' title='bbox 1142 1188 1257 1241; x_wconf 86' lang='lat' dir='ltr'>patri</span> <span class='ocrx_word' id='word_1_149' title='bbox 1285 1202 1360 1228; x_wconf 89' lang='lat' dir='ltr'>suo</span> <span class='ocrx_word' id='word_1_150' title='bbox 1382 1187 1597 1241; x_wconf 85' lang='lat' dir='ltr'>quondam</span> 
     </span>
     <span class='ocr_line' id='line_1_20' title="bbox 254 1244 1598 1301; baseline 0 -15"><span class='ocrx_word' id='word_1_151' title='bbox 254 1260 334 1301; x_wconf 90' lang='lat' dir='ltr'>pro</span> <span class='ocrx_word' id='word_1_152' title='bbox 368 1246 506 1286; x_wconf 87' lang='lat' dir='ltr'>salute</span> <span class='ocrx_word' id='word_1_153' title='bbox 538 1245 704 1299; x_wconf 83' lang='lat' dir='ltr'>patriae</span> <span class='ocrx_word' id='word_1_154' title='bbox 737 1245 1057 1300; x_wconf 82' lang='lat' dir='ltr'>spoponderim,</span> <span class='ocrx_word' id='word_1_155' title='bbox 1097 1245 1363 1301; x_wconf 82' lang='lat' dir='ltr'>dignitatem.</span> <span class='ocrx_word' id='word_1_156' title='bbox 1425 1244 1598 1286; x_wconf 87' lang='lat' dir='ltr'>Misere·</span> 
     </span>
     <span class='ocr_line' id='line_1_21' title="bbox 254 1304 1652 1359; baseline -0.004 -14"><span class='ocrx_word' id='word_1_157' title='bbox 254 1304 360 1345; x_wconf 87' lang='lat' dir='ltr'>mini</span> <span class='ocrx_word' id='word_1_158' title='bbox 391 1304 600 1359; x_wconf 82' lang='lat' dir='ltr'>familiae,</span> <span class='ocrx_word' id='word_1_159' title='bbox 636 1304 814 1357; x_wconf 83' lang='lat' dir='ltr'>iudices,</span> <span class='ocrx_word' id='word_1_160' title='bbox 852 1304 1114 1345; x_wconf 87' lang='lat' dir='ltr'>miseremini</span> <span class='ocrx_word' id='word_1_161' title='bbox 1145 1305 1299 1358; x_wconf 83' lang='lat' dir='ltr'>patris,</span> <span class='ocrx_word' id='word_1_162' title='bbox 1337 1304 1597 1347; x_wconf 86' lang='lat' dir='ltr'>miseremini</span> <span class='ocrx_word' id='word_1_163' title='bbox 1617 1316 1652 1341; x_wconf 76' lang='lat'>20</span> 
     </span>
     <span class='ocr_line' id='line_1_22' title="bbox 254 1362 1596 1418; baseline 0 -15"><span class='ocrx_word' id='word_1_164' title='bbox 254 1363 351 1416; x_wconf 82' lang='lat' dir='ltr'>filii3</span> <span class='ocrx_word' id='word_1_165' title='bbox 396 1377 554 1403; x_wconf 87' lang='lat' dir='ltr'>nomen</span> <span class='ocrx_word' id='word_1_166' title='bbox 592 1363 880 1404; x_wconf 85' lang='lat' dir='ltr'>clarissimum</span> <span class='ocrx_word' id='word_1_167' title='bbox 919 1365 963 1403; x_wconf 89' lang='lat' dir='ltr'>et</span> <span class='ocrx_word' id='word_1_168' title='bbox 1001 1362 1288 1404; x_wconf 81' lang='lat' dir='ltr'>fortissimum</span> <span class='ocrx_word' id='word_1_169' title='bbox 1324 1363 1392 1405; x_wconf 82' lang='lat' dir='ltr'>vel</span> <span class='ocrx_word' id='word_1_170' title='bbox 1429 1362 1596 1418; x_wconf 85' lang='lat' dir='ltr'>generis</span> 
     </span>
     <span class='ocr_line' id='line_1_23' title="bbox 255 1421 1596 1477; baseline 0 -15"><span class='ocrx_word' id='word_1_171' title='bbox 255 1422 324 1462; x_wconf 85' lang='lat' dir='ltr'>vel</span> <span class='ocrx_word' id='word_1_172' title='bbox 352 1421 582 1463; x_wconf 84' lang='lat' dir='ltr'>vetustatis</span> <span class='ocrx_word' id='word_1_173' title='bbox 608 1423 674 1463; x_wconf 85' lang='lat' dir='ltr'>vel</span> <span class='ocrx_word' id='word_1_174' title='bbox 701 1421 886 1463; x_wconf 85' lang='lat' dir='ltr'>hominis</span> <span class='ocrx_word' id='word_1_175' title='bbox 915 1436 1044 1462; x_wconf 85' lang='lat' dir='ltr'>causa</span> <span class='ocrx_word' id='word_1_176' title='bbox 1069 1422 1131 1462; x_wconf 90' lang='lat' dir='ltr'>rei</span> <span class='ocrx_word' id='word_1_177' title='bbox 1155 1422 1350 1477; x_wconf 85' lang='lat' dir='ltr'>publicae</span> <span class='ocrx_word' id='word_1_178' title='bbox 1371 1424 1596 1463; x_wconf 83' lang='lat' dir='ltr'>reservate.</span> 
     </span>
    </p>
   </div>
   <div class='ocr_carea' id='block_1_3' title="bbox 670 1643 1186 1685">
    <p class='ocr_par' dir='ltr' id='par_1_3' title="bbox 670 1643 1186 1685">
     <span class='ocr_line' id='line_1_24' title="bbox 670 1643 1186 1685; baseline 0 0"><span class='ocrx_word' id='word_1_179' title='bbox 670 1643 1186 1685; x_wconf 78' lang='lat' dir='ltr'><strong>FRAGMENTA.</strong></span> 
     </span>
    </p>
   </div>
   <div class='ocr_carea' id='block_1_4' title="bbox 255 1725 1648 2132">
    <p class='ocr_par' dir='ltr' id='par_1_4' title="bbox 255 1725 1648 1885">
     <span class='ocr_line' id='line_1_25' title="bbox 349 1725 1595 1781; baseline 0.002 -15"><span class='ocrx_word' id='word_1_180' title='bbox 349 1727 385 1766; x_wconf 88' lang='lat'>1.</span> <span class='ocrx_word' id='word_1_181' title='bbox 412 1725 547 1768; x_wconf 78' lang='lat' dir='ltr'>Cicero</span> <span class='ocrx_word' id='word_1_182' title='bbox 565 1739 644 1779; x_wconf 69' lang='lat' dir='ltr'>pro</span> <span class='ocrx_word' id='word_1_183' title='bbox 664 1726 837 1767; x_wconf 79' lang='lat' dir='ltr'>Flacco:</span> <span class='ocrx_word' id='word_1_184' title='bbox 871 1741 997 1780; x_wconf 85' lang='lat' dir='ltr'>quam</span> <span class='ocrx_word' id='word_1_185' title='bbox 1025 1725 1273 1767; x_wconf 86' lang='lat' dir='ltr'>benivolum</span> <span class='ocrx_word' id='word_1_186' title='bbox 1298 1725 1409 1767; x_wconf 88' lang='lat' dir='ltr'>hunc</span> <span class='ocrx_word' id='word_1_187' title='bbox 1437 1727 1595 1781; x_wconf 88' lang='lat' dir='ltr'>populo</span> 
     </span>
     <span class='ocr_line' id='line_1_26' title="bbox 256 1784 1595 1839; baseline 0.001 -14"><span class='ocrx_word' id='word_1_188' title='bbox 256 1784 466 1838; x_wconf 83' lang='lat' dir='ltr'>Romano,</span> <span class='ocrx_word' id='word_1_189' title='bbox 499 1799 628 1839; x_wconf 89' lang='lat' dir='ltr'>quam</span> <span class='ocrx_word' id='word_1_190' title='bbox 659 1784 828 1826; x_wconf 85' lang='lat' dir='ltr'>fidelem</span> <span class='ocrx_word' id='word_1_191' title='bbox 859 1784 1052 1839; x_wconf 80' lang='lat' dir='ltr'>putatis?</span> <span class='ocrx_word' id='word_1_192' title='bbox 1115 1784 1257 1838; x_wconf 57' lang='lat' dir='ltr'>(Aru-3.</span> <span class='ocrx_word' id='word_1_193' title='bbox 1289 1784 1412 1826; x_wconf 81' lang='lat' dir='ltr'>Mess.</span> <span class='ocrx_word' id='word_1_194' title='bbox 1430 1798 1474 1837; x_wconf 72' lang='lat' dir='ltr'>p.</span> <span class='ocrx_word' id='word_1_195' title='bbox 1502 1787 1595 1828; x_wconf 78' lang='lat'><em>458.</em></span> 
     </span>
     <span class='ocr_line' id='line_1_27' title="bbox 255 1841 1648 1885; baseline -0.003 -1"><span class='ocrx_word' id='word_1_196' title='bbox 255 1845 313 1885; x_wconf 75' lang='lat'>26</span> <span class='ocrx_word' id='word_1_197' title='bbox 344 1841 398 1883; x_wconf 88' lang='lat' dir='ltr'>K.</span> <span class='ocrx_word' id='word_1_198' title='bbox 1614 1854 1648 1880; x_wconf 84' lang='lat'>25</span> 
     </span>
    </p>

    <p class='ocr_par' dir='ltr' id='par_1_5' title="bbox 256 1840 1602 2132">
     <span class='ocr_line' id='line_1_28' title="bbox 348 1840 1594 1955; baseline 0.002 -14"><span class='ocrx_word' id='word_1_199' title='bbox 348 1840 419 1952; x_wconf 65' lang='lat'>[2.)</span> <span class='ocrx_word' id='word_1_200' title='bbox 448 1900 688 1943; x_wconf 73' lang='lat' dir='ltr'>Doetissz&#39;mz&#39;</span> <span class='ocrx_word' id='word_1_201' title='bbox 736 1903 882 1954; x_wconf 75' lang='lat' dir='ltr'>quique</span> <span class='ocrx_word' id='word_1_202' title='bbox 925 1901 1190 1955; x_wconf 65' lang='lat' dir='ltr'>Graecommz,</span> <span class='ocrx_word' id='word_1_203' title='bbox 1241 1902 1288 1942; x_wconf 82' lang='lat' dir='ltr'>de</span> <span class='ocrx_word' id='word_1_204' title='bbox 1335 1901 1481 1954; x_wconf 74' lang='lat' dir='ltr'>quibus</span> <span class='ocrx_word' id='word_1_205' title='bbox 1514 1916 1594 1955; x_wconf 76' lang='lat' dir='ltr'>pro</span> 
     </span>
     <span class='ocr_line' id='line_1_29' title="bbox 256 1959 1595 2013; baseline 0 -12"><span class='ocrx_word' id='word_1_206' title='bbox 256 1959 406 2001; x_wconf 80' lang='lat' dir='ltr'>Flacco</span> <span class='ocrx_word' id='word_1_207' title='bbox 444 1973 567 2012; x_wconf 73' lang='lat' dir='ltr'>ayens</span> <span class='ocrx_word' id='word_1_208' title='bbox 605 1960 821 2001; x_wconf 72' lang='lat' dir='ltr'>luculenter</span> <span class='ocrx_word' id='word_1_209' title='bbox 854 1959 988 2002; x_wconf 63' lang='lat' dir='ltr'>Cicero</span> <span class='ocrx_word' id='word_1_210' title='bbox 1026 1961 1108 2001; x_wconf 71' lang='lat' dir='ltr'>ait:</span> <span class='ocrx_word' id='word_1_211' title='bbox 1145 1959 1337 2013; x_wconf 82' lang='lat' dir='ltr'>ingenita</span> <span class='ocrx_word' id='word_1_212' title='bbox 1368 1959 1520 2001; x_wconf 87' lang='lat' dir='ltr'>levitas</span> <span class='ocrx_word' id='word_1_213' title='bbox 1552 1962 1595 2001; x_wconf 88' lang='lat' dir='ltr'>et</span> 
     </span>
     <span class='ocr_line' id='line_1_30' title="bbox 258 2017 1602 2071; baseline 0.001 -13"><span class='ocrx_word' id='word_1_214' title='bbox 258 2018 426 2058; x_wconf 87' lang='lat' dir='ltr'>erudita</span> <span class='ocrx_word' id='word_1_215' title='bbox 457 2017 638 2059; x_wconf 87' lang='lat' dir='ltr'>vanitas.</span> <span class='ocrx_word' id='word_1_216' title='bbox 689 2018 945 2071; x_wconf 68' lang='lat' dir='ltr'>(Hieronym.</span> <span class='ocrx_word' id='word_1_217' title='bbox 966 2032 1022 2071; x_wconf 73' lang='lat' dir='ltr'>ep.</span> <span class='ocrx_word' id='word_1_218' title='bbox 1048 2022 1102 2060; x_wconf 86' lang='lat'>10</span> <span class='ocrx_word' id='word_1_219' title='bbox 1133 2022 1160 2059; x_wconf 82' lang='lat'><em>3</em></span> <span class='ocrx_word' id='word_1_220' title='bbox 1193 2018 1237 2059; x_wconf 83' lang='lat' dir='ltr'>T.</span> <span class='ocrx_word' id='word_1_221' title='bbox 1258 2017 1291 2058; x_wconf 90' lang='grc' dir='ltr'><em>Ι</em></span> <span class='ocrx_word' id='word_1_222' title='bbox 1311 2031 1351 2070; x_wconf 75' lang='lat' dir='ltr'>P·</span> <span class='ocrx_word' id='word_1_223' title='bbox 1371 2019 1428 2059; x_wconf 73' lang='lat'>25</span> <span class='ocrx_word' id='word_1_224' title='bbox 1458 2019 1515 2060; x_wconf 84' lang='lat' dir='ltr'>ed.</span> <span class='ocrx_word' id='word_1_225' title='bbox 1540 2017 1602 2060; x_wconf 90' lang='lat' dir='ltr'>II</span> 
     </span>
     <span class='ocr_line' id='line_1_31' title="bbox 265 2075 1486 2132; baseline 0.002 -15"><span class='ocrx_word' id='word_1_226' title='bbox 265 2076 454 2130; x_wconf 62' lang='lat' dir='ltr'>Vallars„</span> <span class='ocrx_word' id='word_1_227' title='bbox 485 2089 622 2118; x_wconf 79' lang='lat' dir='ltr'>comm.</span> <span class='ocrx_word' id='word_1_228' title='bbox 654 2077 718 2117; x_wconf 77' lang='lat' dir='ltr'>ad.</span> <span class='ocrx_word' id='word_1_229' title='bbox 752 2076 889 2118; x_wconf 72' lang='lat' dir='ltr'>Galat.</span> <span class='ocrx_word' id='word_1_230' title='bbox 909 2076 942 2117; x_wconf 91' lang='lat' dir='ltr'><strong><em>I</em></strong></span> <span class='ocrx_word' id='word_1_231' title='bbox 966 2081 994 2119; x_wconf 83' lang='lat'><em>3</em></span> <span class='ocrx_word' id='word_1_232' title='bbox 1027 2076 1072 2118; x_wconf 82' lang='lat' dir='ltr'>T.</span> <span class='ocrx_word' id='word_1_233' title='bbox 1112 2076 1205 2118; x_wconf 82' lang='lat' dir='ltr'>VII</span> <span class='ocrx_word' id='word_1_234' title='bbox 1230 2079 1256 2117; x_wconf 90' lang='lat'><strong><em>1</em></strong></span> <span class='ocrx_word' id='word_1_235' title='bbox 1278 2090 1323 2130; x_wconf 75' lang='lat' dir='ltr'>p.</span> <span class='ocrx_word' id='word_1_236' title='bbox 1355 2075 1486 2132; x_wconf 78' lang='lat'><strong>416.)]</strong></span> 
     </span>
    </p>
   </div>
  </div>
 </body>
</html>
