1687 2533
614 98 714 133 CAP.
743 102 833 132 1—4
858 102 877 140 ς
902 102 1006 134 4-9.
1349 99 1436 140 449

91 197 184 236 tum
222 195 491 236 consulatum
529 195 722 249 petebat,
766 209 854 235 non
890 208 1085 236 sororum
1122 194 1218 248 filii,
1256 194 1437 249 Luculli,

93 252 282 306 Servilii,
328 253 566 308 Scipiones,
610 253 815 307 permulti
854 253 968 294 enim
1006 256 1098 294 tum
1136 253 1303 294 Metelli
1342 255 1435 306 [aut

90 311 366 353 Metella-rum
418 312 560 364 liberi]
612 327 690 366 pro
735 310 782 360 Q.
825 311 991 353 Metelli
1034 312 1174 353 reditu
1217 312 1340 353 vobis
1386 328 1435 354 ac

90 371 288 425 patribus
320 372 475 412 vestris
510 371 867 425 supplicaverunt.
914 370 1074 419 Quodsi
1104 371 1239 425 ipsius
1268 386 1434 412 summa

56 429 283 485 5dignitas
330 429 623 483 maximaeque
668 444 734 470 res
774 433 922 484 gestae
959 444 1045 471 non
1086 430 1189 471 satis
1227 430 1433 482 valerent⁷

91 491 237 529 tamen
262 488 341 528 filii
366 488 516 542 pietas,
547 488 884 543 propinquorum
910 503 1069 543 preces,
1096 488 1432 530 adulescentium

94 547 289 601 squalor,
328 547 537 588 maiorum
568 550 674 588 natu
713 547 914 588 lacrimae
951 548 1156 602 populum
1188 547 1432 589 Romanum

90 620 261 647 movere
298 608 541 660 potuerunt.
601 605 714 647 Nam
748 605 793 646 C.
825 605 953 660 Mari,
991 606 1064 661 qui
1101 609 1201 661 post
1232 606 1332 648 illos
1364 621 1431 648 ve·
1458 618 1477 648 7

90 668 202 705 teres
255 664 514 706 clarissimos
564 665 808 705 consulares
858 665 939 706 hac
983 669 1125 706 vestra
1174 668 1430 720 patrumque

39 735 72 760 ιο
91 723 300 764 memoria
343 724 497 764 tertius
536 726 635 764 ante
675 738 741 764 me
779 724 1017 768 consularis
1057 724 1189 764 subiit
1225 724 1430 779 indignis-

92 782 245 823 simam
270 782 487 823 fortunam
518 782 894 837 praestantissima
921 797 996 824 sua
1023 783 1175 837 gloria,
1208 783 1429 824 dissimilis

90 840 174 882 fuit
206 841 329 882 ratio.
389 840 489 882 Non
521 841 632 881 em'm
664 841 737 882 ille
771 841 1067 896 deprecatione
1098 842 1241 895 rediit,
1281 842 1354 882 sed
1385 842 1431 883 in

91 899 279 941 discessu
314 900 470 941 civium
509 900 696 943 exercitu
735 915 778 941 se
818 900 1034 954 armisque
1072 901 1301 942 revocavit.
1367 900 1429 941 At

91 973 159 999 me
197 958 356 999 nudum
395 973 419 999 a
455 958 724 1013 propinquis,
762 959 882 999 nulla
914 961 1170 1013 cognatione
1203 959 1428 1011 munitum,

38 1029 71 1054 15
89 1017 209 1058 nullo
249 1032 465 1058 armorum
506 1032 554 1058 ac
585 1018 797 1059 tumultus
830 1021 947 1059 metu
979 1017 1024 1059 C.
1054 1017 1242 1072 Pisonis,
1281 1018 1430 1074 generi

90 1076 192 1130 mei,
243 1076 384 1116 divina
433 1076 641 1130 quaedam
691 1079 733 1117 et
782 1077 976 1118 inaudita
1020 1077 1254 1118 auctoritas
1299 1079 1428 1131 atque

88 1134 223 1175 virtus
272 1134 503 1188 fratrisque
547 1135 775 1176 miserrimi
820 1139 947 1190 atque
992 1136 1144 1190 optimi
1190 1135 1428 1177 cotidianae

90 1193 291 1234 lacrimae
324 1193 553 1248 sordesque
585 1194 789 1249 lugubres
823 1209 847 1235 a
880 1194 1000 1235 vobis
1033 1194 1282 1249 deprecatae
1315 1197 1428 1236 sunt.

89 1251 240 1293 Frater
272 1255 363 1293 erat
392 1267 514 1305 unus,
547 1253 619 1306 qui
651 1267 726 1294 suo
759 1254 957 1306 squalore
988 1256 1155 1294 vestros
1189 1254 1333 1294 oculos
1364 1253 1426 1294 in·
1452 1264 1473 1294 8

36 1323 71 1348 20
89 1310 295 1364 flecteret,
333 1311 406 1365 qui
443 1326 519 1352 suo
556 1311 659 1352 fletu
692 1311 947 1352 desiderium
978 1312 1061 1352 mei
1092 1312 1426 1365 memoriamque

90 1372 332 1422 renovaret3
367 1369 439 1423 qui
472 1372 693 1422 statuerat,
726 1369 924 1423 Quirites,
957 1370 993 1410 si
1024 1384 1100 1411 vos
1133 1385 1199 1411 me
1232 1370 1314 1411 sibi
1339 1385 1428 1412 non

89 1427 399 1480 reddidissetis,
443 1428 620 1468 eandem
659 1428 801 1468 subire
841 1428 1077 1482 fortunam3
1115 1431 1237 1469 tanto
1276 1429 1321 1469 in
1358 1443 1426 1470 me

91 1500 235 1527 amore
262 1486 417 1539 extitit,
448 1489 496 1526 ut
520 1490 700 1541 negaret
723 1486 789 1527 fas
817 1501 907 1528 esse
932 1501 1018 1528 non
1044 1487 1170 1528 modo
1198 1487 1425 1541 domicilio,

91 1545 163 1586 sed
187 1559 240 1585 ne
267 1544 492 1598 sepulchro
519 1545 689 1598 quidem
716 1557 759 1586 se
786 1561 810 1586 a
836 1560 902 1586 me
929 1560 1021 1587 esse
1047 1546 1296 1587 seiunctum.
1340 1545 1424 1587 Pro

35 1616 69 1641 25
89 1618 156 1644 me
194 1606 418 1657 praesente
457 1607 630 1644 senatus
667 1604 972 1658 hominumque
1010 1607 1231 1658 praeterea
1268 1604 1425 1660 viginti

88 1662 209 1703 milia
235 1665 397 1703 vestem
423 1665 707 1715 mutaverunt,
732 1678 810 1716 pro
837 1663 984 1704 eodem
1010 1678 1077 1704 me
1105 1663 1279 1704 absente
1298 1664 1423 1704 unius

90 1721 331 1775 squalorem
371 1720 600 1775 sordesque
632 1721 812 1763 vidistis.
873 1721 994 1763 Unus
1027 1722 1114 1775 hic,
1150 1723 1221 1774 qui
1252 1722 1423 1776 quidem

87 1779 133 1820 in
168 1779 263 1820 foro
301 1782 448 1834 posset
486 1793 597 1832 esse,
632 1780 738 1820 mihi
774 1780 934 1834 pietate
971 1780 1085 1821 filius
1116 1780 1314 1822 inventus
1347 1784 1425 1834 est,

87 1838 292 1879 beneficio
323 1852 490 1892 parens,
522 1853 665 1879 amore
696 1838 821 1892 idem,
853 1839 925 1893 qui
958 1853 1124 1893 semper
1154 1839 1246 1893 fuit,
1276 1839 1422 1880 frater.

35 1909 71 1934 30
90 1895 203 1937 Nam
229 1897 420 1951 coniugis
446 1897 625 1938 miserae
653 1897 825 1950 squalor
850 1900 892 1937 et
917 1897 1056 1939 luctus
1085 1900 1212 1951 atque
1233 1899 1422 1952 optimae

88 1955 203 1995 filiae
223 1970 391 1996 maeror
410 1955 609 1996 adsiduus
623 1955 785 2009 filiique
798 1956 922 2010 parvi
935 1956 1189 1997 desiderium
1204 1956 1287 1997 mei
1301 1956 1423 1997 lacri-

90 2027 266 2067 maeque
292 2014 477 2068 pueriles
504 2017 579 2055 aut
600 2014 826 2055 itineribus
852 2016 1100 2056 necessariis
1128 2017 1201 2055 aut
1221 2028 1422 2069 magnam

88 2074 256 2126 partem
276 2072 399 2113 tectis
413 2087 461 2114 ac
474 2073 662 2114 tenebris
676 2073 1013 2114 continebantur.
1039 2072 1177 2121 Quare
1190 2073 1271 2114 hoc
1285 2073 1421 2113 maius
1447 2073 1476 2113 4

90 2133 156 2171 est
186 2133 374 2171 vestrum
389 2131 434 2171 in
466 2145 543 2172 nos
576 2131 868 2185 promeritum,
901 2132 1012 2186 quod
1037 2147 1124 2173 non
1155 2131 1423 2172 multitudini

35 2200 69 2225 35
89 2188 444 2242 propinquorum,
477 2190 549 2230 sed
579 2190 794 2231 nobismet
824 2190 929 2244 ipsis
961 2205 1040 2232 nos
1071 2189 1327 2231 reddidistis.
1508 2238 1512 2240 ἢ

179 2245 272 2299 Sed,
305 2261 429 2300 quem
461 2247 513 2288 ad
545 2248 717 2289 modum
748 2249 986 2302 propinqui,
1020 2264 1125 2303 quos
1158 2262 1237 2302 ego
1270 2262 1422 2301 parare
1447 2259 1468 2288 9

88 2319 175 2346 non
193 2305 326 2359 potui,
347 2305 452 2346 mihi
472 2306 524 2347 ad
544 2306 853 2360 deprecandam
872 2308 1162 2348 calamitatem
1182 2320 1322 2347 meam
1336 2320 1423 2347 non

159 2379 230 2405 erc.
250 2380 292 2405 11.
313 2381 337 2404 ε.
1165 2378 1208 2408 29
