1619 2542
98 247 140 278 14

111 907 154 937 15

104 1422 145 1452 1ss

106 1889 146 1920 17

167 80 248 122 106
511 79 603 115 PRO
631 79 672 115 A.
701 77 940 114 CLUENTIO
968 77 1158 113 ORATIO.

165 177 230 218 sui
273 176 420 218 fratris
466 176 664 218 manibus
701 177 743 216 et
788 175 950 229 gremio
995 188 1186 215 maerore
1231 176 1273 215 et
1315 173 1502 216 lacrimis

166 236 507 278 consenescebat.
568 234 677 276 Ecce
710 236 853 275 autem
881 233 1070 274 subitum
1104 232 1351 286 divortium,
1390 232 1503 286 quod

165 295 371 337 solacium
410 294 622 335 malorum
656 292 846 334 omnium
881 291 974 333 fore
1005 291 1251 332 videbatur!
1312 290 1503 333 Discedit

166 369 191 395 a
222 353 381 394 Melino
416 352 614 395 Cluentia
644 354 692 392 ut
723 351 767 391 in
798 350 932 392 tantis
964 350 1130 391 iniuriis
1161 364 1247 391 non
1278 349 1424 403 invita,
1454 352 1503 390 ut

167 428 192 454 a
223 412 314 454 viro
352 426 439 453 non
471 412 663 452 libenter.
726 409 834 451 Tum
867 423 967 450 vero
999 409 1076 450 illa
1108 409 1281 464 egregia
1307 423 1355 450 ac
1386 419 1540 462 prae-5

167 472 282 512 clara
303 473 441 512 mater
460 470 604 525 palam
627 469 841 509 exsultare
862 467 1040 520 laetitia,
1060 467 1327 522 triumphare
1348 467 1503 522 gaudio

167 530 327 584 coepit,
371 529 535 585 victrix¹
574 528 705 581 filiae,
749 541 835 568 non
871 526 1081 580 libidinis3
1127 526 1305 580 [itaque]
1345 525 1504 567 diutius

170 588 481 642 suspicionibus
515 586 707 628 obscuris
740 585 851 627 laedi
880 585 1040 626 famam
1073 599 1194 625 suam
1224 585 1384 638 noluit,
1424 585 1504 626 leca

167 650 260 688 tum
304 647 427 687 illum
469 646 698 701 genialem,
743 659 867 699 quem
904 643 1076 684 biennio
1116 646 1215 684 ante
1252 643 1365 684 filiae
1404 657 1504 684 suae

167 706 346 747 nubenti
373 708 598 758 straverat,
629 704 674 744 in
700 704 846 744 eadem
873 703 997 743 domo
1025 702 1107 743 sibi
1134 701 1273 743 ornari
1303 704 1346 743 et
1372 702 1504 742 sterni
1525 712 1558 738 1⁰

169 765 347 819 expulsa
391 766 518 818 atque
564 763 790 804 exturbata
833 761 923 803 filia
964 761 1093 802 iubet.
1169 760 1305 802 Nubit
1349 774 1505 816 genero

170 838 315 864 socrus
358 823 488 863 nullis
535 821 796 875 auspicibus,
846 820 975 861 nullis
1020 819 1283 873 auctoribus,
1326 819 1505 860 funestis

170 882 382 923 ominibus
425 882 626 922 omnium.
688 880 722 921 O
760 879 950 921 mulieris
990 879 1126 920 scelus
1172 877 1419 919 incredibile
1463 880 1506 919 et

168 943 339 995 praeter
376 940 485 981 hanc
523 954 652 981 unam
693 939 737 980 in
775 938 892 980 omni
929 937 1018 978 vita
1055 937 1310 978 inauditum!
1350 951 1373 978 0
1411 936 1506 977 libi-

169 1000 311 1040 dinem
350 999 601 1040 effrenatam
640 1000 682 1038 et
724 997 998 1038 indomitam!
1039 1011 1063 1037 ο
1103 996 1325 1037 audaciam
1363 995 1558 1050 singu-15

168 1059 321 1099 larem!
362 1072 502 1099 nonne
539 1057 745 1109 timuisse,
785 1056 821 1097 si
859 1055 997 1095 minus
1035 1054 1122 1096 vim
1160 1054 1334 1095 deorum
1372 1053 1506 1095 homi-

170 1130 357 1170 numque
388 1116 561 1170 famam,
594 1118 638 1156 at
670 1115 791 1156 illam
823 1115 961 1168 ipsam
987 1116 1157 1154 noctem
1181 1112 1380 1167 facesque
1405 1112 1505 1154 illas

169 1175 403 1229 nuptiales,
441 1189 527 1215 non
565 1174 697 1215 limen
729 1172 927 1225 cubiculi,
964 1187 1050 1213 non
1083 1172 1220 1213 cubile
1252 1171 1383 1224 filiae,
1420 1185 1506 1212 non

170 1234 355 1288 parietes
395 1233 573 1287 denique
611 1232 728 1286 ipsos
768 1231 1034 1286 superiorum
1066 1233 1198 1271 testes
1229 1229 1505 1284 nuptiarum?

171 1291 386 1347 Perfregit
429 1306 477 1333 ac
520 1290 755 1345 prostravit
798 1289 940 1331 omnia
984 1288 1214 1342 cupiditate
1255 1303 1304 1330 ac
1346 1288 1560 1341 furore320

171 1351 274 1392 vicit
298 1351 505 1403 pudorem
530 1350 675 1403 libido,
700 1349 900 1390 timorem
920 1347 1107 1399 audacia,
1135 1347 1346 1388 rationem
1366 1361 1507 1388 amen-

172 1411 244 1451 tia.
294 1409 413 1450 Tulit
438 1409 519 1450 hoc
545 1422 768 1450 commune
794 1407 972 1448 dedecus
997 1406 1200 1459 familiae,
1225 1405 1506 1460 cognationis,

170 1468 358 1510 nominis
386 1468 575 1523 graviter
601 1467 732 1521 filius,
759 1466 997 1521 augebatur
1024 1468 1166 1506 autem
1192 1464 1280 1505 eius
1308 1464 1508 1505 molestia

173 1527 399 1568 cotidianis
432 1526 706 1581 querimoniis
740 1528 782 1566 et
814 1524 983 1566 assiduo
1016 1524 1118 1565 fietu
1144 1523 1320 1576 sororis,
1354 1523 1507 1564 statuit

172 1589 317 1626 tamen
359 1585 465 1626 nihil
511 1584 592 1626 sibi
637 1585 681 1625 in
725 1583 859 1625 tantis
896 1582 1063 1624 iniuriis
1103 1597 1151 1624 ac
1188 1584 1310 1623 tanto
1350 1582 1507 1623 scelere
1528 1591 1560 1617 2⁵

174 1644 325 1685 matris
366 1644 538 1699 gravius
572 1657 664 1684 esse
694 1642 952 1695 faciendum,
991 1656 1117 1695 quam
1150 1643 1198 1681 ut
1228 1640 1306 1681 illa
1335 1654 1388 1681 ne
1419 1642 1507 1680 ute·

173 1706 308 1755 retur,
345 1717 415 1755 ne,
448 1716 555 1756 quae
587 1702 729 1743 videre
762 1701 852 1742 sine
884 1714 1050 1741 summo
1084 1699 1215 1741 animi
1247 1699 1390 1739 dolore
1422 1712 1506 1738 non

173 1763 363 1815 poterat,
396 1775 462 1815 ea,
495 1761 530 1802 si
562 1764 698 1801 matre
729 1762 938 1813 uteretur,
968 1773 1056 1800 non
1087 1759 1226 1799 solum
1256 1756 1409 1810 videre,
1441 1770 1507 1797 ve-

174 1834 267 1860 rum
301 1819 429 1861 etiam
462 1819 645 1873 probare
678 1833 754 1860 suo
785 1818 940 1859 iudicio
973 1819 1208 1871 putaretur.

262 1877 438 1918 Initium
484 1878 594 1931 quod
637 1877 734 1918 huic
778 1892 872 1919 cum
919 1878 1056 1916 matre
1094 1874 1221 1915 fuerit
1260 1873 1507 1926 simultatis,
1527 1884 1562 1910 30

176 1936 367 1978 audistis.
416 1935 679 1977 Pertinuisse
705 1936 785 1977 hoc
812 1935 865 1976 ad
890 1948 1060 1976 causam
1087 1936 1192 1986 tum,
1222 1947 1318 1973 cum
1343 1932 1508 1986 reliqua

177 1994 477 2050 cognoveritis,
502 1994 774 2049 intellegetis.
818 1993 932 2034 Nam
957 1991 1064 2032 illud
1091 2005 1157 2032 me
1182 2005 1268 2031 non
1294 1990 1509 2045 praeterit,

176 2054 475 2106 cuiuscumque
506 2052 621 2093 modi
653 2053 710 2093 sit
741 2054 890 2105 mater,
920 2053 1065 2091 tamen
1094 2049 1140 2090 in
1171 2049 1324 2090 iudicio
1354 2049 1434 2089 filii
1458 2047 1508 2089 de

175 2111 438 2165 turpitudine
470 2111 660 2164 parentis
692 2110 774 2151 dici
805 2110 875 2154 ,vix
907 2110 1115 2162 oportere.
1158 2106 1255 2148 Non
1288 2121 1423 2148 essem
1456 2106 1509 2148 ad

175 2171 310 2211 ullam
343 2184 514 2211 causam
545 2169 741 2222 idoneus,
771 2168 948 2220 iudices,
979 2166 1016 2207 si
1046 2166 1143 2220 hoc,
1176 2166 1288 2220 quod
1318 2166 1363 2206 in
1395 2179 1507 2207 com·
1528 2174 1563 2201 35

176 2229 376 2270 munibus
401 2228 622 2270 hominum
649 2227 843 2268 sensibus
870 2229 996 2279 atque
1022 2225 1116 2278 ipsa
1141 2227 1296 2265 natura
1320 2223 1509 2279 positum

176 2290 305 2342 atque
342 2287 518 2328 infixum
557 2287 640 2340 est,
676 2285 719 2326 id
752 2299 848 2340 ego,
886 2283 958 2338 qui
984 2283 1037 2324 ad
1068 2282 1290 2324 hominum
1321 2282 1509 2337 pericula
