1619 2542
166 124 250 165 168
511 123 604 158 PRO
632 125 672 158 A.
702 120 935 158 CLUENTIO
963 120 1148 156 ORATIO.

165 223 215 262 ut
246 220 408 275 aliquid
439 221 483 261 in
516 220 764 274 quaestione
797 218 1002 270 dicerent,
1039 219 1193 266 tamen,
1225 218 1273 257 ut
1305 216 1503 270 arbitror,

167 281 424 321 auctoritate
463 279 768 320 advocatorum
803 278 863 329 [et
896 277 934 317 vi
968 276 1297 328 tormentorum]
1331 275 1503 317 adducti

165 338 210 379 in
241 339 423 379 veritate
461 339 710 378 manserunt
748 349 884 389 neque
916 349 961 375 se
994 334 1221 388 quicquam
1254 334 1360 375 scire
1392 334 1502 374 dixe-

99 407 162 439 177
178 399 290 438 runt.
340 395 543 444 Quaestio
570 395 647 436 illo
675 394 740 435 die
767 394 816 434 de
843 394 1075 435 amicorum
1096 393 1309 433 sententia
1328 392 1504 433 dimissa

167 458 243 497 est.
313 453 427 495 Satis
466 456 595 509 longo
634 453 863 494 intervallo
903 454 1002 506 post
1038 452 1191 492 iterum
1231 451 1538 492 advocantur-‚5

167 513 363 555 Habetur
401 513 450 553 de
487 513 657 567 integro
697 513 907 566 quaesti03
945 510 1066 551 nulla
1096 510 1161 551 vis
1193 512 1505 551 tormentorum

168 573 470 614 acerrimorum
494 571 872 625 praetermittitur3
899 569 1116 610 adversari
1142 568 1338 609 advocati
1358 571 1399 609 et
1419 568 1504 608 iam

167 632 237 673 vix
263 630 373 671 ferre
398 644 538 685 posse,
563 630 702 670 furere
723 629 903 670 crudelis
926 631 1053 682 atque
1079 628 1327 682 importuna
1351 627 1505 668 mulier

169 690 250 730 sibi
276 704 558 744 nequaquam,
589 691 638 729 ut
663 691 886 742 sperasset,
918 701 978 740 ea,
1005 701 1111 740 quae
1138 686 1385 741 cogitasset,
1410 699 1504 740 pro-

168 748 326 789 cedere.
390 746 496 789 Cum
534 747 620 788 iam
658 749 798 788 tortor
830 749 957 800 atque
991 748 1132 786 essent
1162 747 1379 786 tormenta
1410 746 1559 798 ipsam

170 807 336 848 defessa
367 821 503 860 neque
536 809 681 847 tamen
712 806 785 846 illa
815 805 943 845 finem
976 804 1113 845 facere
1145 804 1291 857 vellet,
1333 803 1505 858 quidam

170 880 220 906 ex
258 865 494 917 advocatis,
538 865 666 906 honio
706 866 748 904 et
788 863 1022 905 honoribus
1060 862 1208 917 populi
1247 865 1423 903 ornatus
1463 864 1506 902 et

170 939 336 966 summa
368 924 524 965 virtute
565 923 801 977 praeditus,
840 922 1089 976 intellegere
1131 935 1174 961 se
1207 920 1313 962 dixit
1344 935 1432 961 non
1462 920 1505 961 id

171 984 258 1038 agi,
298 986 344 1023 ut
376 997 523 1023 verum
554 981 833 1031 inveniretur,
867 980 939 1021 sed
970 984 1018 1021 ut
1048 979 1208 1034 aliquid
1239 979 1338 1020 falsi
1369 979 1506 1020 dicere

171 1044 435 1094 cogerentur.
497 1040 591 1081 Hoc
628 1043 858 1094 postquam
897 1039 1026 1080 ceteri
1064 1038 1414 1092 comprobarunt,
1455 1047 1560 1078 ex1⁵

62 1150 65 1152 ¹
172 1100 362 1141 omnium
404 1099 618 1141 sententia
658 1099 939 1140 constitutum
985 1100 1049 1138 est
1092 1097 1196 1138 satis
1237 1097 1371 1137 videri
1416 1110 1507 1137 esse

103 1170 168 1200 118
185 1159 439 1213 quaesitum
488 1157 695 1198 Redditur
723 1156 957 1211 Oppianico
984 1155 1269 1208 Nicostratus,
1301 1154 1506 1195 Larinum

170 1218 265 1272 ipsa
303 1217 588 1270 proficiscitur
627 1231 721 1257 cum
761 1215 847 1256 suis
880 1229 1090 1267 maerens,
1130 1214 1242 1267 quod
1274 1214 1360 1254 iam
1393 1216 1506 1254 certe

171 1276 428 1317 incolumem
465 1275 602 1315 filium
639 1276 730 1316 fore
770 1274 969 1327 putabat,
1008 1273 1061 1314 ad
1100 1287 1225 1337 quem
1262 1286 1348 1312 non
1379 1272 1505 1313 modo

171 1349 316 1375 verum
343 1335 513 1386 crimen,
546 1333 620 1374 sed
644 1347 696 1373 ne
723 1333 822 1373 ficta
848 1332 1017 1386 quidem
1045 1330 1228 1385 suspicio
1254 1330 1506 1384 perveniret,
1526 1342 1560 1366 20

172 1396 215 1434 et
252 1393 319 1434 cui
350 1407 436 1434 non
468 1392 594 1433 modo
628 1394 776 1445 aperta
806 1391 1077 1431 inimicorum
1111 1389 1393 1444 oppugnatio,
1434 1390 1506 1430 sed

171 1466 224 1493 ne
257 1452 447 1493 occultae
481 1451 649 1505 quidem
683 1449 834 1491 matris
866 1449 1044 1490 insidiae
1076 1463 1226 1490 nocere
1252 1447 1506 1502 potuissent.

172 1510 375 1551 Larinum
413 1513 644 1564 postquam
676 1509 810 1562 venit,
851 1522 957 1562 quae
990 1523 1014 1548 a
1045 1505 1248 1548 Stratone
1280 1507 1352 1547 illo
1386 1521 1507 1547 vene-

171 1584 273 1610 num
306 1572 433 1610 antea
464 1568 554 1609 viro
588 1582 661 1609 suo
695 1567 841 1608 datum
874 1567 955 1607 sibi
980 1580 1231 1620 persuasum
1259 1579 1351 1606 esse
1377 1565 1506 1606 simu-

173 1628 320 1681 lasset,
347 1627 603 1668 instructam
630 1627 667 1667 ei
694 1626 894 1667 continuo
922 1628 964 1666 et
989 1627 1184 1666 ornatam
1209 1623 1354 1664 Larini
1380 1623 1506 1664 medi-
1526 1634 1560 1659 25

104 1687 158 1727 64
174 1687 294 1727 cinae
328 1685 583 1727 exercendae
616 1699 743 1726 causa
775 1684 999 1725 tabernam
1032 1683 1158 1724 dedit.
1220 1681 1374 1735 Unum,
1406 1682 1507 1722 alte-

174 1759 280 1796 rum,
312 1744 489 1785 teitium
522 1759 678 1785 annum
712 1742 856 1784 Sassia
882 1742 1140 1796 quiescebat,
1170 1743 1218 1781 ut
1245 1741 1352 1780 velle
1379 1743 1506 1793 atque

175 1805 323 1856 optare
357 1802 519 1856 aliquid
551 1802 809 1843 calamitatis
835 1801 925 1841 filio
952 1801 1094 1855 potius
1123 1814 1248 1853 quam
1275 1798 1318 1838 id
1344 1800 1506 1839 struere

105 1872 170 1903 119
187 1864 230 1902 et
273 1861 416 1901 11101111
459 1861 684 1901 vider-‚etur
739 1859 847 1900 Tum
890 1859 1061 1899 interim
1106 1857 1150 1909 Q.
1188 1856 1421 1897 Hortensio
1459 1855 1506 1904 Q.

173 1918 350 1960 Metello
378 1919 636 1971 consulibus,
662 1922 709 1959 ut
733 1919 845 1959 hunc
865 1918 1143 1971 Oppianicum
1169 1915 1282 1956 aliud
1308 1918 1506 1970 agentem
1527 1927 1561 1952 30

175 1993 224 2019 ac
262 1977 371 2017 nihil
406 1977 494 2017 eius
527 1977 642 2017 modi
675 1978 937 2031 cogitantem
970 1975 1020 2016 ad
1054 1975 1162 2015 lianc
1195 1974 1506 2014 accusationem

175 2036 436 2089 detr,aheret
485 2036 619 2076 invito
664 2035 889 2089 despondit
934 2034 972 2074 ei
1014 2033 1147 2073 filiam
1193 2047 1331 2083 suam,
1373 2032 1506 2086 illam,

175 2109 302 2149 quam
334 2108 384 2134 ex
417 2107 572 2149 genero
601 2096 858 2147 susceperat
888 2095 936 2133 ut
961 2106 1056 2132 eum
1081 2091 1241 2144 nuptiis
1268 2065 1507 2145 adligatuni

176 2154 303 2194 simul
343 2155 385 2193 et
422 2153 672 2193 testamenti
711 2166 783 2206 spe
823 2151 1065 2192 devinctum
1096 2153 1243 2203 posset
1273 2149 1428 2190 habere
1462 2148 1507 2188 in

174 2214 400 2266 potestate.
450 2209 543 2251 Hoc
574 2211 668 2263 ipso
701 2210 788 2251 fere
819 2212 1010 2262 tempore
1043 2206 1187 2248 Strato
1221 2207 1294 2248 ille
1319 2207 1505 2248 medicus
1527 2216 1560 2242 35

176 2270 291 2311 domi
326 2269 488 2311 furtum
525 2268 625 2309 fecit
662 2270 704 2308 et
741 2267 911 2309 caedem
950 2267 1038 2307 eius
1071 2265 1195 2307 modi.
1259 2265 1363 2307 Cum
1396 2267 1508 2306 esset

176 2328 221 2369 in
258 2328 431 2369 aedibus
472 2327 720 2379 armarium,
758 2327 802 2367 in
840 2339 922 2379 quo
955 2325 1082 2366 sciret
1114 2339 1204 2365 esse
1235 2337 1506 2365 nummorum
