1619 2542
102 1302 126 1342 2

106 1354 126 1383 3

150 114 234 155 ‘288
468 113 518 148 IN
543 113 580 148 L.
608 113 874 148 CATILINAM
902 113 1081 148 ORATIO
1107 112 1168 147 IV.

150 212 295 264 patres
323 209 566 264 conscripti,
591 209 657 251 cui
683 224 769 250 non
787 209 940 261 forum,
965 209 1010 249 in
1030 223 1112 263 quo
1134 209 1271 250 omnis
1293 209 1486 264 aequitas

150 268 409 318 continetur,
446 282 533 309 non
570 282 744 321 campus
784 267 1080 309 consularibus
1114 267 1312 321 auspiciis
1345 283 1486 310 conse—

151 331 306 380 eratus,
332 341 419 368 non
445 327 572 375 curia,
600 341 813 367 summum
839 326 1044 367 auxilium
1072 326 1261 367 omnium
1282 328 1487 382 gentium,

150 401 237 427 non
256 385 419 438 domus,
444 400 667 427 commune
687 385 942 440 perfugium,
966 399 1054 426 non
1072 384 1206 426 lectus
1228 385 1281 426 ad
1301 386 1487 439 quietem

152 445 293 498 datus,
325 458 411 484 non
444 444 623 497 denique
656 444 760 485 haec
793 444 912 485 sedes
943 443 1118 484 honoris
1152 444 1276 496 [sella
1308 444 1485 496 curulis]
1506 456 1523 482 5

151 517 354 557 umquam
403 517 537 543 vacua
586 502 737 543 mortis
780 503 968 557 periculo
1013 506 1140 556 atque
1184 502 1350 543 insidiis
1393 503 1487 544 fuit.

151 562 246 617 Ego
274 562 410 602 multa
435 561 561 613 tacui,
594 561 730 602 multa
755 561 924 615 pertuli,
956 561 1092 601 multa
1118 561 1319 615 concessi,
1351 561 1489 602 multa

152 635 246 661 meo
285 620 468 673 quodam
508 619 654 661 dolore
692 620 738 660 in
774 623 915 661 vestro
954 620 1108 660 timore
1146 619 1304 661 sanavi.
1363 619 1487 661 Nunc

152 679 188 720 si
231 679 343 719 hunc
387 678 548 719 exitum
593 678 839 719 consulatus
889 678 973 719 mei
1016 678 1057 718 di
1100 677 1351 719 inmortales
1395 692 1487 719 esse

152 737 398 788 voluerunt,
440 739 488 777 ut
532 751 608 778 vos
651 737 941 791 populumque
981 736 1225 777 Romanum
1268 751 1319 777 ex
1361 736 1487 778 caede
1509 749 1542 774 ιο

152 795 408 844 miserrima,
459 796 661 849 coniuges
710 795 953 849 liberosque
1002 798 1168 836 vestros
1217 795 1488 849 virginesque

153 855 352 896 Vestales
392 868 442 895 ex
481 854 757 895 acerbissima
787 854 1030 907 vexatione,
1066 853 1229 907 templa
1260 857 1389 908 atque
1421 853 1489 894 de-

154 914 295 966 lubra,
333 913 444 954 hanc
481 913 813 967 pulcherrimam
851 913 1037 967 patriam
1070 912 1260 953 omnium
1290 914 1487 953 nostrum

152 988 201 1013 ex
226 972 474 1013 foedissima
499 971 686 1024 flamina,
713 974 852 1012 totam
877 970 1051 1011 Italiam
1077 984 1126 1010 ex
1151 971 1266 1011 bello
1293 973 1336 1012 et
1358 970 1488 1012 vasti-

151 1034 240 1071 tate
280 1030 507 1083 eriperem,
546 1044 835 1084 quaecumque
873 1029 978 1070 mihi
1010 1029 1082 1069 uni
1112 1032 1374 1083 proponetur
1405 1029 1488 1070 for·
1508 1041 1540 1066 15

150 1092 267 1142 tuna,
300 1089 515 1129 subeatur.
575 1087 761 1142 Etenim,
793 1088 830 1129 si
861 1087 905 1129 P.
938 1087 1146 1128 Lentulus
1179 1102 1302 1128 suum
1333 1101 1488 1129 nomen

151 1148 348 1188 inductus
394 1162 418 1187 a
456 1147 626 1187 vatibus
668 1148 798 1188 fatale
837 1147 889 1187 ad
925 1145 1156 1200 perniciem
1193 1145 1255 1186 rei
1292 1146 1486 1200 publicae

151 1206 243 1247 fore
275 1205 454 1259 putavit,
485 1220 558 1246 cur
590 1220 669 1260 ego
701 1220 788 1246 non
812 1204 946 1246 laeter
971 1219 1113 1246 meum
1139 1204 1409 1246 consulatum
1435 1204 1486 1245 ad

154 1265 336 1305 salutem
399 1264 548 1318 populi
602 1264 786 1305 Romani
840 1278 973 1318 prope
1034 1264 1211 1304 fatalem
1266 1263 1487 1304 extitisse?

154 1322 312 1376 Quare,
355 1325 501 1377 patres
546 1323 793 1377 conscripti,
831 1322 1039 1363 consulite
1078 1322 1218 1375 vobis,
1255 1321 1487 1376 prospicite
1507 1335 1542 1360 20

153 1382 335 1436 patriae,
368 1383 615 1422 conservate
647 1395 742 1430 vos,
775 1380 988 1435 coniuges,
1020 1380 1178 1422 liberos
1209 1380 1488 1434 fortunasque

153 1444 337 1494 vestras,
376 1439 526 1494 populi
559 1439 743 1480 Romani
773 1454 930 1480 nomen
962 1439 1228 1493 salutemque
1260 1438 1488 1491 defendite;

153 1499 259 1540 mihi
284 1512 456 1553 parcere
483 1512 531 1539 ac
557 1498 606 1539 de
632 1513 699 1539 me
726 1499 915 1553 cogitare
936 1497 1127 1539 desinite.
1170 1497 1282 1538 Nam
1301 1497 1488 1551 primum

155 1558 286 1599 debeo
327 1571 497 1611 sperare
536 1557 675 1598 omnis
713 1557 831 1609 deos,
871 1557 943 1611 qui
977 1557 1075 1597 huic
1106 1556 1202 1597 urbi
1232 1555 1488 1609 praesident,

155 1631 231 1670 pro
261 1631 309 1657 eo
337 1615 455 1669 mihi,
481 1630 529 1656 ac
550 1629 724 1669 mereor,
749 1616 961 1656 relaturos
983 1629 1075 1656 esse
1097 1614 1299 1670 gratiam3
1325 1614 1487 1667 deinde,
1507 1625 1541 1652 25

156 1676 191 1715 si
217 1674 317 1728 quid
345 1674 563 1728 obtigerit,
590 1688 724 1728 aequo
751 1674 893 1715 animo
913 1676 1147 1728 paratoque
1168 1673 1337 1714 moriar.
1374 1671 1487 1713 Nam

154 1747 289 1786 neque
320 1733 458 1787 turpis
485 1746 600 1772 mors
625 1733 728 1773 forti
753 1732 845 1773 viro
871 1735 1015 1787 potest
1041 1731 1227 1773 accidere
1252 1745 1387 1785 neque
1411 1731 1486 1771 im-

154 1795 323 1832 matura
368 1790 581 1831 consulari
623 1804 699 1832 nec
742 1791 900 1832 misera
943 1790 1137 1844 sapienti.
1210 1789 1300 1830 Nec
1342 1792 1487 1831 tamen

155 1863 232 1904 ego
261 1864 355 1889 sum
380 1849 453 1890 ille
478 1849 654 1902 ferreus,
688 1850 759 1903 qui
783 1849 930 1890 fratris
956 1847 1166 1890 carissimi
1191 1850 1318 1901 atque
1344 1862 1487 1889 aman-

153 1907 311 1949 tissimi
343 1908 578 1960 praesentis
610 1922 803 1949 maerore
828 1922 914 1948 non
939 1921 1112 1948 movear
1136 1906 1373 1960 horumque
1400 1921 1486 1948 om·
1508 1917 1542 1942 30

153 1966 271 2007 nium
314 1965 534 2018 lacrumis,
579 1981 603 2007 a
647 1966 800 2020 quibus
846 1980 912 2006 me
961 1965 1284 2006 circumsessum
1321 1964 1486 2006 videtis.

154 2024 300 2078 Neque
338 2038 476 2064 meam
513 2026 699 2065 mentem
735 2039 822 2065 non
859 2024 1030 2064 domum
1063 2037 1186 2076 saepe
1218 2026 1390 2064 revocat
1421 2038 1486 2064 ex-

156 2083 345 2124 animata
374 2096 480 2123 uxor
512 2084 555 2122 et
587 2082 753 2123 abiecta
790 2084 906 2123 metu
936 2081 1025 2122 filia
1057 2084 1100 2121 et
1129 2081 1333 2135 parvulus
1360 2081 1485 2135 filius,

157 2156 281 2195 quem
314 2139 419 2181 mihi
449 2139 617 2180 videtur
650 2141 851 2194 amplecti
881 2153 948 2180 res
973 2138 1145 2194 publica
1170 2142 1388 2193 tamquam
1415 2140 1486 2181 ob·

156 2199 288 2240 sidem
321 2198 566 2240 consulatus
598 2199 693 2251 mei,
723 2213 858 2253 neque
888 2198 973 2251 ille,
1005 2197 1076 2251 qui
1108 2200 1333 2252 expectans
1359 2198 1485 2238 huius
1504 2207 1538 2234 35

157 2258 317 2298 exitum
361 2256 443 2298 diei
481 2258 567 2297 stat
603 2256 648 2296 in
685 2259 913 2310 conspectu
949 2269 1061 2308 meo,
1105 2269 1245 2309 gener.
1311 2255 1486 2297 Moveor

156 2316 224 2357 his
256 2316 382 2357 rebus
415 2314 623 2364 omnibus,
656 2314 728 2355 sed
759 2315 804 2355 in
836 2328 929 2356 eam
960 2316 1138 2368 partem,
1169 2314 1234 2355 uti
1265 2313 1374 2355 salvi
1400 2314 1487 2355 sint
