1619 2542
152 83 236 125 308
521 83 614 118 PRO
641 83 678 118 L.
706 82 911 118 MURENA
937 82 1125 118 ORATIO.

151 179 195 220 in
226 181 407 234 utroque
440 181 506 221 est
535 178 759 232 honestas,
797 193 964 220 summa
996 178 1204 235 dignitas3
1242 194 1370 234 quam
1402 194 1495 237 ego,

152 237 189 279 si
232 237 337 279 mihi
374 252 452 292 per
489 236 685 280 Servium
723 237 868 291 liceat,
911 252 1060 292 parem
1099 240 1227 292 atque
1264 238 1310 279 in
1347 238 1495 280 eadem

151 296 276 338 laude
314 311 484 351 ponam.
547 295 627 338 Sed
664 310 751 337 non
787 296 904 350 licet3
944 296 1084 351 agitat
1120 311 1212 338 rem
1249 297 1494 352 militarem,

151 355 387 397 insectatur
417 358 556 397 totam
587 355 698 397 hanc
729 355 1004 411 legationem,
1037 354 1304 397 assiduitatis
1330 358 1374 397 et
1399 370 1494 411 ope·

151 428 297 455 rarum
346 414 500 455 harum
539 414 862 455 cotidianarum
905 416 1030 468 putat
1074 428 1165 455 esse
1210 414 1528 457 consulatum.5

153 472 295 527 ‘Apud
321 474 551 514 exercitum
578 472 684 513 mihi
709 471 870 526 fueris',
895 473 1047 528 inquit,
1075 472 1158 514 ‘tot
1178 487 1326 527 annos,
1350 472 1494 515 forum

150 545 238 572 non
264 532 480 587 attigeris,
507 531 665 573 afueris
691 534 782 573 tam
808 531 880 573 diu
906 534 961 585 et,
989 546 1083 572 cum
1110 531 1241 586 longo
1262 532 1493 574 intervallo

151 590 336 643 veneris,
368 604 464 631 cum
495 590 581 644 his,
615 590 683 645 qui
716 590 762 631 in
792 590 885 632 foro
917 590 1168 645 habitarint,
1200 589 1250 632 de
1282 590 1493 646 dignitate

152 648 429 690 contendas‘.>²
505 648 697 690 Primum
741 649 825 690 ista
869 651 1019 690 nostra
1068 649 1316 703 assiduitas,
1361 647 1494 703 Servi,

150 707 288 748 nescis
328 711 536 761 quantum
574 707 789 749 interdum
827 706 993 748 adferat
1029 707 1276 749 hominibus
1313 707 1492 761 fastidii,
1513 720 1547 746 10

152 768 362 820 quantum
392 766 619 808 satietatis.
669 765 778 807 Mihi
810 766 979 821 quidem
1004 766 1281 809 vehementer
1306 767 1495 821 expediit

149 825 337 879 positam
375 824 421 867 in
458 825 592 867 oculis
633 839 726 866 esse
763 825 967 880 gratiam3
1006 825 1079 866 sed
1117 828 1264 867 tamen
1295 839 1376 881 ego
1408 825 1494 867 mei

152 883 398 924 satietatem
443 898 600 939 magno
646 898 740 925 meo
785 883 932 925 labore
977 884 1176 938 superavi
1216 886 1259 926 et
1300 886 1348 925 tu
1389 883 1493 926 item

150 941 352 995 fortasse3
402 957 549 984 verum
592 945 739 984 tamen
779 942 951 997 utrique
995 945 1192 984 nostrum
1236 942 1493 984 desiderium

80 1013 124 1044 22
150 1000 259 1041 nihil
309 1000 528 1042 obfuisset.
599 1000 681 1043 Sed
730 1003 778 1042 ut
827 1001 909 1043 hoc
952 1001 1111 1062 omisso
1156 1001 1209 1042 ad
1253 1001 1494 1043 studiorum
1514 1013 1545 1039 15

151 1062 280 1113 atque
313 1059 471 1101 artium
502 1059 820 1102 contentionem
851 1062 1128 1113 revertamur,
1159 1060 1231 1115 qui
1261 1062 1386 1115 potes
1419 1060 1494 1102 du-

150 1118 307 1172 bitare,
349 1118 451 1172 quin
486 1118 539 1159 ad
571 1118 842 1160 consulatum
874 1118 1193 1173 adipiscendum
1225 1118 1362 1160 multo
1394 1119 1492 1173 plus

151 1175 319 1218 adferat
338 1176 563 1231 dignitatis
584 1177 646 1217 rei
665 1177 865 1218 militaris
886 1191 1015 1232 quam
1034 1177 1141 1218 iuris
1162 1176 1299 1219 civilis
1321 1177 1492 1233 gloria?

149 1234 319 1289 Vigilas
351 1238 400 1276 tu
433 1235 482 1276 de
514 1238 651 1289 nocte,
682 1238 731 1276 ut
761 1235 848 1277 tuis
874 1236 1192 1277 consultoribus
1218 1235 1491 1290 respondeas,

150 1293 241 1345 ille,
273 1296 320 1334 ut
352 1308 419 1347 eo,
452 1308 534 1348 quo
566 1294 768 1348 intendit,
801 1296 968 1336 mature
1000 1309 1096 1336 cum
1128 1294 1316 1336 exercitu
1347 1308 1491 1349 perve-
1511 1308 1544 1332 20

149 1351 258 1405 ssiat,
290 1354 333 1393 te
366 1352 593 1407 gallorum,
624 1352 747 1394 illum
778 1353 1030 1394 bucinarum
1061 1355 1211 1395 cantus
1238 1352 1489 1407 exsuscitat3

150 1413 199 1451 tu
231 1410 442 1452 actionem
474 1411 680 1466 instituis,
710 1411 785 1453 ille
812 1412 947 1453 aciem
972 1411 1166 1465 instruit3
1197 1415 1245 1453 tu
1270 1425 1407 1464 caveS,
1438 1425 1491 1452 ne

150 1469 215 1510 tui
256 1470 541 1524 consultores,
578 1470 670 1521 ille,
706 1484 760 1512 ne
797 1470 923 1512 urbes
962 1474 1037 1512 aut
1073 1473 1217 1512 castra
1248 1470 1490 1525 capiantur3

149 1527 222 1569 ille
247 1531 364 1569 tenet
393 1529 454 1580 [et
480 1529 590 1582 scit],
615 1531 665 1571 ut
689 1529 880 1571 hostium
906 1529 1064 1583 copiae,
1089 1532 1148 1583 tu,
1172 1532 1221 1571 ut
1245 1543 1380 1584 aquae
1399 1528 1491 1583 plu-

149 1586 244 1627 viae
288 1589 534 1642 arceantur3
577 1587 652 1628 ille
697 1588 953 1630 exercitatus
998 1590 1065 1629 est
1107 1588 1152 1629 in
1194 1587 1488 1644 propagandis
1509 1598 1543 1626 25

150 1645 324 1698 finibus,
362 1648 409 1686 tu
446 1646 492 1687 in
531 1645 740 1701 regendis.
801 1646 864 1688 Ac
901 1646 1104 1688 nimirum
1145 1645 1387 1702 (dicendum
1427 1648 1491 1687 est

151 1704 275 1756 enim,
308 1704 421 1758 quod
453 1704 609 1760 sentio)
641 1705 703 1746 rei
729 1705 929 1747 militaris
954 1705 1092 1747 virtus
1117 1707 1312 1760 praestat
1337 1704 1489 1746 ceteris

83 1762 137 1804 10
152 1761 360 1803 omnibus.
428 1761 546 1804 Haec
588 1778 746 1805 nomen
787 1764 948 1819 populo
985 1763 1199 1815 Romano,
1243 1763 1348 1805 haec
1389 1762 1488 1804 huic

150 1819 247 1860 urbi
278 1822 497 1862 aeternam
530 1821 714 1876 gloriam
745 1822 929 1877 peperit,
960 1822 1063 1864 haec
1096 1822 1243 1863 orbem
1273 1823 1488 1862 terrarum

150 1892 298 1932 parere
329 1878 428 1921 huic
453 1879 630 1934 imperio
657 1881 816 1936 coegit3
847 1894 993 1922 omnes
1019 1880 1206 1922 urbanae
1231 1893 1312 1934 res,
1344 1880 1487 1921 omnia
1507 1891 1542 1917 30

150 1936 255 1978 haec
297 1939 449 1979 nostra
491 1939 713 1991 praeclara
756 1939 898 1980 studia
941 1942 984 1980 et
1024 1939 1128 1980 haec
1172 1937 1354 1979 forensis
1392 1938 1486 1980 laus

151 1998 196 2037 et
225 1994 435 2037 industria
465 1996 602 2038 latent
632 1997 677 2039 in
707 1998 847 2039 tutela
879 2012 927 2039 ac
957 1996 1171 2051 praesidio
1204 1996 1381 2038 bellicae
1406 1996 1488 2038 vir—

151 2053 272 2097 tutis.
332 2052 469 2096 Simul
501 2057 630 2109 atque
661 2056 873 2111 increpuit
904 2055 1090 2110 suspicio
1116 2055 1342 2110 tumultus,
1373 2058 1486 2096 artes

151 2112 249 2154 ilico
280 2115 453 2154 nostrae
485 2113 786 2156 conticescunt.

83 2182 125 2213 23
239 2170 298 2212 Et
347 2171 549 2226 quoniam
598 2173 703 2213 mihi
746 2172 903 2214 videris
945 2172 1074 2214 istam
1117 2172 1338 2214 scientiam
1381 2172 1486 2213 iuris
1506 2182 1539 2209 35

152 2232 372 2284 tamquam
416 2230 596 2272 filiolam
640 2232 823 2272 osculari
864 2234 1001 2285 tuam,
1043 2244 1130 2272 non
1173 2231 1313 2285 patiar
1355 2232 1398 2271 te
1441 2231 1487 2271 in

151 2290 273 2330 tanto
307 2303 450 2331 errore
482 2289 654 2343 versari,
685 2292 732 2330 ut
762 2289 878 2331 istud
908 2289 1047 2331 nescio
1081 2289 1192 2345 quid,
1225 2288 1337 2345 quod
1361 2290 1484 2330 tanto
