1619 2542
395 572 760 619 ADNOTATIO
800 572 1062 621 CRITIOA.
1072 570 1114 637 >³‘)

191 746 245 780 De
271 744 459 780 codicibus
487 744 662 778 orationis
688 755 765 789 pro
792 744 959 787 Tullio,
986 744 1157 789 palimps.
1185 744 1363 779 Taurin.
1391 746 1429 779 et

98 792 310 835 Ambros,
345 791 439 826 nihil
471 791 604 826 attinet
635 791 767 835 dicere,
798 791 871 825 nisi
896 791 935 825 in
959 791 1024 826 illo
1049 793 1136 836 post
1160 791 1365 836 Peyronum
1391 793 1429 826 et

97 839 286 875 Kellerum
321 849 441 884 pauca
477 838 611 882 legisse
643 838 680 873 P.
707 839 935 882 Kruegerum
969 838 1103 881 (Herm.
1132 838 1163 872 V
1191 851 1226 883 p.
1255 843 1320 873 146
1348 840 1427 882 sq.),

98 897 194 930 quae
218 886 303 921 illos
328 886 510 930 fugerant.
555 884 746 920 Editiones
774 885 871 919 infra
891 885 1044 920 nomino
1070 885 1227 930 Baitefi,
1260 885 1427 931 Kayseri,

98 933 222 968 Klotzi
249 933 427 968 Teubner.
456 932 620 967 alteram.

192 1017 229 1051 P.
257 1020 289 1050 2.
319 1020 335 1050 1
361 1016 556 1060 reciperat.
584 1014 697 1055 Bait.;
729 1025 816 1048 nam
847 1014 899 1049 sic
932 1014 1010 1049 cod.
1032 1013 1062 1048 Α
1087 1025 1121 1058 Ρ.
1143 1019 1174 1049 6.
1199 1019 1215 1048 1
1243 1017 1280 1049 et
1308 1020 1366 1058 17,
1399 1015 1428 1049 Τ

98 1076 132 1108 Ρ.
161 1067 192 1099 8.
219 1068 280 1105 25,
308 1067 338 1097 9.
366 1066 421 1104 29,
451 1066 502 1097 11,
530 1066 574 1095 24
600 1064 638 1095 et
663 1065 706 1096 27
733 1063 770 1095 et
795 1065 850 1104 34,
880 1066 931 1095 12.
960 1065 980 1095 5
1006 1062 1044 1095 et
1070 1066 1100 1105 7,
1125 1073 1243 1106 recup.
1271 1063 1313 1098 A.
1333 1073 1368 1106 p.
1395 1066 1427 1096 3.

99 1115 161 1153 30,
192 1115 224 1145 4.
252 1113 313 1152 25,
338 1109 366 1142 T
394 1112 446 1143 15.
475 1113 527 1143 13.
584 1109 627 1142 In
663 1108 795 1143 ceteris
830 1110 936 1143 oratt.
965 1108 1047 1142 edd.
1074 1108 1288 1152 saepissime
1319 1108 1428 1142 taciti

100 1157 325 1202 seripserunt
354 1167 489 1200 recup„
519 1155 557 1189 in
582 1155 685 1190 Verr.
718 1155 797 1190 cod.
817 1155 850 1188 V
871 1155 985 1190 semel
1014 1155 1130 1190 habet
1154 1158 1260 1200 reeip.
1287 1167 1322 1200 p.
1349 1160 1426 1190 296.

101 1210 156 1248 36,
182 1204 260 1238 cod.
282 1203 368 1247 Lag.
391 1207 434 1237 29
459 1215 495 1247 p
515 1207 594 1237 481.
621 1206 653 1245 7,
681 1203 719 1236 at
737 1202 926 1247 Iordanp
931 1206 1030 1237 2.44.
1054 1206 1095 1237 13
1123 1202 1178 1237 ed.
1199 1202 1257 1238 Or.
1273 1202 1428 1237 eundem

101 1251 180 1286 eod.
213 1253 251 1285 et
274 1250 303 1284 B
331 1260 474 1294 semper
502 1249 638 1283 habere
668 1251 776 1293 oecip.
802 1249 856 1283 ait
880 1248 990 1290 falso;
1023 1249 1115 1283 mihi
1144 1249 1216 1284 hoe
1249 1260 1320 1284 uno
1347 1249 1428 1283 loco

100 1299 269 1332 notatum
295 1298 362 1332 est.
394 1297 435 1330 In
456 1295 600 1331 Caecin.
620 1307 714 1339 rarO,
741 1295 894 1339 sexiens,
915 1296 993 1331 cod.
1013 1296 1042 1329 E
1065 1298 1102 1330 et
1119 1293 1256 1340 partim
1277 1297 1426 1339 Trecip.

100 1346 236 1380 habere
262 1344 442 1383 dicuntur
467 1343 584 1377 multo
611 1343 757 1387 saepius
782 1354 915 1387 oessqecup
945 1343 989 1377 cf.
1013 1343 1069 1377 ad.
1090 1355 1125 1387 p.
1149 1347 1225 1378 108
1248 1347 1302 1378 22.
1324 1363 1365 1367 -
1388 1343 1426 1377 P.

102 1397 133 1427 3.
156 1396 197 1427 19
226 1391 324 1426 Tulli
350 1392 388 1425 et
412 1390 489 1425 sim.
511 1390 549 1423 in
574 1389 632 1424 his
652 1401 797 1434 quoque
818 1391 923 1424 oratt.
947 1392 1022 1434 opt.
1043 1390 1161 1433 codd,
1189 1391 1303 1424 Tullii·
1323 1389 1426 1424 edd·
1419 1405 1427 1433 ς

103 1439 160 1473 ad.
191 1450 225 1483 p.
254 1442 308 1473 75.
334 1442 390 1474 27.
417 1458 460 1463 ———
485 1437 523 1471 P.
551 1442 582 1472 3.
603 1441 646 1471 31
677 1449 722 1472 'ne
745 1437 914 1472 Momms.
947 1438 1042 1471 auct.
1070 1437 1152 1472 add.
1181 1436 1290 1480 Kays.
1319 1457 1361 1462 ——
1388 1437 1426 1470 P.

102 1491 134 1520 4.
155 1490 177 1519 4
195 1486 406 1529 quicquam
427 1485 638 1519 constanter
659 1494 737 1526 scr.,
763 1485 882 1528 quidq.
901 1483 995 1517 Bait.
1016 1484 1100 1526 tac„
1126 1485 1238 1528 quicq.
1262 1495 1297 1527 p.
1320 1487 1373 1517 12.
1395 1486 1426 1525 3,

106 1536 183 1567 117.
204 1537 235 1574 3,
262 1535 340 1566 393.
364 1535 416 1573 18,
442 1542 509 1575 pro
535 1531 640 1565 Font
661 1530 780 1565 Halm.
803 1532 840 1564 et
858 1531 966 1582 Ray-s.
988 1532 1117 1573 quater
1136 1531 1249 1574 quicq.
1271 1540 1290 1564 e
1310 1530 1427 1572 codd„

103 1579 210 1612 Klotz
240 1579 359 1622 quiclq.
390 1579 432 1611 ut
463 1588 616 1621 semper,
647 1587 713 1620 pro
740 1576 842 1611 Caec
869 1577 1011 1611 sexiens
1044 1577 1122 1612 cod.
1150 1576 1188 1619 T,
1216 1577 1330 1611 semel
1353 1577 1426 1621 pal.

104 1625 143 1669 P,
162 1638 197 1670 p.
219 1629 272 1660 59.
294 1628 349 1666 22,
368 1625 494 1669 quicq„
514 1623 626 1657 semel
646 1623 720 1666 ille,
739 1625 781 1656 ut
799 1623 956 1665 videtur,
975 1635 1009 1667 p
1024 1628 1079 1658 47.
1097 1628 1150 1666 11,
1170 1625 1300 1668 quidq„
1314 1622 1379 1658 ubi
1398 1623 1427 1656 E

103 1672 218 1707 habet
248 1673 379 1716 quicq„
413 1681 633 1713 quamquam
659 1651 793 1704 Baiter
821 1672 858 1704 et
882 1651 1025 1704 Iordan.
1050 1671 1088 1704 in
1112 1670 1195 1714 ipsa
1221 1671 1343 1705 adnot.
1371 1681 1428 1705 ex-

106 1719 222 1764 ceptis
248 1718 390 1752 duobus
410 1717 500 1751 locis
521 1717 565 1752 de
587 1716 690 1751 codd.
711 1718 858 1758 tacent..
882 1727 948 1761 pro
969 1716 1109 1752 Cluent.
1128 1717 1264 1752 Baiter
1286 1728 1429 1762 semper

199 1813 232 1856 ἔ)
257 1811 388 1846 Paucis
420 1811 547 1845 diebus
573 1812 658 1845 ante
683 1821 794 1854 quam
818 1810 913 1845 hanc
936 1811 1126 1856 plagulam
1152 1811 1293 1856 accipio
1320 1811 1428 1845 coiri-

107 1860 281 1905 gendam,
312 1860 511 1903 postquam
540 1857 644 1902 ipsae
675 1858 858 1892 orationes
889 1858 988 1902 typis
1013 1858 1089 1892 iam
1115 1869 1306 1903 expressae
1333 1860 1427 1900 sunt

107 1907 271 1942 adfertur
289 1906 337 1940 ad
355 1916 412 1940 me
432 1904 633 1950 Madvigi
651 1903 796 1938 Adve1
804 1915 883 1939 sar
897 1905 979 1939 vol.
994 1905 1060 1947 ΙΙΙ,
1081 1916 1153 1948 quo
1166 1905 1299 1939 vellem
1319 1906 1430 1939 antea

107 1954 162 1988 uti
180 1953 391 1998 potuissem.
418 1952 502 1987 Non
520 1953 597 1986 tam
618 1951 816 1986 doluissem
834 1951 957 1995 plures
978 1951 1091 1986 etiam
1111 1963 1221 1995 quam
1240 1952 1314 1985 iam
1333 1963 1428 1985 nune

109 2011 130 2035 a
153 1999 340 2044 Madvigio
366 1999 521 2042 aliisque
541 1998 815 2032 emendationes
833 1998 926 2032 mihi
943 2000 1155 2043 praereptas
1175 2010 1254 2033 esse
1276 1998 1321 2043 (si
1340 1998 1429 2042 quid

108 2047 187 2091 ipse
215 2046 416 2089 inveneris,
449 2046 480 2080 si
510 2045 608 2080 idem
640 2045 704 2080 alii
729 2046 813 2080 ante
838 2045 876 2079 in
900 2045 1060 2080 medium
1085 2046 1321 2090 protulerint,
1352 2045 1428 2080 illis

109 2093 304 2137 adsignare
344 2093 538 2128 honestum
582 2103 661 2126 esse
703 2092 840 2136 iudico)
876 2104 984 2136 quam
1019 2093 1120 2126 haud
1155 2103 1275 2137 pauca
1310 2091 1428 2136 magis

110 2140 304 2175 emendata
334 2140 441 2174 edere
471 2150 529 2174 me
554 2151 661 2183 posse
687 2138 835 2184 gavisus
862 2149 988 2174 essem.
1039 2139 1144 2174 Nunc
1170 2150 1297 2183 cogor,
1329 2138 1428 2182 quic-

110 2187 199 2230 quid
227 2187 314 2222 novi
338 2186 499 2231 Madvig.
526 2187 574 2220 ad
603 2186 671 2220 has
704 2185 887 2221 orationes
915 2186 1056 2229 attulit,
1087 2186 1126 2220 in
1151 2185 1430 2221 adnotationem

111 2233 244 2268 addere
270 2235 316 2277 et,
343 2233 374 2267 si
400 2244 471 2276 qua
496 2233 555 2267 vel
580 2243 647 2277 ego
673 2233 732 2266 vel
758 2232 821 2266 alii
840 2233 969 2268 eodem
987 2233 1095 2269 modo
1116 2234 1357 2276 correxerant,
1383 2232 1429 2265 iis

76 2313 79 2316 .
110 2279 275 2324 Madvigi
299 2291 440 2324 quoque
464 2290 596 2316 nomen
623 2279 839 2314 adscribere.

1105 2350 1151 2384 a*
