1619 2542
159 85 243 127 152
505 85 598 121 PRO
626 86 667 120 A.
697 84 934 120 CLUENTIO
962 84 1152 122 ORATIO.

155 193 381 223 PERETUR.
442 181 598 224 Utrum
631 181 798 222 videtur
838 180 882 221 id
915 183 1088 222 senatus
1119 181 1281 222 factum
1311 181 1498 224 iudicare

159 255 226 294 an,
252 241 289 281 si
319 240 483 282 factum
516 241 584 294 sit,
617 240 797 281 moleste
831 241 1104 295 graviterque
1135 239 1275 281 ferre?
1331 238 1375 281 Si
1405 241 1497 296 ipse

157 298 208 342 A.
241 297 462 340 Cluentius
502 299 759 340 sententiam
799 298 848 339 de
886 298 1052 340 iudiciis
1091 300 1332 352 rogaretur,
1369 299 1497 340 aliam

158 372 247 399 non
297 358 474 411 diceret,
525 360 653 411 atque
703 357 734 397 ii
784 356 999 411 dixerunt,
1048 371 1228 410 quorum
1273 358 1496 399 sententiis

89 428 154 458 137
172 415 417 457 Cluentium
457 416 784 457 condemnatum
817 430 908 457 esse
941 415 1094 457 dicitis.
1157 414 1238 457 Sed
1275 430 1433 470 quaero
1472 427 1532 458 a5

156 475 298 528 vobis,
334 489 437 516 num
475 475 604 515 istam
644 475 784 529 legem
820 489 869 516 ex
901 474 985 516 isto
1018 476 1191 516 senatus
1225 475 1419 516 consulto
1450 474 1497 517 L.

156 533 358 575 Lucullus
400 534 564 586 consul,
610 533 740 574 homo
779 533 1138 588 sapientissimus,
1183 533 1350 587 tulerit,
1393 548 1497 575 num

158 607 269 633 anno
309 594 409 646 post
445 592 500 633 M.
539 591 737 633 Lucullus
780 594 823 632 et
861 591 904 633 C.
945 590 1136 644 Cassius,
1176 591 1222 632 in
1260 606 1365 646 quos
1403 594 1496 633 tum

158 651 350 692 consules
402 651 647 705 designatos
697 650 809 691 idem
858 650 965 691 illud
1016 652 1190 691 senatus
1241 650 1496 692 decreverat.

156 709 255 751 Non
286 710 497 763 tulerunt3
531 712 573 750 et
606 710 718 763 quod
750 712 798 749 tu
829 708 980 750 Habiti
1011 709 1191 763 pecunia
1216 708 1378 750 factum
1403 723 1495 750 esse
1515 720 1550 746 10

158 768 303 823 arguis
333 783 470 822 neque
501 767 545 808 id
576 768 667 809 ulla
697 767 950 809 tenuissima
983 767 1224 821 suspicione
1257 768 1497 822 confirmas,

155 826 316 868 factum
367 829 432 868 est
480 827 666 881 primum
714 827 888 868 illorum
940 826 1154 880 aequitate
1199 829 1240 866 et
1285 827 1497 893 sapientia

157 886 391 939 consulum,
423 888 471 927 ut
500 885 556 939 id,
590 884 702 939 quod
734 888 908 926 senatus
941 885 1184 926 decreverat
1217 884 1269 926 ad
1300 885 1405 925 illud
1436 885 1497 926 in-

155 944 293 985 vidiae
330 958 532 998 praesens
570 943 811 985 incendium
849 943 1219 999 restinguendum,
1265 943 1309 984 id
1345 946 1496 997 postea

156 1002 267 1044 refer
271 1003 425 1044 endum
449 1003 502 1043 ad
522 1002 728 1057 populum
748 1017 834 1043 11011
855 1002 1180 1043 arbitrarentui.
1223 1001 1320 1056 Ipse
1347 1001 1495 1043 deinde
1516 1012 1548 1038 15

155 1062 339 1116 populus
364 1062 598 1115 Romanus,
631 1061 702 1114 qui
728 1060 774 1101 L.
795 1060 965 1108 Quincti
993 1060 1173 1113 [tribuni
1198 1060 1356 1114 plebis]
1382 1060 1495 1102 fictis

157 1120 434 1173 querimoniis
468 1123 592 1160 antea
624 1119 860 1160 concitatus
892 1134 982 1160 rem
1013 1119 1133 1160 illam
1161 1121 1202 1159 et
1228 1118 1496 1174 rogationem

156 1178 393 1233 flagitarat,
431 1178 544 1219 idem
577 1177 621 1219 C.
653 1177 750 1218 Iuni
787 1177 884 1231 filii,
922 1177 1043 1232 pueri
1082 1177 1269 1231 parvuli,
1307 1177 1494 1218 lacrimis

156 1239 396 1278 commotus
435 1237 621 1278 maximo
660 1236 844 1277 clamore
884 1239 926 1277 et
963 1250 1169 1277 concursu
1200 1238 1339 1276 totam
1371 1250 1495 1290 quae-

86 1306 152 1338 138
169 1296 352 1336 stionem
390 1295 514 1336 illam
546 1297 588 1336 et
619 1295 760 1350 legem
792 1294 1043 1348 repudiavit.
1099 1293 1164 1335 Ex
1190 1308 1272 1348 quo
1299 1294 1495 1348 intellegi
1513 1305 1550 1332 2⁰

156 1354 315 1409 potuit,
346 1353 390 1394 id
423 1354 535 1408 quod
568 1367 693 1408 saepe
726 1353 886 1394 dictum
919 1356 1001 1403 est,
1033 1354 1081 1393 ut
1113 1367 1241 1405 mare,
1274 1352 1387 1406 quod
1418 1367 1495 1394 sua

153 1416 309 1454 natura
356 1412 639 1467 tranquillum
689 1411 764 1465 sit,
813 1413 1039 1453 ventorum
1082 1411 1124 1452 vi
1167 1411 1323 1465 agitari
1367 1413 1495 1465 atque

155 1471 339 1525 turbari,
378 1471 438 1512 sic
475 1471 683 1525 populum
713 1470 955 1512 Romanum
988 1484 1064 1511 sua
1096 1471 1250 1524 sponte
1282 1483 1374 1510 esse
1405 1470 1495 1524 pla-

155 1533 310 1584 catum,
335 1529 557 1571 hominum
584 1528 885 1570 seditiosorum
905 1528 1080 1570 vocibus
1101 1530 1149 1568 ut
1168 1527 1492 1570 violentissimis

154 1589 486 1643 tempestatibus
520 1588 737 1630 concitari.
1512 1597 1547 1624 25

84 1648 141 1690 50
245 1647 325 1688 Est
377 1647 506 1688 etiam
559 1646 725 1701 reliqua
782 1660 1017 1701 permagna
1066 1645 1317 1698 auctoritas,
1366 1660 1494 1699 quam

157 1719 236 1760 ego
269 1705 453 1760 turpiter
491 1719 625 1760 paene
662 1705 882 1759 praeterii3
919 1718 1015 1745 mea
1055 1703 1170 1744 enim
1204 1717 1295 1744 esse
1327 1703 1491 1745 dicitur.

153 1763 369 1805 Recitavit
401 1778 451 1804 ex
484 1764 677 1805 oratione
709 1763 851 1804 nescio
885 1777 968 1817 qua
1000 1762 1167 1816 Accius,
1199 1776 1325 1815 quam
1352 1775 1491 1802 meam

156 1836 248 1863 esse
306 1822 492 1876 dicebat,
547 1822 889 1870 cohortationem
940 1820 1154 1875 quandam
1203 1819 1389 1860 iudicum
1439 1819 1493 1860 ad

153 1881 333 1922 honeste
360 1880 632 1922 iudicandum
660 1883 702 1921 et
727 1879 1174 1922 commemorationem
1195 1893 1290 1919 cum
1311 1878 1493 1919 aliorum
1511 1889 1546 1916 30

153 1939 419 1991 iudiciorum,
452 1953 559 1992 quae
588 1939 772 1993 probata
796 1953 884 1980 non
911 1939 1063 1990 essent,
1095 1939 1187 1977 tum
1213 1936 1329 1977 illius
1355 1937 1490 1990 ipsius

154 1997 299 2039 iudicii
330 1996 517 2050 Iuniani3
549 1997 728 2051 pioinde
763 1997 884 2050 quasi
916 2010 995 2051 ego
1021 2009 1109 2036 non
1135 1995 1188 2035 ab
1215 1994 1338 2036 initio
1364 1995 1490 2036 huius

156 2055 413 2097 defensionis
456 2055 633 2096 dixerim
673 2055 932 2096 invidiosum
941 2030 1077 2094 efflud
1116 2052 1319 2094 iudicium
1358 2053 1491 2094 fuisse

155 2118 242 2168 aut,
274 2129 369 2156 cum
401 2113 450 2154 de
483 2113 660 2154 infamia
691 2113 944 2155 iudiciorum
976 2112 1251 2165 disputarem,
1276 2112 1491 2166 potuerim

153 2173 279 2227 illud,
322 2172 434 2227 quod
473 2174 564 2212 tam
608 2172 814 2226 populare
853 2172 983 2224 esset,
1022 2170 1099 2211 illo
1143 2173 1334 2225 tempore
1371 2184 1490 2225 prae·
1508 2179 1542 2206 35

86 2243 150 2274 139
166 2232 305 2273 terii-e.
355 2231 450 2285 Ego
487 2244 586 2271 vero
625 2230 661 2270 si
700 2230 800 2284 quid
837 2229 925 2271 eius
963 2227 1078 2269 modi
1116 2228 1220 2281 dixi,
1257 2243 1392 2282 neque
1424 2242 1490 2270 co-

154 2291 323 2345 gnitum
350 2288 681 2332 commemoravi
706 2302 841 2343 neque
861 2301 939 2342 pro
959 2286 1206 2328 testimonio
1228 2286 1325 2342 dixi,
1351 2289 1393 2327 et
1412 2286 1490 2328 illa.
