1619 2542
169 89 238 124 XX
583 86 863 123 ADNOTATIO
891 87 1091 123 CRITICA.

166 187 209 218 ut
231 183 369 218 homini
387 183 470 217 huie
488 181 622 225 Halm,
648 183 786 217 homini
805 182 887 217 edd.
909 202 952 206 ——
972 181 1011 216 P.
1033 186 1086 216 72.
1104 186 1146 217 37
1167 181 1321 227 [virtute
1339 182 1509 228 cognita]

166 229 291 274 Kays„
316 229 438 263 Madv.
465 229 556 263 Adv.
584 228 635 262 ΠΙ
660 241 694 273 p.
726 233 790 264 126
813 240 864 272 sq.
886 249 930 254 ——
950 229 1003 263 Ib.
1031 240 1083 273 sq.
1103 229 1324 273 amplissimo
1342 232 1402 264 tot.
1422 229 1507 264 Etr.

166 278 308 312 nomine
333 276 476 319 Garat„
509 275 621 319 Bait,
655 275 793 318 Klotz,
827 276 1042 320 amplissimi
1073 277 1182 310 totius
1213 287 1247 310 se
1279 277 1354 310 turi
1384 287 1422 311 re
1446 287 1509 311 'no—

165 325 260 358 mine
283 322 328 366 T,
362 324 468 365 ampl.
495 334 530 358 se
562 304 671 357 tuive
701 334 794 358 πονοι.
820 324 935 358 tocius
967 323 1015 365 V
1048 323 1309 367 amplissimum
1334 326 1394 357 tot.
1423 322 1506 358 Etr.

166 370 397 416 [hominum]
416 369 537 404 Madv.
558 369 735 404 Fleckeis.
759 381 841 403 ann.
866 373 954 404 1856
973 381 1007 413 p.
1033 373 1107 412 124,
1134 368 1256 413 Kays„
1277 371 1509 414 amplissimis

167 421 200 452 et
220 422 330 452 veteoe
348 418 491 452 nomine
508 418 661 462 neyotiis
680 416 800 450 Madv.
822 416 922 460 apud
941 415 1095 450 Franck.
1115 427 1150 460 p.
1172 420 1251 458 272,
1272 416 1342 451 del
1358 420 1396 452 er
1416 416 1507 452 Adv

167 463 367 508 111p.126.
386 463 614 498 Emendatus
633 474 707 497 non
728 465 784 497 est
796 463 910 497 100113.
926 483 968 488 -—
984 462 1022 497 P.
1039 467 1094 498 73.
1109 467 1129 497 3
1149 467 1210 497 est
1228 462 1364 501 Halm.
1385 462 1507 508 Kays.‚

167 510 302 554 Klotz„
327 512 376 545 sit
396 512 481 545 cett.
503 510 621 553 codd„
642 509 738 543 Bait.
744 511 979 552 ,offenderim
997 511 1030 544 si
1049 509 1088 544 T.
1128 510 1198 545 Sit
1214 520 1280 554 pro
1302 514 1351 544 est
1368 510 1510 545 habent

167 557 273 592 codd.
287 570 322 602 p.
336 562 391 592 62.
405 562 458 600 18,
481 562 534 592 79.
547 560 702 600 22,138.
719 538 771 598 15,
795 561 870 591 165.
883 560 925 591 23
939 555 1024 600 (W)
1045 560 1124 590 210.
1137 560 1193 599 25,
1214 561 1293 591 211.
1306 561 1361 600 32,
1382 561 1462 592 222.
1475 562 1508 601 4,

167 608 314 647 228.13,
331 608 571 647 285.16,493.
587 586 632 637 26
648 605 732 648 (om.
749 603 858 646 PW),
875 608 953 638 527.
968 607 1009 638 12
1025 602 1119 647 (GE,
1134 614 1268 647 ‘nupers
1280 603 1350 648 P1),
1367 609 1427 639 est
1440 615 1507 649 pro

165 653 213 686 sit
225 664 260 695 p.
280 656 332 685 11.
352 656 392 685 13
412 652 551 693 incert,
576 654 652 684 159.
676 654 706 693 7,
728 654 806 685 287.
821 654 854 693 4,
874 654 977 685 sunt
995 661 1062 695 pro
1083 652 1157 685 sint
1176 661 1211 694 p.
1234 654 1288 685 70.
1303 654 1358 693 36,
1381 655 1436 686 79.
1451 655 1507 695 30,

167 702 221 733 85.
237 703 298 741 31,
334 702 464 740 9214,
494 702 623 740 1033,
654 701 729 731 194.
744 701 805 739 33,
833 701 964 740 2001,
992 701 1071 731 214.
1087 701 1147 740 24,
1174 701 1329 740 275.13,
1357 701 1436 733 284.
1451 702 1508 741 23,

167 749 316 788 317.17,
345 749 494 787 39814,
515 748 643 787 4191,
665 748 742 779 501.
759 748 815 786 22,
836 748 913 778 529.
929 747 985 787 25,
1006 746 1098 779 sint
1115 755 1182 789 pro
1201 748 1288 779 sunt
1305 755 1341 789 p.
1361 748 1507 788 146.18‚

169 796 245 826 186.
263 796 293 834 7,
322 796 399 825 229.
418 796 471 834 30,
499 795 578 825 312.
601 795 655 832 11,
683 795 761 825 392.
777 795 838 833 26,
866 795 945 825 530.
961 795 1022 834 29,
1051 794 1129 826 538.
1145 795 1206 832 25,
1234 790 1283 825 ad
1306 802 1342 836 p.
1369 795 1447 826 222.
1469 796 1508 834 43

166 842 321 880 20015,
350 842 427 872 203.
444 843 475 881 3,
503 842 581 872 210.
598 842 654 880 34,
681 841 830 880 217.11‚
856 841 1004 881 32821,
1027 842 1105 872 329.
1122 842 1153 881 1,
1174 842 1253 872 474.
1268 842 1331 881 33,
1360 842 1508 882 146.18,

168 890 244 919 189.
267 889 321 927 21,
349 889 427 919 323.
449 889 509 927 20,
536 889 615 920 471.
639 889 697 926 11,
725 888 780 919 62.
804 889 862 927 18,
892 888 969 919 194.
991 889 1046 927 33,
1073 889 1153 920 202.
1177 889 1229 927 12,
1252 888 1331 920 395.
1352 889 1406 928 29,
1430 889 1509 920 474.

166 936 221 967 29.
248 952 291 957 --
320 932 357 966 Ρ.
386 935 439 966 73.
468 936 510 966 12
536 933 680 976 quaeri,
714 936 836 966 utrum
860 931 991 975 Klotz.,
1019 933 1160 976 quaerit
1186 931 1290 966 codd.

259 1025 564 1069 Pompeianae
591 1025 770 1059 orationis
797 1025 986 1059 codicibus
1012 1025 1150 1060 Baiter.
1176 1037 1263 1060 usus
1285 1027 1343 1060 est
1361 1027 1510 1070 praeter

164 1072 388 1116 particulam
405 1072 578 1116 palimps.
593 1073 752 1115 Tam-m,
772 1073 811 1106 in
831 1084 904 1115 qua
924 1073 1009 1106 sunt
1023 1074 1097 1106 tres
1112 1076 1153 1115 ἓξ
1168 1076 1317 1116 41-43,
1329 1071 1508 1108 Erfurt.

166 1119 208 1162 E,
234 1119 374 1153 Palat.
405 1123 494 1153 1525
520 1119 564 1161 V,
592 1119 804 1162 Tegei-ns.
830 1119 870 1161 T,
897 1118 1117 1153 Fuldensi
1143 1119 1187 1162 F,
1215 1120 1340 1154 Bern.
1365 1131 1400 1154 n.
1428 1123 1509 1154 254

165 1166 206 1209 B,
228 1165 539 1208 WVerdensiW',
563 1167 688 1209 ‘quem
714 1166 893 1200 delibavit
914 1166 1034 1210 magis
1056 1177 1167 1210 quam
1186 1166 1357 1202 exhausit
1371 1165 1508 1202 Guliel-

165 1213 289 1255 mius’,
320 1213 591 1246 membranis
625 1212 779 1247 Colon.
807 1212 979 1247 Gulielm.
1007 1213 1032 1248 C
1060 1213 1120 1247 vel
1151 1212 1336 1248 Basilio.
1364 1212 1416 1248 Cb
1449 1214 1509 1248 vel

166 1259 329 1303 Hittorp.
357 1259 418 1302 Ch,
448 1260 625 1293 ‘vetusto'
654 1259 872 1293 monasterii
897 1259 1103 1294 Parcens.
1125 1260 1167 1305 113,
1198 1261 1321 1303 ‘quem
1347 1272 1431 1295 cum
1451 1260 1509 1295 ed.

166 1307 383 1340 Manutiana
409 1318 439 1340 a.
463 1310 553 1341 1554
580 1306 738 1340 contulit
764 1306 914 1350 eiusque
940 1306 1103 1351 margini
1128 1306 1328 1351 adscripsit
1346 1306 1507 1342 Levinus

167 1354 410 1387 Torrentius?

262 1400 443 1442 Quoniam
468 1410 609 1442 eorum,
642 1410 736 1443 quae
762 1411 781 1434 e
808 1400 913 1435 codd.
940 1398 998 1443 W,
1024 1399 1068 1443 O,
1094 1399 1127 1444 ΣΕ
1152 1399 1406 1444 proferuntur,
1432 1411 1509 1435 non

168 1447 259 1481 satis
285 1448 388 1481 certa
411 1447 502 1480 fides
529 1448 595 1489 est,
622 1446 654 1480 V
676 1446 797 1490 ‘quasi
817 1446 975 1481 alterum
995 1447 1203 1490 exemplum
1224 1448 1282 1481 est
1299 1447 1379 1482 cod.
1400 1446 1507 1491 Erf.²‚

170 1494 378 1538 ‘permultis
410 1496 535 1528 tamen
566 1493 709 1527 mendis
736 1494 1012 1537 depravatum’,
1045 1493 1071 1527 F
1101 1495 1139 1527 et
1163 1493 1192 1527 B
1218 1493 1258 1528 in
1283 1493 1509 1529 deteriorum

167 1552 320 1575 numero
341 1542 427 1574 sunt
445 1540 619 1583 habendi,
642 1551 760 1585 paene
781 1540 905 1574 omnia
925 1542 1010 1575 sunt
1028 1539 1068 1574 in
1087 1540 1161 1575 Erf.
1182 1542 1221 1575 et
1239 1542 1340 1585 Teg.,
1367 1541 1406 1575 et
1425 1552 1508 1575 cum

168 1588 207 1621 in
237 1588 309 1622 hoc
336 1589 483 1622 tantum
517 1589 682 1621 extrema
706 1598 792 1632 pars
820 1587 998 1622 orationis
1026 1588 1173 1621 servata
1199 1588 1264 1631 sit,
1298 1589 1398 1622 recte
1422 1587 1506 1622 Bai-

168 1637 269 1669 terus
301 1634 340 1667 in
369 1634 554 1678 prioribus
586 1638 630 1668 46
657 1638 696 1677 ἓξ
726 1634 926 1678 plurimum
958 1634 1123 1668 omnium
1154 1635 1218 1668 uni
1248 1634 1381 1669 tribuit
1412 1633 1508 1677 Erf.;

171 1683 282 1725 atque
304 1681 417 1714 etiam
436 1681 475 1714 in
492 1680 759 1725 posterioribus
772 1692 920 1725 paragr.
934 1680 1121 1725 praeferre
1135 1681 1231 1716 solet
1244 1681 1506 1725 Erfurtensem,

170 1738 394 1771 quamquam
429 1727 483 1761 ibi
519 1739 594 1761 non
628 1728 787 1762 multum
824 1728 1038 1772 discrepant
1075 1727 1180 1763 codd.
1207 1727 1236 1761 Ε
1272 1730 1311 1763 et
1341 1727 1381 1763 Τ.
1432 1729 1509 1762 Nos

172 1773 354 1818 singulari
397 1773 523 1807 Halmi
566 1774 745 1809 beneficio
788 1775 891 1809 nacti
933 1786 1057 1809 sumus
1095 1774 1334 1810 collationem
1369 1774 1508 1809 codicis

172 1821 363 1855 cuiusdam
389 1820 798 1855 Hildeshemiensis
833 1821 893 1866 (H)
918 1821 1071 1865 integri,
1104 1821 1206 1855 cuius
1237 1822 1346 1855 tanta
1379 1821 1508 1856 simili-

171 1868 262 1902 tudo
298 1870 355 1902 est
386 1878 469 1901 cum
499 1867 604 1912 Teg.,
644 1869 685 1901 ut
717 1867 979 1902 detrimentum
1014 1867 1177 1902 mutilati
1205 1869 1360 1912 Tegem.
1393 1879 1509 1912 prope

173 1914 309 1949 sarcire
339 1914 519 1949 videatur.
577 1914 674 1948 Nam
706 1925 927 1958 quamquam
957 1913 1074 1948 Halm.
1108 1926 1129 1948 a
1153 1918 1174 1956 ξ
1204 1919 1247 1949 47
1279 1926 1355 1950 non
1385 1915 1511 1949 omnia

172 1964 250 1996 tam
282 1961 482 2006 diligenter
513 1972 623 2005 quam
654 1965 782 2004 antea,
818 1961 857 1995 in
888 1961 1059 1996 extremis
1086 1965 1126 2003 ἓξ
1152 1972 1271 2005 pauca
1303 1961 1510 2006 exscripsit,

173 2014 299 2043 tamen
322 2010 381 2042 tot
404 2009 583 2051 tantaque
609 2019 772 2042 summae
798 2007 1031 2052 cognationis
1058 2007 1279 2042 documenta
1304 2009 1448 2043 notavit
1473 2010 1512 2043 et

173 2055 212 2089 in
238 2055 373 2089 litteris
400 2055 447 2089 ad
472 2066 529 2089 me
556 2054 653 2088 datis
680 2054 1000 2097 commemoravit,
1026 2056 1067 2088 ut
1092 2054 1257 2089 dubitari
1281 2065 1355 2089 non
1378 2055 1509 2100 possit,

178 2103 266 2146 quin
291 2102 320 2135 T
353 2103 390 2136 et
414 2101 448 2135 H
473 2103 549 2135 tam
574 2100 715 2145 gemini
742 2101 846 2136 codd.
874 2101 948 2136 sint
973 2111 1083 2145 quam
1109 2102 1173 2145 qui
1197 2101 1373 2145 maxime,
1408 2103 1512 2137 velut

175 2161 212 2192 p.
239 2154 295 2184 91.
322 2153 342 2183 9
375 2160 426 2192 sq.
460 2150 615 2191 uterque
647 2148 726 2183 cod.
754 2148 868 2182 habet
897 2159 972 2183 own
1000 2149 1130 2188 solum,
1163 2153 1218 2184 93.
1246 2152 1289 2182 26
1321 2150 1510 2192 damiam,

176 2199 232 2231 94.
262 2199 303 2230 15
327 2207 393 2240 per
416 2197 506 2240 ipse,
544 2207 578 2229 v.
604 2199 648 2229 23
673 2196 799 2237 unius,
827 2208 860 2230 v.
886 2199 929 2230 37
951 2205 1003 2238 sq.
1029 2196 1202 2230 dissensio
1224 2206 1293 2239 quo
1318 2196 1428 2239 quod,
1453 2200 1509 2230 95.

177 2246 197 2277 9
232 2244 350 2278 dicam
382 2253 452 2277 om.
479 2244 517 2276 et
550 2246 589 2277 at
619 2252 686 2286 pro
719 2245 838 2286 atque,
870 2253 904 2277 v.
930 2245 974 2276 28
1005 2243 1135 2276 virtute
1159 2244 1351 2286 9ναυίιαῒο,
1383 2246 1440 2278 96.
1467 2246 1510 2277 19

177 2290 333 2333 ᾱίῃηίτα,
359 2301 392 2327 v.
419 2293 463 2324 26
488 2290 674 2334 deliyistis,
699 2300 733 2324 v.
760 2293 803 2323 32
829 2292 862 2324 et
884 2289 957 2332 isti,
984 2292 1039 2324 97.
1065 2293 1086 2323 6
1111 2292 1223 2332 tanto,
1249 2300 1281 2324 v.
1308 2293 1352 2325 37
1378 2292 1409 2324 et
1432 2290 1511 2334 qui-
