1619 2542
478 90 578 126 CAP.
607 94 670 134 65,
698 95 741 125 66
769 95 787 133 g
816 94 1010 126 182—188.
1336 91 1415 132 171

80 186 261 228 maxime
287 201 337 227 ex
370 186 567 227 omuibus
601 186 734 227 servis
762 184 1008 228 Stratonem
1040 187 1163 228 illum
1197 187 1418 240 dilexerat,

77 244 121 285 in
167 244 330 286 honore
379 245 605 298 habuerat,
661 245 894 295 commodis
946 246 1142 287 omnibus
1193 246 1416 287 adfecerat.

78 302 182 344 Cum
220 303 354 358 igitur
393 304 442 344 de
483 303 600 344 furto
634 306 924 357 quaereretur,
963 307 1004 345 et
1036 319 1085 346 eo
1117 304 1252 358 furto,
1291 305 1404 359 quod
1422 315 1485 346 185

77 361 150 402 ille
189 362 279 403 sine
320 362 608 403 controversia
646 363 821 416 fecerat,
865 365 958 403 tum
994 363 1067 404 ille
1105 363 1155 404 de
1196 378 1262 417 eo,
1303 363 1417 417 quod

40 429 57 456 5
78 421 378 474 quaerebatur,
410 421 587 461 verbum
618 421 785 461 nullum
816 421 947 462 fecit?
985 422 1036 463 de
1067 436 1228 464 veneno
1268 422 1416 463 statim

76 479 200 533 dixit,
233 479 282 520 de
313 479 428 520 furto
462 479 498 520 si
528 493 614 520 non
647 494 695 520 eo
729 480 845 533 loco,
879 495 961 534 quo
995 480 1156 534 debuit,
1188 495 1241 522 ne
1273 480 1318 521 in
1350 495 1416 522 ex-

76 542 214 578 trema
258 537 428 591 quidem
473 540 546 578 aut
589 537 729 579 media
773 542 847 579 aut
890 539 1036 593 aliqua
1076 539 1254 594 denique
1293 541 1415 593 parte

77 596 338 650 quaestionis
376 596 551 637 verbum
595 596 698 637 fecit
738 596 907 638 ullum?
975 597 1068 639 Iam
1105 598 1259 639 videtis
1297 598 1415 638 illam
1430 598 1486 640 66

75 655 283 696 nefariam
310 655 541 708 mulierem,
572 655 741 708 iudices,
769 655 916 696 eadem
942 671 1082 710 manu,
1109 671 1205 710 qua,
1231 656 1268 697 si
1294 657 1416 698 detur

23 724 57 748 10
77 716 288 767 potestas,
326 713 563 754 interficere
600 713 737 754 filium
776 714 937 768 cupiat,
975 714 1083 756 hanc
1114 716 1260 756 fictam
1292 729 1416 769 quae·

78 772 261 813 stionem
283 772 598 826 conscripsisse.
644 771 787 826 Atque
808 772 937 813 istam
957 773 1098 827 ipsam
1119 773 1416 828 quaestionem

76 830 202 872 dicite
244 831 315 884 qui
347 831 589 885 obsignarit
619 845 750 872 unum
783 831 970 885 aliquem
1001 832 1270 873 nominatim.
1331 832 1416 874 Ne-

75 890 231 931 minem
263 889 495 944 reperietis,
524 889 608 930 nisi
632 889 744 931 forte
770 890 859 931 eius
887 890 1002 932 modi
1027 891 1257 945 hominem,
1291 905 1415 944 quem

76 962 155 1002 ego
192 947 374 1001 proferri
410 947 558 989 malim
597 963 724 1002 quam
760 949 975 989 neminem
1005 949 1230 990 nominari.
1293 948 1402 997 Quid
1420 960 1486 992 186

23 1016 56 1042 15
77 1007 157 1059 ais,
190 1006 235 1047 T.
267 1005 400 1047 Acci?
431 1009 479 1047 tu
510 1007 746 1060 periculum
778 1007 942 1061 capitis,
973 1010 1022 1048 tu
1053 1008 1256 1049 indicium
1290 1008 1416 1049 scele-

74 1065 146 1118 ris,
171 1067 219 1106 tu
244 1065 441 1106 fortunas
468 1065 644 1106 alterius
671 1065 830 1106 litteris
858 1067 1121 1120 conscriptas
1149 1067 1193 1107 in
1212 1066 1415 1108 iudicium

76 1124 244 1165 adferas
281 1138 417 1177 neque
456 1138 602 1165 earum
643 1127 859 1165 auctorem
898 1125 1143 1166 litterarum
1174 1140 1311 1179 neque
1344 1125 1416 1166 ob-

77 1183 341 1238 signatorem
379 1196 515 1236 neque
555 1184 709 1223 testem
735 1183 869 1224 ullum
900 1183 1173 1233 nominabis?
1212 1188 1254 1225 et
1287 1198 1414 1238 quam

74 1244 122 1282 tu
147 1243 309 1295 pestem
335 1241 684 1282 innocentissimo
710 1241 798 1282 filio
825 1242 875 1283 de
902 1242 1052 1283 matris
1075 1243 1169 1283 sinu
1191 1243 1414 1297 depromp-

23 1310 57 1336 20
77 1300 193 1350 seris,
224 1299 334 1341 hanc
365 1299 411 1340 hi
442 1300 552 1340 talcs
584 1300 667 1340 viri
697 1301 1070 1353 comprobabunt?
1125 1300 1245 1354 Esto,
1277 1301 1322 1341 in
1352 1304 1415 1342 ta-

75 1358 201 1399 bellis
232 1357 341 1398 nihil
372 1360 437 1399 est
469 1359 759 1412 auctoritatis3
792 1358 921 1412 quid?
954 1360 1048 1413 ipsa
1081 1360 1275 1413 quaestio
1308 1359 1413 1400 iudi-

76 1416 216 1470 cibus,
265 1415 395 1470 quid?
446 1417 593 1458 amicis
642 1417 970 1470 hospitibusque
1015 1417 1257 1471 Oppianici,
1308 1431 1414 1471 quos

78 1474 331 1516 adhibuerat
362 1476 500 1527 antea,
533 1474 661 1528 quid?
693 1475 791 1516 huic
822 1475 997 1516 tandem
1022 1475 1105 1528 ipsi
1130 1476 1315 1528 tempori
1341 1490 1415 1516 cur

76 1548 163 1574 non
202 1534 372 1574 servata
409 1533 502 1574 cst?
571 1531 680 1580 Quid
717 1533 814 1574 istis
854 1533 1100 1574 hominibus
1137 1533 1299 1575 factum
1338 1536 1414 1588 est,

27 1591 278 1632 &Stratone
317 1593 358 1631 et
395 1589 670 1632 Nicostrato?
727 1590 893 1639 Quaero
938 1592 1014 1632 abs
1058 1594 1118 1644 te,
1157 1591 1403 1646 Oppianice,
1419 1602 1484 1634 187

77 1664 199 1692 servo
231 1651 305 1690 tuo
331 1647 581 1690 Nicostrato
609 1648 710 1703 quid
735 1650 896 1690 factum
924 1664 1013 1690 esse
1041 1650 1167 1704 dicas,
1200 1665 1323 1705 quem
1356 1654 1415 1704 tu,

78 1724 173 1750 cum
210 1708 323 1748 hunc
364 1707 482 1748 brevi
523 1709 716 1760 tempore
757 1710 1031 1749 accusaturus
1064 1723 1195 1762 esses,
1232 1708 1414 1750 Romam

78 1767 292 1820 deducere,
319 1765 418 1806 dare
439 1768 698 1820 potestatem
719 1766 945 1818 indicandi,
961 1765 1219 1808 incolumem
1236 1766 1417 1822 denique

79 1838 247 1866 servare
279 1824 532 1878 quaestioni,
565 1838 734 1865 servare
765 1824 833 1864 his
863 1824 1084 1879 iudicibus,
1115 1839 1285 1866 servare
1317 1826 1415 1867 huic

24 1894 60 1921 80
79 1883 264 1938 tempori
295 1883 493 1923 debuisti.
535 1881 648 1924 Nam
681 1881 924 1923 Stratonem
956 1883 1138 1937 quidem,
1169 1884 1340 1937 iudices,
1371 1884 1415 1924 in

79 1956 244 1984 crucem
277 1955 367 1982 esse
400 1945 542 1983 actum
574 1944 743 1982 exsecta
775 1941 924 1982 scitote
950 1942 1111 1996 lingua,
1146 1942 1258 1996 quod
1288 1956 1415 1983 nemo

78 1999 346 2041 Larinatium
379 2002 444 2040 est
475 2000 546 2054 qui
576 1999 752 2040 nesciat.
790 1998 950 2040 Timuit
974 2000 1126 2040 mulier
1157 2015 1303 2041 amens
1328 2014 1416 2041 non

80 2073 200 2100 suam
226 2058 543 2111 conscientiam,
568 2072 655 2099 non
681 2057 824 2098 odium
850 2058 1123 2112 municipum,
1147 2072 1234 2099 non
1254 2058 1415 2098 famam

81 2117 288 2168 omnium,
332 2116 422 2170 sed,
467 2117 589 2170 quasi
631 2130 718 2156 non
758 2130 904 2157 omnes
942 2115 1031 2156 eius
1071 2116 1242 2158 sceleris
1281 2118 1414 2156 testes

27 2185 62 2211 35
82 2177 225 2215 essent
263 2174 414 2228 futuri,
452 2175 513 2215 sic
549 2174 720 2227 metuit,
756 2188 809 2214 ne
841 2174 1194 2216 condemnaretur
1225 2177 1416 2215 extrema

83 2231 242 2274 servuli
274 2246 376 2273 voce
408 2232 641 2274 morientis.

170 2289 290 2339 Quod
315 2289 396 2332 1100
421 2293 679 2345 portentum,
713 2289 754 2331 di
779 2290 1061 2332 immortales!
1096 2290 1208 2346 quod
1233 2291 1403 2331 tantum
1419 2299 1484 2331 188
1536 2293 1539 2294 ⁷
