1619 2542
162 116 266 150 XXII
575 115 859 151 ADNOTATIO
886 114 1085 150 CRITICA.

160 223 195 256 p.
223 215 285 255 47,
324 211 492 257 [postea]
522 222 601 246 cum
632 210 678 245 de
709 210 804 245 Bait.
838 209 931 244 coni.
959 209 1081 254 Kays„
1114 209 1247 244 Eberh.
1284 208 1415 244 Postea
1444 209 1502 243 est

157 262 350 304 postquam
387 269 488 293 omne
523 261 660 301 tempus
695 259 743 292 ad
774 259 1075 301 comparationem
1109 258 1195 292 novi
1225 256 1307 291 belli
1339 257 1500 291 contulit.

162 305 201 339 P.
225 309 301 340 126.
318 308 338 339 5
356 316 408 348 sq.
425 304 530 339 codd.
548 304 694 339 STFM
713 308 795 339 ante
813 316 930 349 quam,
954 308 1030 338 169.
1052 307 1096 338 28
1116 314 1242 338 omnes
1256 307 1501 347 posteaquam,

164 356 241 387 173.
272 356 313 386 19
340 363 467 387 omnes
492 353 640 396 praeter
666 351 729 385 ST
749 356 876 395 postea
901 371 944 376 ——
971 363 1067 394 cum,
1100 350 1147 384 ad
1172 350 1275 384 Verr.
1301 362 1336 394 p.
1363 353 1442 384 423.
1470 353 1502 392 9,

161 399 245 434 infr.
273 403 353 433 431.
383 403 435 433 15.
463 419 507 424 —
533 398 572 433 P.
601 403 654 433 77.
685 403 726 432 16
758 399 933 441 potuisset
959 397 1062 432 codd.
1091 399 1206 440 recte,
1239 397 1357 440 vulg,
1384 400 1504 441 posset

162 445 354 489 Fleckeis.,
381 445 514 489 Halm„
537 447 659 490 potuit
677 445 810 479 Eberh.
837 444 891 478 De
917 443 1151 478 coniunctivo
1177 444 1224 478 ad
1242 444 1345 478 Verr.
1366 455 1399 488 p.
1422 447 1502 478 256.

164 498 219 537 16,
247 493 331 528 add.
358 493 441 527 infr.
461 505 496 538 p.
521 496 596 527 155.
619 497 674 535 26,
702 492 778 525 Att.
800 491 884 525 XVI
912 496 953 526 16
980 491 1009 525 B
1036 496 1067 534 9,
1095 491 1140 525 de
1167 502 1216 526 or.
1237 491 1253 524 Ι
1279 495 1333 526 38.
1356 494 1423 525 175
1442 502 1502 534 m,

162 541 269 585 frgm.
299 551 354 585 ep.
381 539 410 574 E
436 540 452 573 Ι
477 552 511 584 p.
541 544 619 574 292.
646 544 683 580 83
718 539 763 572 de
795 540 962 583 tempore
995 537 1043 572 ad
1069 537 1102 572 S.
1129 537 1236 573 Rosc.
1261 550 1297 583 p.
1323 541 1378 572 54.
1400 541 1432 572 9.
1459 557 1503 562 -

162 588 216 621 Ib.
237 592 270 623 et
294 599 329 622 se
355 598 425 621 om.
446 586 489 620 Η.
512 608 554 612 -
577 587 628 620 Ib.
651 587 855 628 bosforanis
879 585 914 619 H
939 586 981 619 ub
1005 585 1047 627 E,
1072 585 1224 630 Bospor.
1253 584 1334 619 edd.
1355 585 1504 629 praeter

163 634 302 675 Klotz.;
329 634 411 669 infr.
438 646 473 678 p.
501 637 580 668 314.
607 637 662 667 29.
682 653 729 658 —
748 632 787 666 P.
816 637 870 667 77.
899 637 940 666 17
967 633 1144 676 finitumis
1169 631 1213 675 Η,
1240 633 1383 675 finitivi.
1402 631 1501 675 vulg.

164 703 207 707 -—
234 681 273 716 P.
301 686 356 716 77.
378 686 419 715 21
454 682 615 725 marique
648 684 745 715 terra
776 678 821 713 H.
849 700 892 704 —-
920 679 956 713 P.
987 684 1041 714 77.
1068 683 1111 713 22
1144 680 1247 714 destr.
1282 678 1316 712 H
1348 679 1390 712 ut
1419 677 1502 712 EV.

165 750 207 754 —
235 728 275 763 P.
303 733 356 763 77.
385 732 429 762 24
455 729 693 769 firmamenta
718 725 762 760 Η.
788 747 835 751 -
860 726 898 760 P.
928 731 981 761 77.
1009 730 1053 760 25
1079 727 1146 770 gyri.
1163 727 1308 770 pompei
1331 725 1381 768 H,
1409 726 1504 759 cete-

164 776 214 810 ris
242 776 344 818 locis,
371 777 412 808 ui:
438 774 468 807 T
496 774 670 818 ‘semper’
701 775 749 818 (p.
776 777 855 808 532.
877 778 896 807 9
924 775 962 807 et
989 777 1031 807 18
1059 772 1146 817 O1·.),
1172 784 1248 818 9n.;
1276 773 1323 807 ad
1342 772 1443 806 Verr.
1468 784 1502 816 p.

165 827 242 857 181.
271 827 327 857 25.
354 843 399 847 —
425 821 462 855 Ρ.
493 826 546 856 77.
574 826 618 855 33
645 832 688 855 ac
713 822 798 863 ficta
823 819 857 853 H
883 831 1038 864 quoque.
1060 840 1102 845 —
1124 820 1175 854 lb.
1203 832 1220 855 e
1244 821 1356 854 uestri
1380 819 1430 861 H;
1457 819 1505 853 ad

163 882 196 914 p.
222 873 298 904 123.
321 873 375 904 33.
398 889 441 894 —-
462 868 500 902 P.
525 872 578 903 77.
601 873 644 902 37
664 868 797 902 nostris
817 867 895 901 cod.
917 867 957 910 E,
984 867 1096 911 vulg„
1116 868 1241 902 ‘cestris
1259 866 1344 910 HV,
1371 865 1504 909 Halm,

165 928 234 951 om.
253 916 333 950 rell.
354 915 459 949 codd.
481 936 524 940 -
545 914 583 949 P.
607 918 662 949 78.
686 919 702 948 1
730 915 862 949 civium
887 914 988 950 Rom.
1010 915 1156 949 milibus
1181 913 1215 948 H
1241 915 1279 948 eb
1298 913 1377 948 rell.
1398 913 1503 948 codd.

164 965 314 1008 praeter
339 962 421 1005 EV,
448 961 568 996 Halm.
594 982 641 987 ——-
666 961 718 996 Ib.
739 965 777 996 et
801 972 874 996 uno
900 961 950 1003 H;
979 961 1026 995 ad
1050 974 1084 1006 p.
1113 965 1168 996 85.
1189 965 1244 996 36.
1272 982 1314 986 —
1341 960 1380 995 Ρ.
1407 964 1462 995 78.
1483 965 1505 995 4

164 1013 308 1046 extinct.
337 1009 442 1044 codd.
470 1008 594 1051 EVH,
622 1013 705 1043 exst.
732 1008 813 1042 edd.
835 1007 943 1042 Talia
967 1008 1059 1043 alibi
1083 1019 1157 1042 non
1183 1018 1439 1042 commemoro.
1461 1028 1504 1032 -

165 1058 203 1092 P.
238 1061 291 1092 78.
325 1061 346 1092 8
385 1067 438 1099 sq.
471 1058 535 1090 cic.
563 1056 665 1090 Rom.
698 1057 868 1090 inminut.
897 1057 934 1089 et
970 1057 1081 1090 vitam
1112 1059 1267 1100 ereptam
1292 1054 1327 1088 H
1357 1056 1395 1089 et
1424 1054 1504 1089 rell.

165 1106 330 1147 (immin.)
356 1104 504 1147 praeter
530 1102 611 1145 EV,
638 1102 771 1145 Halm,
798 1104 976 1138 imminut.
999 1105 1062 1137 civ.
1084 1102 1130 1136 R.
1152 1104 1189 1136 ek
1213 1106 1319 1147 erept.
1338 1103 1399 1137 vit.
1421 1101 1504 1144 EV,

164 1151 263 1196 vulg.
292 1171 334 1176 —
362 1150 400 1184 P.
428 1153 482 1184 78.
511 1154 530 1184 9
562 1151 712 1194 neyley.
738 1149 773 1182 H
799 1151 939 1194 (neqlz'y.
967 1149 1062 1192 EV),
1091 1149 1204 1183 etiam
1231 1154 1286 1192 91,
1314 1153 1356 1183 21
1385 1148 1444 1190 (de
1469 1161 1503 1193 p.

164 1203 220 1233 80.
249 1203 266 1232 1
295 1196 388 1231 nihil
413 1198 522 1241 nob),
550 1198 701 1241 intelleq.
728 1208 762 1240 p.
792 1200 845 1231 78.
874 1200 928 1239 28,
956 1201 1010 1231 81.
1038 1201 1058 1231 9
1085 1198 1122 1230 ei:
1147 1201 1203 1239 31,
1230 1200 1284 1231 88.
1312 1200 1366 1240 30,
1393 1195 1423 1229 Τ
1449 1199 1502 1230 99.

170 1250 228 1287 14;
262 1244 301 1278 in
327 1243 468 1278 Cluent.
498 1245 535 1277 et
568 1243 651 1277 aliis
685 1244 794 1277 oratt.
823 1253 932 1288 saepe
959 1243 1053 1278 Bait.
1081 1245 1119 1277 et,
1142 1243 1264 1277 Halm.
1291 1244 1363 1278 tao.
1388 1253 1456 1287 per
1479 1244 1503 1277 i.

164 1293 207 1326 In
220 1291 328 1326 Catil.
344 1290 422 1325 cod.
438 1302 460 1325 a
473 1291 688 1335 plerumque
703 1291 866 1334 intelley„
888 1290 935 1324 ad
949 1303 983 1335 p.
999 1295 1076 1326 376.
1090 1294 1146 1333 21,
1167 1301 1233 1335 pro
1248 1290 1410 1325 Flacc.V
1423 1301 1504 1335 neq-

164 1341 241 1386 Ie9.,
260 1339 347 1384 post
365 1337 472 1372 redit.
489 1337 516 1371 P
537 1338 751 1372 constanter
770 1338 921 1381 intelley.
943 1338 980 1371 et
998 1339 1147 1382 neyleq.;
1166 1348 1201 1381 p.
1217 1337 1360 1379 Quinct.
1373 1349 1406 1382 p.
1424 1342 1454 1372 6.
1471 1342 1502 1371 6.

165 1407 209 1412 —-
230 1386 268 1420 P.
291 1390 346 1420 78.
370 1389 414 1419 14
438 1387 479 1419 ui
503 1386 598 1429 quod
623 1383 667 1417 H.
691 1405 732 1409 -
755 1383 793 1418 P.
816 1387 869 1418 78.
894 1388 935 1418 16
961 1385 1132 1428 escpulsus
1157 1388 1206 1419 est
1231 1383 1335 1418 codd.
1357 1386 1504 1428 praeter

165 1433 244 1475 EV,
277 1431 398 1466 Halm.
428 1453 469 1457 —
497 1431 536 1467 P.
565 1435 617 1466 78.
645 1436 688 1466 23
714 1432 755 1465 id
779 1441 814 1465 se
839 1430 881 1464 H.
910 1452 954 1456 —
981 1431 1018 1465 P.
1048 1435 1101 1466 78.
1128 1435 1172 1465 27
1198 1432 1361 1465 ritimum
1386 1430 1430 1465 H.
1458 1452 1501 1456 —

166 1481 204 1515 P.
233 1484 287 1515 78.
315 1483 358 1513 29
384 1490 453 1523 quo
479 1480 576 1523 loqui
603 1478 708 1513 libere
732 1477 776 1512 H.
805 1499 847 1502 ——
875 1477 913 1511 P.
942 1481 995 1512 78.
1023 1482 1068 1513 35
1092 1479 1213 1512 urbe*
1239 1477 1282 1512 H.
1311 1498 1354 1503 -—
1381 1477 1419 1512 P.
1448 1483 1502 1513 79.

168 1533 183 1561 1
213 1528 251 1562 hi
276 1526 320 1561 H.
350 1547 390 1550 —
418 1526 457 1560 P.
486 1530 540 1560 79.
566 1529 586 1560 5
613 1526 713 1560 etolis
737 1524 781 1558 H.
810 1545 852 1549 —
880 1524 918 1560 P.
947 1529 1000 1560 79.
1029 1529 1048 1559 6
1071 1528 1302 1568 prouocatus
1326 1524 1371 1558 H.
1394 1545 1437 1550 -—
1463 1525 1502 1559 P.

167 1579 221 1610 79.
245 1578 263 1608 7
290 1574 418 1617 imperi
444 1572 487 1606 H.
511 1593 551 1597 -
573 1572 612 1607 P.
635 1576 688 1606 79.
712 1576 754 1606 10
779 1572 836 1606 his
854 1570 899 1604 H.
921 1591 963 1596 —
984 1571 1023 1605 P.
1046 1576 1099 1606 79.
1122 1575 1163 1605 11
1190 1582 1237 1607 uo
1261 1582 1328 1616 pro
1354 1583 1439 1607 uero
1458 1571 1501 1606 H.

166 1641 210 1647 —
237 1620 274 1654 P.
305 1624 358 1654 79.
389 1623 430 1653 12
455 1619 556 1663 prius
582 1624 615 1653 et
640 1630 709 1653 om.
736 1618 787 1660 H,
815 1618 861 1652 ad
888 1630 922 1662 p.
950 1622 1003 1653 55.
1031 1622 1063 1653 2.
1092 1640 1132 1644 —
1160 1618 1197 1652 Ρ.
1227 1623 1280 1653 79.
1304 1623 1346 1653 13
1373 1630 1425 1662 sq.
1446 1630 1503 1653 ex-

160 1671 371 1713 portentur
397 1666 502 1700 codd.
530 1665 654 1708 EVH,
682 1665 818 1707 Klotz,
846 1665 963 1708 Hem,
991 1670 1227 1710 exportantur
1252 1666 1368 1710 vulg.;
1395 1664 1443 1699 ad
1466 1677 1502 1710 p.

166 1719 221 1749 39.
245 1717 298 1756 15,
328 1717 403 1747 174.
427 1717 457 1748 7.
480 1733 522 1738 -
543 1712 580 1746 P.
604 1717 658 1747 79.
682 1717 722 1747 15
751 1713 804 1747 acl
829 1713 910 1747 belli
935 1713 968 1746 H
994 1714 1036 1746 ut
1060 1713 1124 1754 W3
1150 1724 1184 1757 p.
1207 1716 1282 1747 149.
1307 1716 1350 1746 14
1370 1713 1419 1747 ad
1436 1723 1503 1757 pro

166 1765 198 1796 ct
217 1771 343 1795 omnes
356 1761 505 1804 praeter
519 1759 558 1801 P,
579 1763 658 1793 482.
674 1764 716 1793 22
738 1763 769 1794 et
787 1770 854 1803 pro
876 1760 924 1794 ad
938 1758 1123 1793 P2GMW
1137 1759 1299 1803 (autP¹)‚
1320 1762 1375 1793 51.
1391 1763 1412 1793 4
1426 1761 1504 1794 etsi

168 1812 200 1843 et
225 1809 320 1842 hanc
345 1807 385 1840 T.
414 1806 510 1840 Cael.
538 1810 593 1840 20.
616 1810 659 1840 50
687 1817 740 1840 eX.
762 1806 906 1840 scrbnd.
927 1807 1088 1841 adhunc
1106 1806 1366 1848 defendendum
1383 1807 1502 1849 facul-

166 1859 273 1890 tatem
299 1854 401 1888 dabit
428 1853 505 1887 scil.
531 1854 644 1894 nobis,
672 1852 776 1887 codd.
797 1857 829 1887 et
853 1854 937 1888 huic
961 1853 1220 1896 defendendum
1247 1853 1342 1897 (ai),
1369 1852 1451 1889 edd.
1471 1855 1504 1889 ei

167 1903 226 1937 sui
252 1901 477 1944 defendendi,
503 1901 609 1934 etiam
627 1901 712 1934 huic
732 1901 780 1934 ad
798 1900 949 1942 defend„
974 1901 1079 1934 etiam
1098 1900 1183 1933 huic
1202 1900 1416 1942 defendendi
1432 1902 1502 1935 sui.

169 1969 212 1974 —
229 1948 268 1982 P.
285 1951 338 1983 79.
357 1952 399 1982 16
419 1958 492 1982 uon
511 1957 567 1982 mo
582 1958 602 1980 a
617 1946 666 1989 Η;
687 1951 792 1990 p.27.
810 1951 852 1981 16
866 1957 978 1981 nemo
993 1945 1053 1980 V1.
1069 1967 1112 1971 —
1127 1945 1164 1980 P.
1183 1950 1237 1981 79.
1255 1950 1295 1980 17
1311 1948 1447 1990 calam„
1469 1959 1501 1982 v.

171 1999 213 2030 19
239 1997 281 2029 in
307 2005 376 2028 om.
404 1993 448 2028 H.
470 2014 513 2019 -—
535 1993 572 2028 P.
601 1997 653 2027 79.
675 1997 720 2027 20
746 1994 919 2028 adventus
942 2004 1009 2037 pro
1033 1996 1144 2027 metus
1169 1993 1230 2027 H1.
1255 2014 1296 2018 —
1316 1993 1355 2028 P.
1383 1998 1437 2028 79.
1457 1998 1501 2028 22

168 2044 217 2077 sit
243 2041 277 2075 Η
286 2056 294 2084 ;
320 2041 368 2076 ad
392 2053 427 2085 p.
450 2045 503 2075 73.
525 2045 557 2075 3.
580 2061 620 2065 —
643 2040 695 2074 lb.
713 2042 889 2084 pecuaria
912 2041 1130 2084 relinquitur
1148 2039 1278 2084 Pluyg.
1298 2039 1431 2075 Mnem.
1453 2041 1503 2075 IX

168 2101 203 2134 p.
225 2093 294 2123 324
319 2100 386 2132 sq.,
419 2087 547 2132 Kays„
580 2086 731 2129 Eberh„
752 2098 871 2132 pecua
895 2086 1009 2130 (Serv.
1029 2086 1138 2132 Verg.
1168 2085 1207 2121 G.
1235 2086 1287 2120 111
1311 2089 1370 2131 64)
1394 2089 1502 2122 relin-

170 2140 333 2179 quuntur
358 2134 473 2177 Bait„
501 2133 635 2176 Halm,
661 2133 781 2176 Hein.,
809 2133 945 2176 Klotz„
967 2144 1099 2178 pecora
1123 2135 1371 2178 relinquentur
1395 2134 1501 2169 codd.

170 2182 302 2226 EVH,
324 2194 400 2227 pec.
426 2182 684 2225 relinquuntur
708 2179 786 2215 rell.
814 2201 856 2206 —
883 2179 921 2214 P.
950 2185 1003 2215 79.
1030 2184 1075 2215 24
1098 2182 1226 2224 scripti
1249 2182 1433 2225 scriptura
1457 2180 1502 2215 Η.

172 2250 215 2254 —-
243 2229 279 2264 P.
310 2234 363 2264 79.
390 2232 434 2264 27
466 2230 580 2273 iyitur
605 2227 684 2262 cod.
711 2226 774 2271 Ch,
801 2227 915 2270 Bait„
942 2225 1070 2270 Kays.‚
1095 2226 1234 2270 Klotz„
1259 2226 1406 2271 Eberh.,
1432 2239 1501 2262 om.

171 2277 257 2310 cett.
286 2276 410 2319 codd,
439 2274 577 2317 Halm,
604 2274 709 2308 Hein.
731 2294 774 2299 —-
794 2274 832 2308 Ρ.
856 2278 909 2309 79.
930 2277 974 2308 29
993 2285 1103 2319 neque
1126 2275 1218 2319 eoeiy.
1239 2273 1307 2316 H¹;
1333 2286 1367 2319 p.
1389 2279 1466 2309 371.
1482 2278 1502 2309 9

169 2333 244 2366 nec,
265 2327 344 2358 404.
369 2327 410 2358 13
424 2333 534 2368 neque
553 2321 612 2365 W,
633 2324 711 2356 319.
729 2325 770 2355 17
791 2325 895 2365 atque
908 2321 976 2364 inf.
992 2320 1020 2354 E
1035 2329 1064 2364 ψ
1079 2320 1144 2365 Lg.
1159 2324 1221 2364 203
1243 2320 1291 2355 ad
1303 2332 1337 2365 p.
1353 2325 1432 2357 465.
1447 2325 1502 2356 21.
