1687 2533
190 208 211 239 9

238 100 321 142 378
555 100 649 135 PRO
676 99 859 135 ARCHIA
885 98 1043 133 POETA
1070 98 1259 135 ORATIO.

238 196 307 239 An
346 197 608 238 domicilium
639 196 800 237 Romae
837 210 925 236 non
962 195 1117 236 habuit
1153 195 1206 249 is,
1247 194 1318 249 qui
1355 197 1423 236 tot
1457 196 1578 237 annis

237 259 331 298 ante
362 256 581 297 civitatem
615 255 758 296 datam
794 254 936 295 sedem
970 254 1162 295 omnium
1194 267 1336 294 rerum
1369 268 1417 295 ac
1448 253 1579 295 fortu-

237 330 390 356 narum
430 329 604 356 suarum
644 313 806 354 Romae
844 312 1101 354 collocavit?
1163 311 1234 353 An
1270 326 1358 353 non
1390 315 1455 353 est
1485 327 1579 367 pro-

238 373 407 415 fessus?
468 372 606 414 Immo
639 386 739 413 vero
772 372 824 412 iis
857 371 1017 412 tabulis
1048 370 1286 426 professus,
1325 385 1430 426 quae
1464 372 1578 413 solae

239 447 288 473 ex
337 432 414 473 illa
464 431 728 485 professione
781 430 1047 485 collegioque
1089 432 1337 484 praetorum
1383 430 1580 484 optinent
1616 440 1632 466 5

186 490 213 532 5
239 491 509 546 publicarum
540 490 785 531 tabularum
819 489 1133 530 auctoritatem.
1185 487 1311 541 Nam,
1343 502 1438 530 cum
1464 488 1581 543 Appi

170 971 212 1002 10

172 1674 213 1705 11

241 550 415 591 tabulae
465 548 765 604 neglegentius
816 548 1064 589 adservatae
1109 547 1364 601 dicerentur,
1413 546 1581 601 Gabini,

240 608 444 664 quamdiu
487 608 714 649 incolumis
758 606 859 659 fuit,
902 607 1074 660 levitas,
1118 608 1217 660 post
1261 606 1579 647 damnationem

240 667 463 708 calamitas
486 681 655 708 omnem
670 665 916 707 tabularum
931 665 1056 705 fidem
1072 664 1346 720 resignasset,
1366 663 1580 718 Metellus,

239 725 368 767 homo
409 725 706 766 sanctissimus
746 723 1175 777 modestissimusque
1213 723 1420 778 omnium,
1457 726 1581 764 tanta
1601 734 1635 759 10

242 784 466 840 diligentia
507 783 607 837 fuit,
650 787 699 824 ut
736 783 788 824 ad
825 782 870 824 L.
902 782 1132 824 Lentulum
1169 785 1410 836 praetorem
1447 784 1490 823 et
1528 782 1581 823 ad

240 843 400 884 iudices
433 844 597 884 venerit
630 845 672 883 et
704 842 828 883 unius
860 841 1046 883 nominis
1079 841 1210 882 litura
1242 855 1286 882 se
1319 843 1579 882 commotum

241 916 333 943 esse
366 902 531 943 dixerit.
587 900 668 941 His
700 901 835 956 igitur
866 902 910 942 in
941 899 1103 941 tabulis
1134 900 1298 941 nullam
1330 900 1505 941 lituram
1535 900 1581 940 in

240 961 412 1002 nomine
450 960 501 1001 A.
538 959 676 1001 Licini
720 959 885 1001 videtis.
953 957 1068 1007 Quae
1108 972 1203 999 cum
1239 959 1302 1000 ita
1341 958 1442 1012 sint,
1480 958 1580 1013 quid

239 1022 322 1071 est,
360 1019 473 1074 quod
510 1019 560 1059 de
600 1018 689 1059 eius
728 1018 902 1059 civitate
939 1017 1160 1070 dubitetis,
1197 1017 1451 1071 praesertim
1483 1032 1579 1059 cum
1601 1027 1632 1052 15

240 1078 336 1119 aliis
369 1092 538 1132 quoque
570 1078 613 1117 in
647 1077 893 1118 civitatibus
926 1076 1055 1116 fuerit
1082 1075 1352 1130 adscriptus?
1394 1076 1581 1128 Etenim,

240 1152 335 1178 cum
375 1136 659 1177 mediocribus
698 1135 846 1176 multis
886 1138 928 1176 et
960 1137 1034 1175 aut
1065 1134 1182 1175 nulla
1215 1137 1289 1175 aut
1320 1134 1472 1175 humili
1504 1135 1580 1175 ali·

241 1210 324 1249 qua
362 1198 452 1235 arte
492 1194 697 1249 praeditis
738 1193 928 1249 gratuito
968 1193 1184 1234 civitatem
1223 1196 1266 1233 111
1298 1192 1476 1234 Graecia
1507 1193 1580 1234 ho-

241 1254 375 1294 miues
407 1253 716 1307 inpertiebant,
751 1252 941 1306 Reginos
974 1251 1097 1293 credo
1131 1253 1204 1292 aut
1234 1250 1466 1292 Locrenses
1506 1254 1579 1292 aut

239 1311 551 1366 Neapolitanos
579 1314 653 1352 aut
678 1311 945 1364 Tarentinos,
978 1310 1089 1364 quod
1116 1310 1318 1351 scaenicis
1346 1310 1579 1351 artificibus
1600 1320 1634 1344 20

241 1371 392 1426 largiri
419 1371 630 1422 solebant,
655 1369 697 1410 id
724 1369 821 1410 111110
848 1384 1013 1410 summa
1039 1369 1200 1424 ingenii
1225 1368 1419 1423 praedito
1441 1368 1581 1424 gloria

239 1430 448 1471 noluisse!
518 1428 657 1477 Quid?
702 1429 834 1481 [cum]
881 1427 1011 1469 ceteri
1052 1442 1137 1468 non
1181 1427 1307 1468 modo
1345 1429 1445 1481 post
1482 1427 1580 1468 civi-

240 1492 375 1529 tatem
415 1488 579 1541 datam,
627 1487 700 1528 sed
739 1487 869 1528 etiam
907 1489 1006 1541 post
1043 1487 1180 1540 legem
1219 1485 1397 1539 Papiam
1436 1485 1579 1540 aliquo

241 1547 366 1588 modo
392 1547 436 1587 in
462 1561 608 1588 eorum
635 1546 964 1600 municipiorum
989 1545 1160 1586 tabulas
1180 1544 1472 1598 inrepserunt,
1498 1544 1579 1589 hic,

243 1606 315 1660 qui
340 1620 393 1646 ne
419 1606 555 1646 utitur
582 1604 750 1659 quidem
776 1605 874 1658 illis,
900 1605 945 1645 in
970 1603 1123 1658 quibus
1150 1606 1216 1644 est
1244 1603 1441 1657 scriptus,
1468 1604 1576 1657 quod
1599 1612 1633 1638 ‘25

244 1678 411 1717 semper
439 1678 482 1704 se
508 1662 828 1704 Heracliensem
856 1677 947 1703 esse
973 1662 1121 1715 voluit,
1147 1661 1372 1703 reicietur?
1417 1660 1579 1702 Census

241 1726 412 1763 nostros
439 1722 633 1776 requiris.
677 1720 865 1774 Scilicet3
892 1723 956 1762 est
982 1720 1094 1761 enim
1121 1720 1347 1761 obscurum
1373 1719 1578 1774 proximis

243 1781 489 1822 censoribus
516 1781 627 1822 hunc
650 1795 746 1822 cum
767 1779 1006 1821 clarissimo
1026 1779 1298 1833 imperatore,
1323 1777 1368 1819 L.
1389 1777 1579 1831 Lucullo,

243 1839 355 1892 apud
387 1839 617 1879 exercitum
648 1839 794 1893 fuisse,
827 1838 1116 1893 superioribus
1149 1851 1243 1878 cum
1276 1836 1423 1878 eodem
1456 1851 1579 1890 quae-

244 1901 358 1938 store
390 1897 521 1937 fuisse
552 1897 597 1937 in
628 1897 752 1951 Asia,
789 1897 957 1951 primis,
994 1895 1105 1937 Iulio
1138 1898 1180 1936 et
1212 1894 1384 1948 Crasso,
1414 1895 1579 1936 nullam
1598 1906 1632 1930 30

243 1955 393 2010 populi
423 1958 591 2009 partem
618 1970 709 1996 0330
737 1970 919 1997 censam.
963 1953 1056 2008 Sed,
1090 1953 1289 2008 quoniam
1317 1967 1466 1994 census
1493 1968 1579 1994 11011

243 2015 309 2055 1113
351 2013 538 2055 civitatis
577 2014 803 2055 confirmat
841 2029 889 2055 ac
920 2016 1089 2054 tantum
1121 2012 1247 2053 modo
1278 2012 1439 2053 indicat
1471 2027 1579 2065 eum,

245 2073 315 2127 qui
349 2073 406 2114 sit
437 2086 606 2125 00113113,
638 2073 700 2112 ita
733 2087 776 2112 se
808 2072 894 2113 iam
925 2075 1016 2112 tum
1049 2071 1252 2126 gessisse,
1283 2085 1360 2125 pro
1394 2071 1494 2123 cive,
1526 2070 1578 2111 iis

243 2131 529 2185 temporibus,
562 2144 687 2183 quem
719 2133 766 2171 tu
799 2130 1036 2171 criminaris
1068 2143 1121 2170 110
1151 2129 1286 2183 ipsius
1319 2128 1487 2183 quidem
1519 2129 1579 2170 111-

245 2190 353 2231 dicio
397 2191 442 2230 111
479 2188 633 2229 civium
671 2187 961 2230 Romanorum
1003 2188 1093 2228 iure
1132 2201 1223 2228 esse
1260 2190 1494 2241 versatum,
1537 2189 1578 2227 et
1598 2197 1630 2222 35

243 2250 550 2289 testamentum
582 2260 707 2301 saepe
740 2247 840 2287 fecit
871 2247 1032 2288 nostris
1065 2246 1232 2300 legibus
1260 2249 1302 2286 et
1327 2245 1433 2286 adiit
1458 2245 1578 2286 here-

244 2307 399 2348 ditates
428 2306 581 2348 civium
603 2305 895 2346 Romanorum
926 2307 968 2346 et
993 2305 1038 2345 in
1056 2303 1271 2345 beneficiis
1293 2303 1345 2345 ad
1365 2304 1578 2344 aerarium
