1619 2542
490 78 775 116 ADNOTATIO
803 79 1003 115 CRITICA.
1290 79 1423 115 XLVII

78 174 188 217 Bait„
214 174 340 219 Kays.)
361 173 465 209 codd.
488 174 549 218 (ad
574 186 609 218 p.
633 177 710 209 188.
732 175 778 219 9),
793 175 926 218 priora
945 175 1011 209 illa
1031 173 1075 208 H.
1098 173 1276 208 Schwarz.
1297 185 1420 219 progr.

77 221 315 266 Hirschberg.
344 225 434 256 1883
460 233 495 265 p.
521 225 544 255 4
565 232 617 264 sq.
645 242 688 246 *—
714 221 753 256 Ρ.
781 224 859 256 198.
880 224 925 255 25
950 222 1179 266 [centuriata
1203 225 1235 255 et
1259 222 1422 266 tributa]

77 267 188 313 Kaye.
205 289 247 293 —
263 268 302 302 P.
319 271 395 303 198.
411 272 454 302 29
469 269 592 302 sinitis
605 267 724 311 codd„
739 269 862 303 tenetis
875 267 1016 308 Lamb.‚
1031 267 1152 303 Klotz.
1168 289 1211 293 —
1226 268 1265 302 P.
1283 272 1360 302 198.
1376 272 1420 303 35

78 316 158 351 hab.
183 319 391 360 potestatem
416 314 522 349 codd.
551 314 773 359 SMssng.,
808 314 968 359 Zumpt,
1000 314 1110 360 Kays.
1141 336 1182 340 —
1208 314 1247 350 P.
1277 319 1353 350 198.
1375 319 1420 351 36

80 363 187 407 leyem
219 363 262 397 de
285 362 340 397 his
365 361 472 396 codd.
499 360 601 405 ELg.
619 366 635 395 1
671 373 778 405 corn,
812 362 925 403 Bait.;
960 363 1052 405 ferri
1084 363 1127 397 de
1157 363 1205 397 iis
1229 364 1418 397 curiatam.

80 409 196 454 Quam
232 408 362 453 Pluyg.
395 408 470 443 Mn.
500 412 590 443 1858
622 420 656 453 p.
685 413 752 443 356
792 410 830 443 et
858 412 945 443 1881
985 421 1021 453 p.
1050 413 1127 443 132.
1156 430 1199 434 —
1226 409 1264 444 P.
1293 413 1371 444 199.
1398 414 1418 444 2

76 457 109 491 si
133 457 166 491 is
214 455 319 490 codd.
346 455 491 500 EFLg.
519 466 629 497 unus,
656 455 751 490 Bait.
773 457 882 500 (quae
909 455 1051 500 Zumpt.
1080 455 1220 499 scribit,
1248 455 1420 500 intellegi

78 513 153 537 non
176 504 350 547 possunt3
376 502 524 537 videtur
549 501 712 538 voluisse
733 503 892 537 scribere
910 504 994 547 sin),
1019 504 1096 538 suis
1115 503 1154 545 P,
1182 502 1268 537 inde
1287 505 1419 537 natum

76 551 175 585 siis.
204 571 246 575 —
272 549 312 585 P.
342 553 419 584 199.
449 554 491 584 16
525 561 577 593 sq.
604 550 699 594 quod
729 551 810 585 hub.
840 571 881 575 —
909 551 1020 585 creati
1051 549 1121 584 del.
1148 549 1318 585 Karsten.
1345 551 1417 585 Mn.

79 600 169 632 1878
206 608 241 641 p.
274 600 353 632 297.
387 617 430 621 —
463 596 502 631 P.
531 600 608 631 199.
638 599 680 630 18
720 608 772 639 sq.
804 597 1164 642 [fundamentisque]
1194 596 1308 640 Bait„
1347 608 1418 631 om.

78 643 156 680 cod.
171 644 213 687 E,
235 643 349 678 etiam
369 645 413 678 ab
433 644 489 678 his
508 644 628 678 initiis
648 642 765 677 deleri
785 643 866 677 vult
886 643 1056 678 Karsten.
1071 643 1133 678 1.1.
1148 655 1182 688 p.
1199 648 1278 686 293,
1298 646 1421 688 itaque

78 690 376 725 coniunctionem
389 701 469 725 esse
482 692 585 724 ratus
599 690 639 724 in
651 694 756 734 atque
768 691 858 724 mut.
874 690 917 724 H.
928 690 1107 725 Schwarz.
1126 690 1295 725 ‘MiscelL
1310 690 1416 735 phil)

80 740 169 773 1878
200 749 235 782 p.
265 742 307 773 19
340 739 401 780 (ad
427 750 462 782 p.
488 741 543 772 43.
565 739 624 781 29)
656 738 713 772 his
737 737 777 771 in
801 738 849 772 iis
874 737 1074 782 corrigere,
1107 737 1234 781 credo,
1268 738 1417 772 oblitus.

78 804 121 810 —
152 783 190 819 P.
220 789 297 819 199.
326 788 369 820 19
404 796 477 819 rem
509 784 593 819 add.
626 783 736 829 Kays.
770 786 866 818 auct.
893 783 1011 819 Klotz.
1044 785 1145 819 recte
1177 786 1225 829 (p.
1252 788 1308 820 22.
1330 789 1351 818 4
1383 787 1420 819 et

78 834 157 866 398.
187 835 207 866 5
246 831 291 865 de
331 832 433 866 certa,
469 841 507 866 re
541 833 648 875 gesta
678 832 832 876 agitur),
872 842 952 876 cum
981 843 1132 876 reynare
1163 843 1255 876 coep.
1288 831 1418 876 Pluyg.

77 878 211 913 Mnem.
239 881 330 913 1858
363 890 398 922 p.
425 882 512 921 357,
544 878 588 913 H.
614 879 657 912 A.
684 878 798 913 Koch.
830 888 953 922 progr.
980 877 1079 913 Port.
1109 881 1198 912 1868
1231 890 1266 922 p.
1293 882 1314 912 8
1345 889 1421 913 non

82 925 188 960 bene.
215 945 259 950 —
285 925 323 960 P.
353 929 430 960 199.
451 929 496 960 20
521 929 683 961 nostrum
709 925 814 960 codd.
843 924 912 959 SM
928 924 1082 970 10ng.‚
1108 925 1264 969 Zumpt„
1290 924 1418 970 Kays.;

77 984 110 1007 v.
140 971 302 1007 Richter.
327 984 363 1016 p.
390 976 469 1008 256.
497 993 540 998 —
566 972 604 1007 P.
632 976 710 1007 199.
731 976 775 1006 26
802 977 1052 1007 exaestuemus
1070 972 1307 1016 Pantagath„
1333 984 1420 1007 eoca-

77 1020 234 1061 qitamus
268 1018 408 1062 Halm,
447 1020 715 1063 expostulamus
751 1018 882 1064 Pluyg.
919 1019 1053 1054 Mnem.
1083 1023 1172 1054 1858
1211 1031 1246 1063 p.
1274 1023 1341 1053 357
1382 1020 1421 1053 et

78 1065 214 1110 Haupt.
243 1066 308 1110 Op.
335 1066 369 1099 II
393 1077 428 1110 p.
449 1070 516 1101 369
544 1065 657 1111 (idem
682 1065 797 1100 etiam
821 1078 854 1101 v.
876 1070 921 1100 24
946 1070 1065 1101 tamen
1089 1064 1127 1099 ifi
1154 1070 1227 1101 tam
1252 1066 1418 1101 mutand.

81 1114 206 1147 censet
235 1112 320 1148 fort.
346 1123 449 1157 vere,
480 1123 619 1148 necess.
645 1112 748 1147 nullo
779 1113 920 1157 modo),
956 1112 1208 1148 ‘scribendum
1239 1114 1296 1147 est
1327 1114 1419 1147 ritu-

77 1161 280 1204 perandum
311 1161 429 1195 exist?
458 1160 502 1195 H.
529 1160 570 1194 A.
598 1159 712 1195 Koch.
737 1171 860 1204 progr.
887 1159 985 1195 Port.
1015 1164 1104 1195 1868
1130 1172 1164 1204 p.
1192 1164 1229 1201 8;
1258 1171 1322 1194 cur
1346 1170 1421 1194 non

81 1218 113 1241 V.
140 1218 170 1242 c.
202 1208 528 1252 reprehendendum
566 1208 631 1241 aut
667 1218 741 1242 non
778 1208 988 1250 ferendum?
1020 1227 1062 1232 —
1095 1206 1132 1241 P.
1163 1211 1239 1241 199.
1266 1210 1310 1241 27
1350 1208 1421 1251 lege

81 1255 224 1289 curiata
261 1254 384 1297 codd,
423 1253 537 1297 Bait„
569 1255 747 1289 tribunis
771 1255 825 1298 pl.
861 1255 931 1298 lem·
961 1265 1036 1289 cur.
1068 1253 1198 1298 Pluyg.
1225 1253 1299 1288 Mn.
1329 1257 1419 1288 1858

82 1312 117 1344 p.
144 1305 211 1336 357
240 1301 338 1335 ‘cum
363 1301 534 1335 Turnebo
561 1302 599 1335 et
623 1300 661 1336 P.
687 1300 801 1335 Man'
830 1321 873 1326 ——
899 1300 938 1335 P.
967 1305 1044 1335 199.
1066 1305 1108 1335 31
1137 1312 1189 1344 sq.
1211 1301 1351 1335 consuli
1375 1319 1418 1325 -

82 1349 161 1383 licet
191 1348 262 1382 del.
288 1347 457 1382 Karsten.
484 1348 557 1382 Mn.
585 1352 676 1383 1878
701 1360 736 1392 p.
763 1352 831 1382 299
859 1359 911 1391 sq.
945 1346 1079 1381 inscite
1112 1347 1174 1392 (ad
1204 1359 1239 1391 p.
1266 1351 1322 1381 39.
1349 1348 1418 1391 21).

85 1415 126 1420 —
145 1394 184 1429 Ρ.
208 1399 284 1430 199.
300 1399 343 1429 32
369 1396 439 1439 hic,
465 1396 525 1430 cui
551 1394 607 1429 ed.
628 1396 724 1438 Asc„
750 1394 912 1429 Richter.
932 1406 967 1439 p.
989 1398 1068 1437 270,
1093 1394 1189 1436 huic,
1216 1395 1275 1428 cui
1301 1393 1419 1436 codd,

82 1441 194 1486 vulg,
219 1443 287 1485 liic,
315 1441 386 1477 del.
412 1443 472 1477 cui
496 1445 561 1477 vet.
587 1443 730 1485 intere„
756 1441 841 1476 Ern.
870 1462 913 1466 —
939 1441 990 1475 lb.
1017 1441 1250 1482 intercedere,
1282 1441 1315 1474 ei
1340 1451 1420 1483 scr.,

82 1489 323 1523 intercedendi
355 1488 478 1531 codd,
511 1490 726 1523 intercedere
750 1488 866 1531 Man„
894 1487 1022 1532 Kays„
1048 1487 1222 1521 intercedi
1247 1487 1419 1529 Turneb.‚

83 1533 197 1577 Bait,
223 1534 384 1569 Richter.
409 1547 446 1579 p.
472 1539 551 1578 270,
578 1535 697 1569 Klotz,
726 1556 768 1560 -
795 1534 834 1568 P.
861 1538 940 1568 200.
962 1539 981 1568 2
1009 1532 1114 1568 alter.
1141 1534 1190 1568 acl
1216 1544 1286 1567 om.
1313 1533 1419 1568 codd.

83 1580 173 1625 ng.
201 1585 233 1624 3,
260 1585 291 1623 9,
320 1580 474 1625 Zumpt„
502 1581 630 1625 Kays.;
657 1581 705 1615 ad
728 1593 764 1624 p.
791 1585 845 1615 84.
867 1584 899 1614 2.
920 1600 963 1605 —
983 1579 1022 1614 Ρ.
1044 1584 1123 1614 200.
1146 1583 1165 1614 5
1191 1584 1422 1624 acceperunt

84 1628 162 1662 cod.
187 1627 307 1672 Lg.9,
344 1627 506 1672 Zumpt.,
538 1628 667 1671 Kays.;
701 1628 750 1661 ad
773 1639 808 1671 p.
836 1631 891 1661 39.
914 1631 955 1661 15
983 1628 1021 1660 et
1047 1631 1124 1661 174.
1147 1631 1177 1661 7.
1204 1647 1248 1652 —
1275 1627 1313 1662 P.
1340 1631 1419 1661 200.

85 1679 106 1709 8
131 1685 183 1718 sq.
206 1676 373 1718 auspicia
399 1695 442 1700 ——-
467 1675 604 1709 habere.
645 1675 788 1708 Pullar.
809 1674 927 1708 eodem
950 1674 1119 1708 Momms.
1140 1673 1418 1718 (‘Staatsrecht'

85 1720 117 1754 1¹
141 1733 176 1766 p.
204 1725 248 1756 18
273 1733 308 1756 n.
329 1723 376 1766 2),
402 1721 616 1766 [auspicia]
641 1741 683 1745 —
710 1722 837 1755 habere
859 1721 994 1763 pullar.
1013 1720 1122 1764 Bait„
1147 1720 1269 1765 Kays.,
1298 1722 1421 1764 auspi-

87 1773 165 1803 cato
191 1788 235 1793 —
261 1769 341 1803 hab.
362 1769 454 1813 pull.
483 1768 554 1811 Or.,
580 1767 742 1802 Richter.
767 1779 803 1811 p.
825 1772 891 1802 269
919 1778 984 1810 ex„
1010 1769 1059 1802 ad
1083 1769 1250 1811 auspic-ia
1277 1766 1419 1810 Graev.,

84 1813 216 1858 Klotz,
243 1816 401 1859 auspicii
431 1815 530 1859 vulg.
559 1835 602 1840 —
627 1814 666 1849 P.
694 1819 772 1849 200.
801 1818 842 1848 11
870 1825 922 1858 sq.
947 1816 1030 1859 ipsa
1055 1815 1116 1849 leae
1140 1814 1219 1848 cod.
1246 1813 1292 1857 E,
1323 1813 1419 1849 Bait.

86 1881 128 1887 -
155 1861 194 1896 P.
220 1865 299 1896 200.
327 1866 369 1896 13
402 1873 472 1897 esse
503 1865 639 1897 creatos
670 1861 774 1895 codd.
810 1860 994 1906 SMng.,
1033 1860 1193 1905 Zumpt,
1231 1860 1344 1905 Kays.
1377 1882 1419 1885 —

86 1907 125 1942 P.
152 1911 230 1943 200.
253 1912 295 1942 15
321 1912 371 1944 est
395 1908 510 1951 Bait,
536 1908 675 1951 Klotz,
702 1907 864 1943 Richter.
890 1920 925 1953 p.
953 1912 1020 1943 269
1047 1919 1117 1949 eX.;
1152 1908 1199 1942 ad
1224 1919 1259 1952 p.
1287 1912 1342 1942 39.
1365 1911 1419 1950 15,

89 1959 165 1989 174.
187 1959 224 1998 7,
260 1959 314 1990 73.
336 1960 367 1990 3.
394 1975 438 1980 —
463 1955 502 1990 P.
529 1959 608 1990 200.
629 1959 672 1989 21
701 1956 849 1990 cibariis
874 1965 959 1998 scr.,
986 1956 1157 1990 centuriis
1183 1954 1307 1997 codd,
1334 1953 1420 1989 secl.

86 2001 193 2045 Bait,
219 2001 341 2046 KayS„
368 2003 590 2037 centunculis
615 2001 752 2045 Klotz,
779 2006 893 2036 cetera
916 2001 1076 2046 Ussing„
1102 2001 1263 2035 Richter.
1290 2012 1325 2044 p.
1353 2004 1421 2035 270

88 2058 153 2090 ex,
178 2050 332 2083 vecturis
349 2048 394 2083 H.
416 2051 456 2083 A.
477 2048 592 2084 Koch.
612 2060 734 2092 progr.
754 2047 851 2083 Port.
874 2052 962 2083 1868
982 2061 1017 2093 p.
1038 2052 1071 2091 8,
1090 2050 1246 2083 servitiis
1266 2047 1420 2091 Zumpt„

89 2096 338 2130 centumvirali
363 2096 530 2130 Momms.
552 2116 594 2121 —-
616 2095 655 2129 P.
677 2099 755 2129 200.
777 2099 820 2129 22
845 2096 1018 2130 ianitores
1044 2095 1162 2138 codd„
1188 2096 1262 2129 iam
1282 2095 1423 2128 lictores

87 2140 152 2186 Lg.
169 2145 207 2184 9,
238 2143 312 2176 iam
335 2143 496 2184 finitores
521 2141 614 2177 coni.
640 2141 802 2176 Richter.
828 2153 863 2186 p.
890 2146 968 2177 266.
991 2162 1034 2167 —
1053 2141 1092 2177 P.
1114 2146 1192 2176 200.
1213 2146 1256 2175 23
1283 2142 1423 2175 vicenos

88 2187 267 2231 Momms.,
292 2189 396 2232 prob.
422 2189 552 2234 Pluyg.
572 2190 645 2223 Mn.
666 2192 757 2223 1858
781 2200 817 2233 p.
837 2192 916 2232 342,
942 2191 984 2224 in
1009 2200 1123 2224 annos
1150 2187 1255 2223 codd.
1277 2188 1314 2220 et
1339 2187 1421 2221 edd.

90 2253 131 2259 —
154 2234 209 2269 lb.
227 2236 399 2279 sinyulis
424 2246 491 2271 scr.
519 2237 574 2280 (in
598 2237 806 2280 sinyulos‘?),
831 2237 1057 2281 sinyulorum
1077 2235 1154 2270 cod.
1176 2234 1216 2277 E,
1242 2233 1422 2277 Momms.,

86 2281 249 2326 sinyulos
272 2281 350 2316 rell.
373 2282 479 2317 codd.
500 2284 538 2317 et
563 2282 645 2317 edd.
668 2303 709 2307 —
730 2281 768 2317 P.
790 2286 868 2317 200.
890 2287 934 2318 26
953 2284 1070 2327 ipsam
1090 2282 1160 2316 del.
1181 2280 1226 2316 H.
1247 2281 1288 2315 A.
1309 2280 1422 2315 Koch.
