1619 2542
159 112 216 153 40
532 111 626 147 PRO
652 111 694 147 A.
723 111 932 147 CAECINA
958 110 1134 146 ORATIO

161 210 235 249 aut
267 208 517 250 societatem
549 216 624 249 aut
654 222 743 248 rem
776 208 1023 249 mandatam
1055 210 1130 249 aut
1160 208 1338 248 fidumae
1368 210 1497 248 ratio-

159 281 257 308 nem
293 266 510 308 fraudavit
548 266 810 321 quempiam,
847 265 892 307 in
929 280 977 307 eo
1011 280 1093 320 quo
1128 266 1328 307 delictum
1360 263 1497 306 maius

113 337 133 368 8
161 328 236 379 est,
268 339 317 367 eo
344 340 482 380 poena
509 328 574 366 est
599 325 791 366 tardior?
842 323 943 365 eEst
969 325 1082 366 enim
1107 327 1231 379 turpe
1262 323 1495 365 iudicium'.

160 383 225 426 Ex
262 383 377 426 facto
417 384 586 439 quidem
625 383 751 438 turpi.
812 382 966 425 Videte
1003 383 1154 437 igitur,
1195 397 1322 437 quam
1352 382 1495 437 inique

161 442 342 496 accidat,
382 443 482 497 quia
519 457 585 483 res
625 441 800 496 indigna
839 442 913 495 sit,
949 442 1044 483 ideo
1082 445 1252 497 turpem
1285 441 1532 482 existima-5

160 502 321 543 tionem
363 501 501 555 sequi3
540 501 639 555 quia
675 501 814 555 turpis
852 501 1113 542 existimatio
1147 503 1366 554 sequatur,
1402 500 1495 541 ideo

160 575 249 602 rem
275 560 495 615 indignam
521 574 607 601 non
634 558 852 601 vindicari.
896 560 958 601 Ac
983 560 1020 601 si
1048 560 1120 614 qui
1143 559 1249 600 mihi
1266 559 1347 600 hoc
1373 559 1495 600 iudex

159 622 486 674 recuperatorve
506 618 637 660 dicat:
670 617 878 659 ‘Potuisti
899 618 1011 660 enim
1037 618 1196 660 leviore
1216 618 1382 659 actione
1403 631 1496 659 con-

159 678 323 733 fligere,
367 676 548 732 potuisti
580 677 633 718 ad
664 679 785 718 tuum
816 677 882 718 ius
914 677 1105 719 faciliore
1138 680 1181 718 et
1212 676 1497 718 commodiore

158 736 314 778 iudicio
353 735 590 790 pervenire3
629 750 759 790 quare
798 739 871 777 aut
908 739 1029 777 muta
1060 736 1271 777 actionem
1303 738 1377 776 aut
1407 735 1496 776 noli
1519 748 1550 772 xo

160 795 266 836 mihi
304 795 484 848 instare,
521 797 570 836 ut
609 795 790 836 iudicem
828 794 1006 847 tamen',
1043 795 1079 836 is
1112 796 1188 836 aut
1218 794 1409 836 timidior
1439 793 1497 834 vi-

161 854 327 906 deatur,
368 868 494 908 quam
532 853 705 907 fortem,
743 855 817 895 aut
854 853 1063 908 cupidior,
1102 868 1228 907 quam
1261 853 1498 907 sapientem

159 913 341 955 iudicem
385 926 477 953 esse
522 926 704 966 aequum
749 914 830 965 est,
875 912 911 953 si
955 914 1029 953 aut
1073 912 1179 953 mihi
1221 911 1498 967 praescribat,

161 986 285 1026 quem
325 971 377 1012 ad
415 969 589 1012 modum
627 985 767 1011 meum
805 970 870 1011 ius
909 985 1157 1025 persequar,
1201 974 1275 1012 aut
1311 971 1402 1024 ipse
1441 969 1497 1023 id,

162 1030 273 1085 quod
305 1029 358 1071 ad
390 1044 434 1071 se
460 1029 650 1071 delatum
676 1029 744 1082 sit,
775 1044 861 1070 non
888 1029 1042 1071 audeat
1066 1029 1263 1071 iudicare.
1312 1028 1499 1082 Etenim⁷
1521 1041 1550 1065 15

161 1089 197 1131 si
229 1091 403 1144 praetor
434 1088 483 1141 is,
513 1087 587 1142 qui
617 1088 773 1129 iudicia
805 1088 890 1141 dat,
920 1103 1155 1142 numquam
1181 1088 1357 1143 petitori
1381 1101 1498 1142 prae-

162 1147 323 1201 stituit,
356 1162 439 1201 qua
471 1146 639 1188 actione
671 1147 794 1187 illum
826 1147 891 1188 uti
921 1147 1043 1196 velit,
1074 1147 1232 1200 videte,
1264 1161 1391 1202 quam
1422 1146 1498 1187 ini-

162 1221 291 1261 quum
324 1205 381 1247 sit
407 1205 642 1247 constituta
667 1205 752 1246 iam
779 1219 823 1246 re
849 1205 1042 1259 iudicem,
1075 1206 1175 1259 quid
1203 1206 1274 1259 agi
1299 1204 1498 1259 potuerit,

113 1276 133 1307 9
160 1268 234 1307 aut
265 1264 366 1319 quid
391 1264 540 1318 possit,
570 1278 657 1305 non
683 1263 784 1318 quid
809 1266 950 1305 actum
976 1264 1047 1318 sit,
1079 1278 1293 1317 quaerere.
1337 1263 1497 1305 Verum

161 1327 306 1365 tamen
342 1322 500 1364 nimiae
537 1324 706 1363 vestrae
743 1322 1000 1377 benignitati
1039 1337 1302 1377 pareremus,
1341 1322 1377 1362 si
1414 1322 1498 1363 alia
1519 1335 1551 1359 20

162 1382 327 1424 ratione
358 1381 424 1423 ius
456 1383 652 1422 nostrum
684 1395 933 1436 recuperare
964 1395 1198 1436 possemus.
1248 1379 1372 1422 Nunc
1398 1394 1497 1422 vero

163 1441 257 1496 quis
290 1443 365 1494 est,
399 1440 470 1495 qui
504 1442 578 1481 aut
603 1440 689 1481 vim
715 1439 959 1481 hominibus
987 1440 1165 1481 armatis
1190 1439 1349 1481 factam
1375 1438 1498 1480 relin-

161 1500 234 1554 qui
276 1501 400 1554 putet
443 1501 641 1554 oportere
684 1501 759 1540 aut
803 1499 892 1540 eius
930 1498 991 1539 rei
1038 1498 1241 1540 leviorem
1286 1498 1498 1539 actionem

161 1558 286 1600 nobis
325 1558 513 1612 aliquam
551 1557 846 1598 demonstrare
883 1557 1048 1611 possit?
1108 1556 1175 1599 Ex
1217 1571 1300 1611 quo
1345 1570 1498 1612 genere

162 1617 343 1672 peccati,
380 1619 428 1657 ut
465 1616 530 1657 illi
568 1616 810 1669 clamitant,
849 1616 917 1657 vel
956 1616 1208 1657 iniuriarum
1244 1615 1312 1657 vel
1345 1615 1496 1669 capitis
1517 1622 1550 1648 25

163 1675 318 1716 iudicia
350 1675 587 1716 constituta
618 1678 728 1729 sunt,
759 1675 804 1715 in
836 1689 884 1716 eo
916 1675 1098 1729 potestis
1131 1674 1402 1716 atrocitatem
1426 1687 1497 1714 no-

164 1737 298 1775 stram
318 1733 644 1788 reprehendere,
670 1748 766 1775 cum
786 1733 968 1774 videatis
987 1733 1095 1774 nihil
1117 1732 1232 1774 aliud
1252 1734 1393 1773 actum
1414 1732 1497 1772 nisi

112 1797 138 1836 4
162 1791 478 1847 possessionem
510 1806 586 1846 per
610 1791 884 1833 interdictum
910 1806 1001 1833 esse
1026 1790 1284 1846 repetitam?
1327 1789 1498 1843 Verum,

164 1851 253 1892 sive
285 1864 361 1892 vos
395 1850 723 1892 existimationis
754 1850 872 1892 illius
904 1851 1140 1905 periculum
1171 1850 1260 1890 sive
1290 1848 1394 1890 iuris
1427 1848 1498 1890 du—

164 1908 318 1951 bitatio
350 1908 560 1950 tardiores
593 1909 693 1950 fecit
731 1909 867 1951 adhuc
906 1908 959 1950 ad
995 1907 1282 1960 iudicandum,
1321 1907 1497 1948 alterius
1517 1917 1551 1942 30

163 1968 225 2009 rei
255 1981 427 2009 causam
454 1971 622 2008 vosmet
652 1967 736 2022 ipsi
767 1968 854 2008 iam
885 1967 1007 2008 vobis
1040 1966 1207 2021 saepius
1239 1966 1408 2021 prolato
1439 1965 1498 2007 iu-

165 2026 272 2068 dicio
306 2025 558 2077 sustulistis,
596 2026 772 2067 alterius
806 2040 884 2080 ego
916 2025 1039 2066 vobis
1070 2024 1274 2066 hodierno
1307 2024 1373 2066 die
1405 2039 1498 2066 cau-

165 2099 257 2126 sam
278 2083 469 2140 profecto
491 2083 695 2137 auferam,
721 2098 775 2125 ne
796 2084 951 2125 diutius
973 2083 1023 2124 de
1043 2084 1333 2125 controversia
1350 2086 1499 2124 nostra

99 2155 141 2186 io
168 2158 217 2185 ac
255 2144 305 2184 de
343 2142 557 2184 communi
593 2142 683 2183 iure
722 2142 937 2183 dubitetis.
997 2141 1056 2182 Et
1094 2142 1128 2182 si
1166 2141 1279 2183 forte
1323 2141 1499 2183 videbor

165 2202 294 2244 altius
337 2201 508 2242 initium
550 2200 611 2241 rei
652 2199 1005 2242 demonstrandae
1046 2199 1222 2254 petisse,
1266 2214 1393 2254 quam
1431 2214 1498 2241 me
1518 2208 1551 2234 3⁵

164 2260 276 2302 ratio
303 2259 406 2301 iuris
434 2262 476 2301 et
503 2259 580 2313 ius,
607 2258 657 2300 de
684 2273 766 2312 quo
787 2258 987 2299 iudicium
1009 2261 1085 2312 est,
1112 2261 1154 2299 et
1172 2261 1328 2300 natura
1347 2272 1499 2300 causae

166 2318 372 2371 coegerit,
405 2332 580 2369 quaeso,
611 2319 660 2358 ut
690 2317 935 2365 ignoscatis.
996 2315 1095 2358 Non
1127 2316 1239 2359 enim
1270 2317 1409 2358 minus
1441 2316 1499 2356 la-
