1687 2533
535 82 636 116 CAP.
665 86 803 116 29—31
833 86 852 124 ξ
882 86 1031 117 71-76.
1364 82 1450 124 417

103 192 283 232 quaeso,
326 178 500 220 tandem
545 178 769 232 probasti?
836 178 1091 233 Emptiones
1135 178 1288 232 falsas,
1332 193 1452 233 prae-

102 237 268 278 diorum
309 237 647 292 proscriptiones
681 252 777 278 cum
810 237 1058 279 mulieribus
1092 241 1242 292 aperta
1274 238 1450 279 circum-

103 295 337 350 scriptione
370 296 521 337 fecisti.
566 296 702 337 Tutor
734 296 801 337 his
834 295 962 338 rebus
989 295 1253 338 Graecorum
1278 296 1449 351 legibus

103 354 408 396 adscribendus
452 354 552 410 fuit3
596 352 942 396 Polemocratem
987 355 1218 410 scripsisti,
1262 370 1451 397 mercen-

65 427 81 452 5
103 414 273 455 narium
300 416 342 454 et
369 414 668 455 administrum
696 415 977 456 consiliorum
997 416 1182 456 tuorum.
1226 414 1449 456 Adductus

103 475 168 513 est
211 473 254 513 in
298 472 502 514 iudicium
545 471 864 514 Polemocrates
909 474 959 514 de
1004 473 1103 515 dolo
1148 474 1262 515 malo
1311 476 1353 514 et
1398 473 1449 514 de

102 531 252 572 fraude
301 547 325 572 a
369 531 507 573 Dione
551 531 678 573 huius
722 532 858 586 ipsius
903 532 1064 574 tutelae
1107 533 1291 574 nomine.
1367 532 1449 581 Qui

103 604 334 631 concursus
367 605 417 631 ex
449 590 617 645 oppidis
648 590 845 632 finitimis
877 591 1075 645 undique,
1109 591 1182 646 qui
1212 591 1335 633 dolor
1362 591 1450 633 ani·

102 663 282 702 morum,
310 664 418 704 quae
445 649 654 704 querella!
699 649 1016 691 Condemnatus
1044 652 1109 691 est
1128 650 1446 692 Polemocrates

49 717 83 741 1⁰
103 708 327 750 sententiis
378 708 594 763 omnibus3
637 708 785 750 irritae
831 709 1116 763 venditiones,
1160 710 1308 751 irritae
1352 724 1448 763 pro—

102 767 370 821 scriptiones.
436 767 552 808 Num
586 768 813 808 restituis?
869 766 1021 809 Defers
1055 768 1108 809 ad
1140 767 1447 824 Pergamenos,

100 828 149 867 ut
185 826 252 867 illi
290 827 528 881 reciperent
565 826 610 868 in
642 841 741 868 suas
774 826 941 867 litteras
977 826 1169 880 publicas
1201 827 1446 882 praeclaras

100 884 435 939 proscriptiones
462 888 504 926 et
529 885 766 939 emptiones
792 888 902 927 tuas.
959 885 1214 940 Repudiant,
1252 886 1447 928 reiciunt.

102 946 162 984 At
206 945 279 998 qui
321 944 546 985 homines?
622 943 896 1000 Pergameni,
940 945 1186 986 laudatores
1230 944 1306 987 tui.
1377 944 1447 986 Ita

50 1012 81 1036 15
103 1003 216 1043 enim
244 1002 350 1044 mihi
377 1003 555 1058 gloriari
581 1003 698 1044 visus
726 1018 769 1045 es
796 1003 1042 1045 laudatione
1069 1003 1446 1059 Pergamenorum,

103 1062 227 1116 quasi
258 1061 465 1103 honorem
498 1062 711 1103 maiorum
743 1064 915 1104 tuorum
951 1066 1205 1104 consecutus
1237 1077 1370 1116 esses,
1403 1066 1447 1103 et

100 1121 181 1162 hoc
211 1123 255 1162 te
287 1122 552 1176 superiorem
585 1135 676 1162 esse
707 1121 892 1176 putabas
925 1136 1054 1175 quam
1084 1120 1298 1174 Laelium,
1331 1121 1447 1176 quod

100 1183 143 1220 te
187 1178 338 1221 civitas
377 1180 645 1235 Pergamena
688 1180 896 1221 laudaret.
964 1178 1082 1221 Num
1120 1180 1342 1222 honestior
1380 1185 1447 1222 est

101 1238 252 1279 civitas
284 1239 551 1294 Pergamena
583 1253 712 1293 quam
745 1238 1009 1293 Smyrnaea?
1059 1238 1125 1280 Ne
1157 1239 1243 1294 ipsi
1274 1239 1445 1294 quidem

47 1306 82 1330 ‘20
103 1296 258 1338 dicunt.
312 1296 483 1338 Vellem
527 1300 698 1339 tantum
741 1297 898 1338 habere
942 1312 1010 1339 me
1048 1297 1145 1351 otii,
1187 1300 1236 1338 ut
1272 1312 1444 1352 possem
1460 1282 1517 1363 ἓξ

100 1355 279 1397 recitare
322 1356 570 1411 psephisma
613 1356 964 1410 Smyrnaeorum,
1009 1356 1121 1411 quod
1164 1355 1358 1397 fecerunt
1399 1356 1445 1397 in

101 1413 359 1456 Castricium
397 1417 633 1468 mortuum,
676 1414 862 1469 primum
900 1416 949 1455 ut
985 1415 1030 1455 in
1069 1414 1273 1469 oppidum
1312 1415 1445 1456 intro-

100 1473 299 1525 ferretur,
332 1473 444 1527 quod
477 1473 571 1514 aliis
603 1487 689 1514 non
720 1473 982 1525 conceditur,
1022 1473 1172 1514 deinde
1203 1475 1252 1514 ut
1282 1473 1446 1514 ferrent

101 1531 266 1586 ephebi,
292 1535 509 1586 postremo
536 1534 585 1572 ut
609 1531 901 1585 imponeretur
927 1546 1056 1572 aurea
1083 1546 1241 1573 corona
1260 1534 1445 1573 mortuo.

49 1599 82 1624 ‘25
101 1590 220 1632 Haec
251 1590 295 1631 P.
328 1588 528 1644 Scipioni,
560 1590 800 1632 clarissimo
832 1591 937 1643 viro,
970 1605 1066 1631 cum
1099 1593 1212 1631 esset
1242 1590 1444 1645 Pergami

101 1651 310 1703 mortuus,
336 1649 451 1690 facta
476 1663 562 1689 non
589 1651 701 1690 sunt.
738 1650 798 1689 At
825 1647 1081 1690 Castricium
1107 1648 1261 1703 quibus
1287 1649 1444 1700 verbis,

100 1708 142 1749 di
174 1708 457 1749 immortales!
497 1706 669 1748 ‘decus
707 1708 927 1762 patriae,
966 1710 1319 1748 ornamentum
1357 1722 1444 1763 po—

100 1767 210 1821 puli
231 1766 464 1819 Romani,
484 1766 671 1807 florem
691 1765 1003 1807 iuventutis'
1025 1766 1258 1821 appellant.
1291 1765 1444 1820 Quare,

99 1825 297 1879 Deciane,
330 1826 365 1866 si
398 1825 574 1879 cupidus
608 1839 651 1866 es
685 1824 860 1879 gloriae,
894 1824 979 1865 alia
1011 1827 1265 1866 ornamenta
1290 1839 1442 1867 censeo

47 1893 81 1917 30
102 1899 301 1938 quaeras3
332 1884 586 1938 Pergameni
607 1886 650 1924 te
672 1883 920 1924 deriserunt.
959 1881 1098 1931 Quid?
1118 1885 1166 1925 tu
1186 1884 1274 1925 ludi
1294 1886 1337 1924 te
1356 1898 1444 1925 non

100 1942 395 1997 intellegebas,
427 1957 521 1984 cum
547 1942 629 1983 tibi
654 1941 758 1983 haec
786 1941 916 1983 verba
941 1942 1206 1983 recitabant:
1240 1941 1442 1984 ‘claris-

102 2001 280 2042 simum
311 2001 491 2054 virum,
529 2000 993 2055 praestantissima
1025 2000 1302 2054 sapientia,
1341 2001 1444 2041 sin-

103 2060 272 2113 gulari
303 2058 565 2113 ingenio'?
626 2058 733 2099 Mihi
766 2058 899 2112 crede,
931 2058 1150 2100 ludebant.
1201 2058 1307 2100 Cum
1339 2073 1441 2100 vero

102 2132 302 2159 coronam
330 2133 503 2159 auream
529 2118 687 2159 litteris
714 2118 1004 2171 imponebant,
1035 2133 1081 2159 re
1107 2132 1208 2159 vera
1232 2131 1319 2158 non
1344 2118 1441 2171 plus

48 2186 80 2211 35
102 2191 252 2216 aurum
290 2176 376 2217 vtibi
415 2191 542 2230 quam
579 2176 831 2217 monedulae
869 2176 1216 2229 committebant,
1258 2189 1311 2216 ne
1349 2181 1443 2216 tum

102 2234 273 2288 quidem
316 2234 538 2276 hominum
581 2237 851 2276 venustatem
895 2237 938 2276 et
979 2234 1158 2276 facetias
1202 2233 1442 2288 perspicere

100 2293 311 2348 potuisti?
372 2292 452 2334 Isti
481 2293 617 2349 igitur
649 2293 903 2348 Pergameni
941 2292 1296 2348 proscriptiones,
1335 2305 1442 2346 quas

171 2367 345 2393 01c.11.2.
1183 2363 1226 2394 27

1471 1893 1516 1924 76
