1619 2542
515 80 614 116 CAP.
644 85 780 116 15—17
808 84 826 122 ξ
853 83 1002 114 45-50,
1377 80 1429 120 91

90 177 292 220 mandata
330 180 458 232 atque
500 177 710 218 exercitus
744 191 835 218 esse
867 175 1131 218 commissos,
1187 174 1288 216 Fuit
1320 174 1432 216 enim

88 237 281 292 profecto
324 236 578 291 quibusdam
611 236 790 277 summis
821 235 926 276 viris
960 233 1166 289 quaedam
1200 233 1253 275 ad
1283 234 1432 288 ampli·

90 296 281 337 tudinem
315 298 357 336 et
389 294 442 336 ad
474 294 654 349 gloriam
689 297 730 335 et
763 293 815 335 ad
846 308 914 335 res
946 307 1126 348 magnas
1153 292 1260 334 bene
1286 306 1432 347 geren-

92 355 165 395 das
206 354 410 395 divinitus
450 353 650 395 adiuncta
680 352 865 394 fortuna.
927 352 990 393 De
1022 352 1147 393 huius
1180 354 1325 393 autem
1356 351 1432 392 110-

54 423 70 449 5
91 413 218 454 11111113
249 412 468 466 felicitate,
501 411 551 453 de
584 425 667 466 quo
699 426 810 452 nunc
842 411 1021 465 agimus,
1052 410 1132 452 hac
1163 412 1263 451 utar
1292 410 1433 452 mode-

90 471 255 513 ratione
295 471 479 523 dicendi,
519 485 605 511 non
643 473 691 511 ut
727 470 770 510 in
808 470 926 510 illius
965 471 1180 523 potestate
1212 469 1432 510 fortunam

90 530 275 585 positam
308 543 399 571 esse
433 529 587 582 dicam,
626 528 699 570 sed
732 531 779 569 ut
810 528 1045 583 praeterita
1077 527 1341 581 meminisse,
1372 541 1433 568 re·

90 589 208 643 liqua
234 602 405 642 sperare
426 588 656 641 videamur,
681 601 734 628 ne
762 590 835 628 aut
860 587 998 628 invisa
1026 586 1089 628 (113
1114 586 1432 627 immortalibus

91 647 229 689 oratio
267 651 417 688 nostra
455 648 530 688 aut
566 646 739 700 ingrata
777 659 868 686 esse
895 645 1103 686 videatur.
1157 644 1308 700 Itaque
1346 658 1433 686 non

38 715 72 741 10
92 721 184 748 sum
211 706 546 760 praedicaturus,
572 707 754 759 quantas
780 704 855 745 ille
875 718 942 745 res
964 704 1079 745 (101111
1099 704 1292 757 militiae,
1317 706 1433 745 terra

92 765 282 819 marique
316 767 560 819 quantaque
591 763 797 804 felicitate
831 763 1031 818 gesserit,
1063 765 1112 803 ut
1143 763 1232 803 eius
1266 776 1434 816 semper

91 822 388 865 voluntatibus
430 837 517 864 non
561 822 687 863 modo
733 822 845 863 cives
891 821 1175 875 adsenserint,
1220 821 1324 862 30011
1361 820 1434 862 ob-

91 881 384 937 temperarint,
415 881 563 922 hostes
596 880 876 934 oboedierint,
909 879 982 921 sed
1015 880 1146 921 etiam
1177 879 1295 920 venti
1326 882 1433 921 tem-

91 943 365 996 pestatesque
398 939 745 993 obsecundarint3
783 939 863 980 hoc
894 938 1147 980 brevissime
1181 938 1330 990 dicam,
1362 952 1434 979 ne-

40 1008 73 1034 15
93 1000 250 1040 minem
287 1013 490 1053 umquam
531 1001 621 1039 tam
660 997 953 1051 impudentem
990 997 1141 1050 fuisse,
1179 997 1251 1051 qui
1283 997 1336 1038 ab
1369 996 1433 1037 dis

92 1058 409 1100 immortalibus
442 1059 509 1098 tot
535 1060 578 1098 et
609 1059 754 1098 tantas
787 1071 855 1097 res
887 1057 1044 1097 tacitus
1071 1056 1247 1097 auderet
1272 1057 1434 1110 optare,

94 1119 199 1171 quot
249 1119 291 1158 et
341 1118 523 1171 quantas
568 1115 610 1156 di
652 1115 919 1157 immortales
965 1115 1017 1156 ad
1063 1113 1137 1156 Cn.
1181 1113 1434 1169 Pompeium

94 1175 350 1216 detulerunt.
413 1174 533 1223 Quod
568 1177 616 1215 ut
646 1174 711 1215 illi
742 1174 963 1229 proprium
998 1188 1046 1215 ac
1077 1175 1332 1228 perpetuum
1366 1172 1434 1226 sit,

94 1234 292 1288 Quirites,
325 1248 421 1276 cum
447 1233 683 1275 communis
709 1233 862 1274 salutis
889 1235 1016 1286 atque
1041 1228 1223 1286 imperii,
1254 1234 1347 1272 tum
1373 1231 1435 1286 ip-

41 1302 75 1327 20
95 1294 181 1334 sius
201 1292 386 1334 hominis
407 1306 545 1345 causa,
573 1291 699 1333 sicuti
717 1291 872 1344 facitis,
893 1291 1002 1332 velle
1024 1293 1066 1331 et
1086 1293 1237 1345 optare
1258 1289 1435 1331 debetis.

183 1350 321 1400 Quare
359 1365 453 1393 cum
493 1353 536 1391 et
566 1350 728 1391 bellum
761 1350 817 1391 sit
848 1350 910 1390 ita
941 1349 1247 1402 necessarium,
1285 1351 1334 1389 ut
1364 1362 1432 1389 ne-

95 1410 210 1465 glegi
253 1424 339 1451 non
378 1409 534 1464 possit,
575 1409 638 1449 ita
680 1422 896 1464 magnum,
939 1410 987 1449 ut
1026 1406 1344 1449 accuratissime
1378 1406 1435 1447 sit

96 1467 499 1520 administrandum,
548 1470 591 1507 et
641 1481 734 1508 cum
780 1468 817 1507 ei
860 1467 1162 1519 imperatorem
1206 1465 1434 1519 praeficere

95 1526 290 1581 possitis,
334 1526 377 1566 in
416 1540 499 1579 quo
538 1525 595 1566 sit
633 1525 787 1566 eximia
824 1525 929 1566 belli
967 1524 1164 1576 scientia,
1203 1523 1434 1577 singularis

43 1595 77 1620 25
97 1586 244 1638 virtus,
271 1584 510 1626 clarissima
535 1584 781 1636 auctoritas,
807 1583 979 1637 egregia
1004 1583 1188 1634 fortuna,
1216 1581 1435 1634 dubitatis,

98 1643 303 1695 Quirites,
342 1642 443 1696 quin
483 1642 564 1683 1100
603 1644 773 1682 tantum
812 1642 932 1695 boni,
972 1641 1083 1694 quod
1116 1640 1237 1682 vobis
1277 1641 1330 1682 ab
1370 1640 1434 1681 dis

98 1701 415 1743 immortalibus
448 1700 642 1742 oblatum
676 1703 719 1741 et
751 1699 897 1740 clatum
924 1702 1000 1753 est,
1032 1700 1075 1740 in
1101 1714 1191 1740 rem
1216 1699 1435 1754 publicam

98 1759 431 1802 conservandam
459 1761 586 1813 atque
613 1758 957 1813 amplificandam
983 1757 1242 1800 conferatis?
1274 1756 1435 1807 Quodsi

99 1819 261 1860 Romae
309 1817 383 1860 Cn.
426 1817 655 1871 Pompeius
705 1817 897 1871 privatus
948 1820 1060 1858 esset
1101 1817 1183 1858 hoc
1228 1819 1434 1870 tempore,

47 1887 80 1912 3⁰
100 1880 243 1918 tamen
288 1877 341 1918 ad
385 1878 555 1917 tantum
599 1875 759 1917 bellum
802 1875 839 1916 is
883 1878 975 1916 erat
1016 1875 1265 1930 deligendus
1307 1877 1434 1929 atque

99 1934 350 1988 mittendus3
395 1949 505 1976 nunc
550 1949 644 1976 011111
688 1933 741 1975 ad
785 1937 947 1975 ceteras
991 1948 1180 1975 summas
1222 1933 1435 1975 utilitates

98 1994 204 2036 haec
242 2007 407 2048 quoque
447 1994 718 2047 oportunitas
760 1992 1036 2047 adiungatur,
1076 1996 1124 2033 ut
1153 1992 1198 2033 in
1238 1992 1291 2033 iis
1328 1991 1435 2046 ipsis

100 2052 204 2094 locis
231 2052 354 2105 adsit,
386 2055 433 2092 ut
457 2051 617 2093 habeat
643 2051 884 2104 exercitum,
916 2053 964 2092 ut
989 2051 1043 2092 ab
1068 2051 1134 2104 iis,
1165 2051 1236 2105 qui
1262 2050 1436 2103 habent,

102 2110 290 2165 accipere
324 2110 471 2150 statim
503 2110 653 2164 possit,
686 2109 786 2164 quid
813 2109 1112 2163 expectamus?
1146 2111 1221 2150 aut
1252 2123 1325 2150 cur
1350 2122 1437 2148 non

50 2179 83 2205 85
104 2169 277 2210 ducibus
323 2168 386 2209 dis
429 2168 746 2209 immortalibus
791 2167 943 2221 eidem,
981 2168 1048 2209 0111
1091 2171 1233 2209 cetera
1269 2180 1436 2207 summa

104 2242 197 2267 cum
235 2226 373 2267 salute
411 2226 472 2267 rei
509 2227 704 2281 publicae
742 2226 970 2268 commissa
1001 2229 1119 2279 sunt,
1156 2226 1238 2267 1100
1270 2238 1436 2279 quoque

105 2285 264 2326 bellum
295 2285 459 2339 regium
493 2284 841 2326 committamus?

1459 654 1503 686 48

1459 1358 1503 1389 49
