1687 2533
246 82 333 124 498
438 84 500 118 DE
528 83 663 118 DOMO
691 83 783 119 SUA
808 83 871 118 AD
898 83 1178 119 PONTIFICES
1205 84 1394 120 ORATIO.

249 179 418 233 quidem
456 182 521 220 est
560 194 636 233 aps
669 182 711 220 te
745 179 948 220 dedicata.
1012 178 1251 234 ‘Libertas’,
1282 180 1438 235 inquit,
1475 179 1582 223 ‘est'

247 237 357 279 Eam
396 241 443 278 tu
480 238 615 292 igitur
654 238 768 279 domi
802 253 920 278 meae
959 238 1200 291 collocasti,
1239 253 1365 293 quam
1398 254 1448 280 ex
1478 240 1582 281 urbe

248 299 342 338 tota
370 297 613 338 sustulisti?
659 297 721 337 Tu
744 311 838 337 cum
860 297 1045 351 collegas
1066 301 1162 338 tuos
1184 311 1348 338 summa
1367 300 1583 352 potestate

247 355 461 409 praeditos
500 369 678 409 negares
718 355 876 396 liberos
915 370 1025 409 esse,
1063 370 1157 397 cum
1189 356 1232 397 in
1264 357 1474 411 templum
1507 356 1583 398 Ca-

248 414 378 455 storis
418 414 558 455 aditus
598 417 709 454 esset
748 416 921 467 apertus
953 414 1130 468 nemini,
1169 429 1262 456 cum
1295 415 1406 457 hune
1437 415 1580 457 claris·
1601 426 1618 451 5

249 473 403 513 simum
442 473 595 524 virum,
620 487 785 513 summo
823 486 976 526 genere
1013 476 1181 526 natum,
1220 474 1396 514 summis
1433 474 1583 528 populi

249 531 462 572 beneficiis
495 545 631 585 usum,
663 531 907 584 pontificem
940 534 982 572 et
1014 532 1280 573 consularem
1307 536 1349 574 et
1374 532 1583 587 singulari

252 590 439 630 bonitate
484 593 526 630 et
569 590 778 630 modestia
819 590 1077 644 praeditum,
1122 605 1247 644 quem
1291 591 1397 632 satis
1434 591 1583 632 mirari

248 649 402 702 quibus
436 648 568 689 oculis
602 648 790 703 aspicere
824 649 979 690 audeas
1012 664 1096 690 non
1130 664 1250 703 queo,
1283 650 1480 691 audiente
1510 664 1582 704 po-

247 708 347 760 pulo
385 707 577 748 Romano
624 722 648 748 a
690 707 932 761 pedisequis
977 708 1216 749 conculcari
1259 708 1444 763 iuberes,
1487 723 1581 750 cum
1603 719 1636 743 10

247 766 541 806 indemnatum
586 779 647 806 me
684 766 932 807 exturbares
974 767 1212 821 privilegiis
1250 767 1482 821 tyrannicis
1519 767 1582 808 in-

247 825 429 879 rogatis,
468 839 563 865 cum
600 824 837 879 principem
875 824 990 865 orbis
1029 828 1166 866 terrae
1206 826 1341 867 virum
1374 826 1582 868 inclusum

248 883 363 924 domi
403 884 659 937 contineres,
704 897 799 924 cum
836 883 974 924 forum
1014 884 1190 924 armatis
1229 884 1409 926 catervis
1447 885 1582 939 perdi-

247 944 389 983 torum
422 941 643 982 hominum
677 941 934 996 possideres,
966 941 1198 983 Libertatis
1232 943 1507 984 simulacrum
1538 944 1581 984 in

249 1015 298 1041 ea
335 1000 460 1041 domo
499 1000 759 1052 collocabas,
798 1015 905 1054 quae
943 1000 1093 1041 domus
1132 1003 1224 1042 erat
1254 1002 1348 1055 ipsa
1378 1002 1580 1044 indicium
1603 1011 1635 1037 15

249 1058 531 1100 crudelissimi
552 1058 614 1099 tui
635 1059 876 1099 dominatus
898 1062 938 1099 et
959 1059 1222 1100 miserrimae
1237 1060 1385 1114 populi
1399 1060 1582 1102 Romani

179 1117 495 1158 inservitutis'?
569 1116 735 1158 Eumne
778 1118 1050 1171 potissimum
1095 1117 1291 1159 Libertas
1336 1119 1461 1160 domo
1506 1133 1583 1160 sua

250 1176 397 1216 debuit
423 1175 594 1229 pellere,
621 1175 691 1229 qui
717 1176 800 1216 nisi
826 1175 989 1226 fuisset,
1015 1176 1059 1216 in
1080 1190 1298 1218 servorum
1319 1180 1581 1230 potestatem

177 1220 258 1302 431
279 1234 430 1275 civitas
457 1236 550 1274 tota
577 1234 791 1275 venisset?
837 1234 896 1274 At
922 1234 1030 1275 unde
1058 1237 1122 1275 est
1142 1235 1313 1276 inventa
1333 1236 1418 1277 ista
1437 1235 1580 1277 Liber-

179 1276 190 1311 (
265 1270 375 1334 )1;εῑεῗ>
427 1291 625 1340 Quaesivi
659 1293 770 1333 enim
804 1292 1043 1347 diligenter.
1094 1293 1343 1349 Tanagraea
1376 1295 1578 1348 quaedam
1601 1305 1635 1329 20

250 1351 448 1392 meretrix
490 1350 621 1391 fuisse
660 1351 825 1392 dicitur.
892 1351 997 1392 Eius
1036 1366 1121 1393 non
1158 1352 1286 1407 longe
1324 1368 1348 1393 a
1385 1352 1582 1408 Tanagra

250 1410 525 1451 simulacrum
553 1425 574 1450 e
600 1424 813 1450 marmore
838 1410 883 1450 in
910 1410 1104 1464 sepulcro
1132 1411 1319 1465 positum
1344 1411 1439 1453 fuit.
1488 1411 1581 1454 Hoc

249 1469 420 1522 quidam
463 1468 591 1509 homo
635 1468 793 1509 nobilis
836 1483 921 1510 non
962 1468 1126 1509 alienus
1168 1469 1221 1510 ab
1263 1470 1343 1511 hoo
1382 1470 1581 1524 religioso

248 1526 481 1568 Libertatis
508 1526 726 1568 sacerdote
752 1527 804 1567 ad
832 1530 1029 1568 ornatum
1057 1528 1290 1569 aedilitatis
1317 1543 1416 1570 suae
1437 1529 1582 1584 depor-

249 1586 370 1626 tavit.
443 1585 614 1626 Etenim
665 1586 878 1640 cogitarat
922 1600 1066 1627 omnes
1112 1587 1349 1641 superiores
1395 1588 1580 1628 muneris
1602 1598 1635 1623 ‘25

250 1643 471 1698 splendore
499 1658 710 1698 superare.
755 1644 904 1699 Itaque
925 1644 1068 1685 omnia
1088 1645 1222 1700 signa,
1251 1646 1433 1699 tabulas,
1460 1661 1580 1687 orna-

249 1705 490 1743 mentorum
519 1702 630 1756 quod
657 1702 866 1756 superfuit
890 1702 933 1743 in
961 1703 1072 1744 fanis
1099 1706 1141 1744 et
1162 1704 1457 1745 communibus
1478 1705 1582 1758 locis,

249 1774 297 1801 cx
328 1763 422 1801 tota
454 1760 633 1802 Graecia
665 1763 791 1815 atque
823 1761 974 1802 insulis
1008 1762 1202 1803 omnibus
1228 1762 1402 1804 honoris
1432 1764 1581 1817 populi

249 1818 431 1860 Romani
477 1834 604 1859 causa
649 1833 748 1860 sane
791 1819 1016 1875 frugaliter
1058 1821 1230 1862 domum
1272 1836 1392 1862 suam
1433 1821 1579 1876 depor-

181 1877 370 1918 11‘2tavit.
436 1876 477 1917 Is
521 1880 801 1931 posteaquam
845 1878 1058 1919 intellexit
1103 1893 1227 1933 posse
1266 1894 1309 1920 se
1346 1880 1581 1921 interversa
1600 1890 1634 1915 30

250 1936 467 1977 aedilitate
513 1950 537 1976 a
575 1935 618 1977 L.
655 1936 809 1978 Pisone
850 1938 1019 1978 consule
1057 1940 1297 1991 praetorem
1335 1938 1581 1989 renuntiari,

251 1994 287 2035 si
319 1994 445 2035 modo
479 1993 625 2034 eadem
658 1995 797 2048 prima
828 1995 975 2036 littera
1006 1996 1328 2049 competitorem
1360 1996 1581 2038 habuisset

250 2053 451 2106 aliquem,
484 2053 746 2094 aedilitatem
779 2054 941 2095 duobus
974 2054 1019 2094 in
1050 2054 1174 2107 locis,
1206 2055 1365 2107 partim
1396 2055 1440 2096 in
1472 2070 1580 2109 arca,

249 2112 409 2165 partim
455 2111 498 2151 in
536 2110 672 2152 hortis
712 2112 817 2164 suis,
861 2112 1115 2165 conlocavit3
1157 2113 1328 2168 signum
1366 2113 1415 2155 de
1454 2114 1580 2155 busto

249 2169 484 2211 meretricis
512 2169 703 2210 ablatum
730 2170 802 2210 isti
830 2170 955 2222 dedit,
982 2170 1093 2225 quod
1120 2174 1231 2212 esset
1252 2173 1421 2227 signum
1442 2172 1578 2227 magis
1599 2182 1633 2208 35

248 2228 429 2269 istorum
450 2242 576 2281 quam
598 2228 790 2281 publicae
811 2228 1038 2270 libertatis.
1070 2228 1192 2270 Hanc
1212 2230 1334 2271 deam
1355 2230 1579 2284 quisquam

248 2286 411 2328 violare
444 2286 606 2341 audeat,
641 2287 719 2338 [et]
747 2286 977 2341 imaginem
1004 2287 1250 2342 meretricis,
1283 2291 1578 2330 ornamentum
