1619 2542
202 121 287 161 174
548 120 643 155 PRO
669 104 710 154 Α.
739 118 975 154 cLuENTm
1002 119 1190 155 ORATIO.

202 218 273 271 qui
298 231 385 258 non
412 216 713 271 contagionem
735 215 958 269 adspectus
977 214 1165 269 fugeret,
1189 215 1306 256 nocti
1330 230 1374 257 se
1394 216 1537 271 potius

201 290 249 317 ac
287 275 508 316 solitudini
547 289 674 328 quam
705 274 781 314 ulli
816 276 890 314 aut
920 273 1016 314 urbi
1048 276 1122 314 aut
1152 274 1314 328 hospiti
1345 275 1538 316 commit-

134 334 346 376 194tebat.
414 333 538 374 Nunc
578 347 678 374 vero
724 332 825 386 quid
866 334 986 387 agat,
1030 332 1131 387 quid
1171 332 1394 386 moliatur,
1438 333 1539 388 quid

201 393 380 447 denique
408 392 561 433 cotidie
588 391 762 444 cogitet,
789 405 914 445 quem
940 391 1139 445 ignorare
1164 394 1359 432 nostrum
1384 392 1537 445 putat?

201 451 315 499 Quos
348 450 595 505 appellarit,
628 450 782 503 quibus
814 450 1036 504 pecuniam
1067 449 1325 504 promiserit,
1357 464 1538 504 quorum
1574 461 1592 488 5

199 510 327 550 fidem
372 509 510 563 pretio
548 507 808 549 labefactare
847 510 1000 549 conata
1039 510 1113 561 sit,
1156 511 1361 550 tenemus.
1428 507 1539 557 Quin

202 569 330 609 etiam
364 570 574 608 nocturna
606 567 832 620 sacrificia,
870 580 977 621 quae
1009 569 1135 621 putat
1167 567 1401 608 occultiora
1432 581 1538 619 esse,

202 627 520 680 sceleratasque
553 625 642 666 eius
674 639 821 680 preces
853 628 896 666 et
926 624 1090 666 nefaria
1115 627 1217 666 vota
1242 625 1538 680 cognovimus3

202 685 354 739 quibus
396 685 474 725 illa
507 684 637 725 etiam
669 684 767 725 deos
799 684 1065 724 immortales
1099 684 1148 724 de
1181 698 1257 725 suo
1291 685 1447 725 scelere
1477 687 1538 725 te-

200 747 340 785 statur
381 757 516 797 neque
556 743 774 797 intellegit
812 743 973 797 pietate
1014 747 1056 783 et
1093 743 1298 796 religione
1336 745 1378 783 et
1413 743 1538 784 iustis
1558 754 1592 779 10

199 802 395 857 precibus
423 802 598 842 deorum
618 805 794 854 mentes,
819 815 904 842 non
926 800 1217 842 contaminata
1237 801 1538 856 superstitione

198 875 336 915 neque
369 861 421 901 ad
455 861 590 901 scelus
621 859 925 915 perficiendum
956 859 1090 900 caesis
1117 859 1271 900 hostiis
1297 874 1423 914 posse
1449 860 1537 914 pla-

200 920 297 961 cari.
373 917 503 960 Cuius
553 932 633 974 ego
684 918 873 959 furorem
922 920 1049 972 atque
1100 918 1394 959 crudelitatem
1435 918 1556 960 deos>

200 978 468 1019 immortales
500 992 525 1018 a
558 977 645 1018 suis
679 976 762 1017 aris
797 979 923 1031 atque
955 977 1128 1031 templis
1162 980 1412 1030 aspernatos
1446 991 1537 1018 esse

129 1022 192 1104 229
213 1036 391 1078 confido.
452 1035 555 1089 Vos,
586 1035 764 1088 iudices,
806 1049 911 1089 quos
949 1034 1049 1076 huic
1086 1034 1137 1076 A.
1177 1034 1374 1077 Cluentio
1414 1035 1536 1090 quasi
1556 1046 1589 1073 15

155 1079 197 1105 ³⁰
212 1096 379 1148 aliquos
420 1094 520 1135 deos
553 1094 604 1134 ad
637 1108 763 1134 omne
794 1094 908 1134 vitae
940 1096 1109 1148 tempus
1140 1093 1315 1135 fortuna
1347 1108 1438 1135 esse
1468 1109 1538 1135 vo-

201 1153 295 1207 luit,
327 1153 453 1194 huius
485 1152 855 1206 importunitatem
887 1153 1036 1193 matris
1070 1167 1094 1193 a
1125 1152 1204 1193 filii
1236 1152 1375 1207 capite
1401 1153 1538 1208 depel-

199 1212 286 1253 lite.
348 1211 477 1252 Multi
525 1225 650 1265 saepe
690 1211 735 1251 in
772 1210 996 1252 iudicando
1034 1214 1210 1265 peccata
1245 1211 1429 1252 liberum
1465 1226 1538 1266 pa-

199 1273 371 1311 reutum
422 1269 737 1310 misericordiae
787 1271 1103 1323 concesserunt,
1159 1284 1254 1322 vos,
1307 1284 1361 1310 ne
1411 1269 1537 1311 huius

199 1328 502 1370 honestissime
528 1331 668 1369 actam
688 1327 823 1368 vitam
843 1327 992 1369 matris
1013 1328 1255 1369 crudelitati
1275 1327 1537 1381 condonetis,
1556 1340 1590 1366 20

198 1402 423 1442 rogamus,
453 1387 710 1441 praesertim
743 1401 838 1427 cum
871 1401 921 1426 ex
954 1386 1090 1427 altera
1120 1388 1243 1440 parte
1274 1388 1414 1428 totum
1446 1401 1537 1428 mu-

198 1446 403 1499 nicipium
437 1445 578 1486 videre
610 1445 798 1499 possitis.
860 1444 1019 1486 Omnes
1053 1445 1223 1498 scitote,
1254 1445 1426 1496 iudices,
1458 1444 1537 1500 (in-

200 1504 402 1546 credibile
435 1504 550 1544 dictu
577 1505 654 1556 est,
687 1503 759 1544 sed
787 1518 812 1544 a
837 1518 904 1544 me
931 1503 1150 1544 verissime
1177 1502 1358 1559 dicetur)
1391 1517 1536 1545 omnes

198 1563 441 1615 Larinates,
486 1562 558 1617 qui
601 1562 845 1616 valuerunt,
888 1562 1054 1603 venisse
1091 1561 1292 1616 Romam,
1335 1564 1383 1603 ut
1425 1562 1537 1604 hunc

200 1621 341 1663 studio
374 1620 698 1675 frequentiaque
731 1636 824 1673 sua,
863 1623 1069 1675 quantum
1101 1623 1298 1675 possent,
1338 1620 1384 1661 in
1414 1623 1534 1662 tanto
1555 1631 1589 1658 2⁵

200 1681 289 1721 eius
330 1680 518 1733 periculo
558 1680 844 1720 sublevarent.
906 1678 1053 1720 Pueris
1092 1679 1200 1720 illud
1231 1679 1313 1720 hoc
1343 1681 1535 1733 tempore

200 1741 243 1779 et
272 1738 524 1779 mulieribus
552 1738 754 1792 oppidum
781 1737 935 1779 scitote
962 1752 1054 1779 esse
1079 1738 1299 1790 traditum,
1330 1736 1457 1791 idque
1490 1736 1534 1778 in

198 1796 443 1851 praesentia
469 1797 684 1838 communi
703 1795 856 1837 Italiae
881 1810 996 1851 pace,
1022 1810 1110 1837 non
1136 1794 1380 1837 domesticis
1401 1795 1534 1849 copiis

200 1869 291 1896 esse
331 1857 483 1895 tutum.
552 1853 667 1903 Quos
711 1857 856 1896 tamen
893 1854 1008 1908 ipsos
1047 1869 1178 1908 aeque
1216 1857 1259 1895 et
1296 1868 1385 1907 θος,
1428 1868 1533 1908 quos

199 1916 443 1967 praesentes
476 1913 647 1967 videtis,
686 1913 811 1954 huius
849 1913 1110 1967 exspectatio
1141 1911 1286 1953 iudicii
1318 1911 1405 1953 dies
1437 1926 1534 1954 noc·
1553 1923 1588 1950 30

133 1983 196 2014 196
212 1974 359 2025 tesque
404 1971 620 2012 sollicitat.
687 1971 787 2013 Non
829 1971 895 2012 illi
930 1985 1006 2012 vos
1050 1971 1100 2011 de
1142 1971 1268 2011 unius
1306 1970 1533 2025 municipis

199 2030 384 2071 fortunis
438 2029 720 2084 arbitrantur,
767 2030 838 2071 sed
881 2029 931 2070 de
970 2029 1105 2070 totius
1146 2028 1366 2082 municipii
1405 2031 1533 2083 statu,

201 2088 411 2142 dignitate
438 2088 753 2142 commodisque
775 2087 971 2129 omnibus
993 2087 1225 2128 sententias
1248 2101 1338 2128 esse
1358 2088 1533 2129 laturos.

201 2146 376 2188 Summa
425 2148 490 2186 est
542 2147 672 2198 enim,
721 2146 896 2199 iudices,
944 2145 1128 2186 hominis
1171 2145 1217 2186 in
1267 2160 1559 2187 communem.

201 2205 421 2259 municipii
458 2218 547 2244 rem
574 2203 814 2258 diligentia,
850 2204 897 2244 in
929 2203 1121 2258 singulos
1153 2204 1386 2258 municipes
1418 2203 1532 2245 beni-
1551 2213 1585 2241 35

202 2264 357 2319 gnitaS,
388 2263 433 2303 in
465 2276 611 2303 omnes
643 2262 837 2304 homines
868 2262 1035 2302 iustitia
1066 2265 1108 2303 et
1138 2262 1254 2304 fides,
1304 2263 1532 2303 Praeterea

198 2322 472 2363 nobilitatem
515 2320 638 2362 illam
681 2320 792 2362 inter
837 2334 936 2362 suos
973 2321 1197 2375 locumque
1234 2336 1260 2362 a
1297 2320 1530 2362 maioribus
