1619 2542
166 113 250 154 150
510 112 604 148 PRO
631 113 673 147 A.
702 113 939 148 CLUENTIO
967 112 1159 150 ORATIO.

164 209 262 250 dam
294 211 336 250 et
367 209 567 263 plausum
592 208 845 263 popularem
878 222 970 249 esse
1004 209 1256 263 quaesitum.
1316 209 1430 252 Nam
1461 211 1505 252 in

162 267 208 310 P.
233 267 462 322 Popilium,
496 267 568 321 qui
594 267 879 322 Oppianicum
905 267 1221 322 condemnarat,
1251 268 1505 323 subscripsit

160 326 207 368 L.
240 325 422 379 Gellius,
464 326 577 380 quod
620 326 656 366 is
698 325 923 380 pecuniam
965 326 1217 380 accepisset,
1262 341 1345 381 quo
1385 328 1504 369 inno-

161 388 327 427 centem
368 385 681 426 condemnaret.
743 383 836 425 Iam
873 384 917 425 id
953 384 1092 439 ipsum
1128 388 1311 440 quantae
1344 386 1504 427 divina-

161 444 293 485 tionis
320 446 397 497 est,
424 444 530 484 scire
555 443 827 484 innocentem
852 442 984 484 fuisse
1010 458 1142 497 reum,
1169 458 1293 497 quem
1317 443 1503 486 fortasse
1522 458 1539 484 5

159 517 395 556 numquam
420 502 598 555 viderat,
630 516 726 542 cum
756 501 953 543 homines
987 503 1296 556 sapientissimi
1330 503 1503 557 iudices,

159 564 209 602 ut
233 561 341 602 nihil
369 561 505 602 dicam
532 560 582 601 de
607 560 674 613 iis,
702 560 773 614 qui
800 560 1148 614 condemnarunt,
1175 575 1305 602 causa
1331 562 1504 617 cognita

161 620 244 661 sibi
277 620 474 660 dixerunt
506 633 593 660 non
624 619 802 673 liquere!

92 689 158 720 132
249 678 411 719 Verum
444 680 555 731 esto,
588 677 844 719 condemnat
875 677 1091 732 Popilium
1124 677 1304 732 Gellius,
1343 679 1503 721 iudicat

160 737 374 792 accepisse
407 751 432 777 a
464 736 662 778 Cluentio
695 736 930 790 pecuniam.
986 735 1130 790 Negat
1162 736 1243 778 hoc
1276 736 1501 791 Lentulus,
1524 751 1557 776 10

158 811 258 837 nam
289 795 524 850 Popilium,
563 794 676 849 quod
709 797 801 835 erat
833 795 1025 835 libertini
1055 795 1189 849 filius,
1226 796 1271 836 in
1305 799 1503 838 senatum

158 869 245 896 non
282 854 405 909 legit,
443 855 585 895 locum
623 853 795 908 quidem
834 854 1097 894 senatorium
1135 854 1246 895 ludis
1286 857 1329 895 et
1361 857 1502 896 cetera

159 915 413 954 ornamenta
454 911 649 966 reliquit,
688 914 730 953 et
774 926 870 953 eum
911 912 1027 953 omni
1062 912 1300 967 ignominia
1334 913 1502 955 liberat.

159 971 282 1020 Quod
325 987 420 1013 cum
463 971 586 1024 facit,
629 970 791 1011 iudicat
835 971 924 1011 eius
971 971 1185 1012 sententia
1229 973 1364 1026 gratis
1409 986 1501 1014 esse

159 1030 443 1085 Oppianicum
506 1029 847 1071 condemnatum.
932 1029 991 1070 Et
1047 1029 1226 1070 eundem
1281 1030 1495 1085 Popilium
1517 1042 1549 1069 15

158 1092 311 1144 postea
329 1089 538 1129 Lentulus
564 1088 609 1128 in
635 1088 822 1129 ambitus
849 1088 1004 1129 iudicio
1030 1103 1108 1142 pro
1129 1089 1376 1130 testimonio
1407 1090 1502 1130 dili-

159 1147 411 1202 gentissime
443 1147 604 1188 laudat.
666 1145 822 1200 Quare,
864 1147 900 1187 si
940 1161 1075 1200 neque
1113 1146 1159 1187 L.
1192 1146 1303 1188 Gelli
1345 1148 1501 1190 iudicio

160 1206 282 1247 stetit
313 1205 521 1247 Lentulus
554 1219 691 1259 neque
717 1204 890 1246 Lentuli
923 1205 1240 1246 existimatione
1274 1209 1500 1248 contentus

157 1264 240 1306 fuit
281 1263 466 1318 Gellius,
508 1266 550 1305 et
593 1265 629 1304 si
668 1265 846 1318 uterque
884 1277 1034 1305 censor
1071 1264 1258 1305 censoris
1300 1265 1500 1319 opinione

159 1323 359 1364 standum
396 1338 481 1364 non
520 1322 707 1377 putavit,
745 1322 846 1376 quid
884 1324 967 1375 est,
1005 1337 1133 1376 quam
1172 1322 1226 1363 ob
1264 1337 1354 1364 rem
1387 1325 1500 1378 quis·
1520 1335 1554 1360 20

159 1397 287 1436 quam
331 1384 528 1423 nostrum
573 1381 788 1423 censorias
834 1381 1168 1435 subscriptiones
1207 1395 1354 1423 omnes
1392 1382 1498 1423 fixas

158 1443 202 1482 et
233 1441 277 1481 in
308 1443 566 1495 perpetuum
598 1442 715 1480 ratas
748 1441 872 1493 putet
904 1453 996 1480 esse
1029 1440 1256 1493 oportere?

86 1495 142 1536 48
260 1499 319 1540 At
349 1499 394 1540 in
425 1499 568 1553 ipsum
599 1497 810 1539 Habitum
850 1498 1254 1540 animadverterunt.
1322 1498 1500 1540 Nullam

89 1548 154 1578 133
171 1558 341 1612 quidem
374 1557 428 1599 ob
460 1557 784 1612 turpitudinem,
815 1557 982 1598 nullum
1015 1557 1068 1598 ob
1101 1557 1236 1598 totius
1268 1557 1382 1598 vitae
1412 1572 1500 1599 non

158 1617 297 1658 dicam
328 1617 493 1669 vitium,
527 1616 600 1657 sed
632 1618 831 1657 erratum.
887 1614 1037 1669 Neque
1069 1615 1182 1656 enim
1213 1616 1294 1657 hoc
1325 1616 1497 1657 homine
1518 1626 1551 1652 25

158 1675 346 1716 sanctior
376 1689 514 1728 neque
546 1675 722 1728 probior
752 1689 889 1728 neque
920 1674 965 1714 in
997 1674 1194 1715 omnibus
1221 1674 1373 1715 officiis
1398 1674 1498 1715 reti-

155 1733 306 1774 nendis
355 1733 604 1788 diligentior
645 1747 736 1774 esse
779 1733 1005 1787 quisquam
1045 1735 1208 1787 potest3
1254 1746 1390 1786 neque
1430 1732 1497 1773 illi

158 1791 283 1832 aliter
310 1791 466 1846 dicunt,
494 1792 567 1833 sed
594 1792 772 1833 eandem
798 1791 920 1832 illam
944 1791 1106 1832 famam
1132 1790 1278 1832 iudicii
1304 1791 1496 1844 corrupti

158 1850 294 1891 secuti
331 1853 447 1903 sunt3
488 1865 625 1904 neque
663 1850 748 1905 ipsi
785 1864 905 1891 secus
945 1850 1211 1901 existimant,
1252 1863 1377 1903 quam
1417 1863 1495 1890 nos

157 1907 394 1949 existimari
413 1908 610 1949 volumus
632 1909 682 1949 de
702 1908 827 1950 liuius
848 1908 1022 1963 pudore,
1041 1907 1303 1962 integritate,
1323 1907 1496 1962 virtute,
1515 1918 1550 1943 30

158 1966 232 2008 sed
269 1968 477 2020 putarunt
515 1967 805 2020 praetermitti
844 1968 1132 2008 accusatorem
1168 1980 1255 2006 non
1291 1966 1494 2031 potuisse,

157 2039 253 2066 cum
281 2025 526 2066 animadvei
531 2040 624 2066 sum
650 2025 794 2066 esset
783 2039 828 2066 in
847 2025 1018 2066 iudices,
1062 2022 1154 2072 Qua
1174 2024 1223 2064 de
1243 2038 1288 2065 re
1311 2022 1437 2081 [tota]
1459 2025 1496 2065 si

156 2098 288 2125 unum
327 2083 491 2124 factum
538 2097 588 2124 ex
629 2084 746 2125 omni
788 2083 1045 2137 antiquitate
1085 2082 1325 2136 protulero,
1369 2083 1496 2137 plura

86 2152 254 2183 134non
298 2141 447 2183 dicam.
514 2140 613 2182 Non
657 2143 770 2182 enim
813 2141 921 2183 mihi
967 2141 1209 2193 exemplum
1255 2141 1410 2182 summi
1453 2144 1496 2182 et

156 2200 384 2242 clarissimi
408 2199 501 2253 viri,
527 2199 571 2241 P.
592 2199 796 2251 Africani,
822 2199 1178 2254 praetereundum
1203 2198 1390 2251 videtur,
1423 2199 1495 2253 qui
1513 2208 1548 2235 35
1598 2227 1599 2232 ,

156 2273 250 2300 cum
295 2261 406 2300 esset
450 2272 599 2299 censor
644 2260 686 2299 et
727 2258 773 2299 in
817 2257 1008 2312 equitum
1051 2271 1179 2298 censu
1224 2256 1269 2299 C.
1305 2232 1494 2299 Licinius

156 2316 361 2359 Sacerdos
393 2316 619 2371 prodisset,
650 2316 765 2357 clara
796 2330 909 2370 voce,
935 2316 983 2356 ut
1016 2316 1153 2357 omnis
1180 2316 1322 2358 contio
1349 2315 1494 2358 audire
