1687 2533
572 124 672 160 CAP.
701 128 735 168 7,
765 127 785 159 8
812 127 830 165 g
859 127 1007 158 16—20.
1353 121 1437 162 437

104 221 154 262 de
186 220 426 262 Tusculano
467 220 519 261 ad
550 220 653 262 item
687 220 871 262 vicinum
904 220 1086 260 alterum
1119 218 1337 260 consulem
1370 217 1440 259 de-

102 279 368 333 ferebantur,
412 293 506 320 cum
551 279 686 320 isdem
724 278 864 333 operis
903 277 1154 332 suffragium
1191 276 1439 329 ferentibus,

104 338 250 380 eodem
280 338 518 392 gladiatore
543 337 693 391 latore,
724 351 857 378 vacuo
884 351 970 378 non
995 336 1121 377 modo
1149 351 1174 377 a
1198 335 1333 389 bonis,
1367 335 1440 376 sed

106 397 234 438 etiam
261 412 286 438 a
305 397 451 438 liberis
473 399 600 451 atque
619 397 735 438 inani
754 396 861 449 foro,
880 396 1030 451 ignaro
1051 395 1210 450 populo
1231 394 1440 447 Romano,

69 467 84 493 5
105 456 206 510 quid
232 458 442 511 ageretur,
474 459 623 497 senatu
648 469 749 496 vero
776 469 981 508 oppresso
1009 458 1051 495 et
1078 453 1247 495 adflicto
1276 453 1439 494 duobus

103 514 246 569 impiis
296 514 554 569 nefariisque
603 513 848 555 consulibus
899 513 1127 566 aerarium,
1183 511 1439 567 provinciae,

104 573 314 629 legiones,
346 573 526 627 imperia
557 572 837 614 donabantur.

191 631 357 673 Horum
396 632 615 674 consulum
655 631 799 672 ruinas
837 645 913 672 vos
952 630 1147 671 consules
1179 631 1325 671 vestra
1358 628 1439 669 vir·
1466 627 1490 669 8

103 694 196 732 tute
244 690 427 732 fulsistis
476 705 643 732 summa
689 691 958 731 tribunorum
1009 689 1065 743 pl.
1109 690 1439 743 praetorumque

51 761 84 786 10
103 749 185 790 fide
217 751 260 791 et
285 749 507 805 diligentia
538 749 761 791 sublevati.
824 747 933 796 Qui-d
964 762 1043 802 ego
1077 747 1126 788 de
1158 745 1438 801 praestantis-
1468 756 1509 787 19

105 809 212 850 simo
257 808 367 862 viro,
411 808 457 849 T.
495 807 656 861 Annio,
702 807 855 859 dicam,
900 809 974 847 aut
1013 807 1107 860 quis
1146 806 1195 847 de
1233 805 1312 846 tali
1350 804 1440 846 cive

105 867 210 908 satis
243 867 370 922 digne
401 881 604 921 umquam
634 866 861 921 loquetur?
919 865 1000 914 Qui
1032 880 1126 907 cum
1158 864 1322 905 videret
1354 877 1439 904 sce-

103 927 288 967 leratum
320 926 454 967 civem
487 929 560 967 aut
587 925 863 966 domesticum
888 924 1032 978 potius
1058 923 1240 976 hostem,
1274 923 1310 963 si
1335 922 1440 977 legi-

103 985 183 1026 bus
215 984 280 1025 uti
310 984 473 1037 liceret,
511 984 666 1026 iudicio
699 998 790 1025 esse
822 982 1124 1038 frangendum,
1157 982 1224 1022 sin
1253 981 1349 1035 ipsa
1379 982 1438 1021 iu-

51 1055 85 1081 15
105 1043 214 1085 dicia
268 1043 332 1084 vis
382 1043 607 1098 impediret
656 1057 704 1084 ac
753 1041 941 1096 tolleret,
998 1041 1220 1082 audaciam
1269 1040 1441 1093 virtute,

103 1102 289 1143 furorem
308 1101 571 1153 fortitudine,
591 1102 879 1143 temeritatem
895 1100 1083 1153 consilio,
1104 1114 1278 1141 manum
1295 1098 1441 1152 copiiS,

103 1161 190 1202 vim
239 1161 282 1202 vi
331 1175 423 1201 esse
473 1161 772 1215 superandam,
821 1159 960 1214 primo
1006 1159 1055 1199 de
1099 1158 1146 1200 vi·
1184 1156 1441 1212 postulavit,

102 1222 383 1274 posteaquam
421 1219 474 1260 ab
513 1219 661 1260 eodem
698 1218 854 1260 iudicia
891 1218 1062 1258 sublata
1101 1231 1193 1258 esse
1224 1216 1351 1269 vidit,
1387 1229 1440 1255 ne

103 1279 177 1319 ille
204 1278 346 1319 omnia
370 1277 413 1319 vi
438 1280 586 1332 posset
611 1277 790 1330 efficere,
822 1276 1004 1330 curavit,
1037 1276 1109 1330 qui
1136 1275 1278 1316 docuit
1303 1287 1440 1327 neque

52 1349 86 1373 20
103 1339 218 1378 tecta
266 1351 401 1390 neque
450 1337 613 1390 templa
662 1350 798 1389 neque
841 1334 981 1376 forum
1025 1348 1101 1374 nec
1145 1333 1305 1375 curiam
1351 1332 1440 1373 sine

106 1410 272 1436 summa
308 1395 466 1436 virtute
504 1409 552 1435 ac
589 1394 787 1435 maximis
827 1393 978 1447 opibus
1012 1396 1054 1433 et
1085 1392 1218 1445 copiis
1250 1391 1303 1432 ab
1335 1391 1441 1431 inte-

107 1454 219 1495 stino
252 1453 478 1494 latrocinio
510 1467 635 1507 posse
668 1451 846 1505 defendi,
879 1452 949 1505 qui
983 1451 1146 1505 primus
1172 1452 1272 1503 post
1298 1463 1440 1490 meum

107 1513 339 1553 discessum
383 1514 543 1552 metum
588 1510 729 1563 bonis,
779 1524 898 1564 spem
943 1509 1190 1562 audacibus,
1242 1507 1441 1548 timorem

106 1571 204 1612 huic
225 1570 374 1623 ordini,
401 1569 650 1611 servitutem
671 1569 831 1623 depulit
851 1568 1028 1609 civitati.
1073 1566 1210 1615 Quam
1229 1567 1438 1607 rationem
1466 1576 1511 1607 20

55 1641 88 1666 25
107 1629 202 1684 pari
241 1629 417 1681 virtute,
456 1628 617 1681 animo,
653 1627 734 1668 fide
765 1626 809 1668 P.
842 1625 1004 1667 Sestius
1037 1628 1206 1667 secutus
1237 1639 1315 1679 pro
1348 1639 1442 1665 mea

108 1689 257 1740 salute,
283 1702 360 1742 pro
388 1689 532 1727 vestra
558 1686 826 1739 auctoritate,
851 1699 927 1739 pro
955 1687 1071 1726 statu
1092 1684 1278 1725 civitatis
1299 1683 1439 1724 nullas

109 1747 190 1788 sibi
220 1745 484 1798 inimicitias,
522 1745 688 1785 nullam
720 1744 825 1797 vim,
861 1744 1004 1784 nullos
1035 1743 1240 1796 impetus,
1272 1742 1440 1782 nullum

107 1805 221 1847 vitae
248 1804 474 1846 discrimen
499 1803 719 1844 vitandum
742 1817 943 1856 umquam
964 1801 1150 1856 putavit,
1176 1801 1249 1855 qui
1269 1815 1441 1841 causam

110 1867 282 1905 senatus
328 1863 589 1917 exagitatam
629 1861 899 1903 contionibus
936 1860 1230 1915 improborum
1268 1859 1328 1900 sic
1366 1873 1442 1899 sua

57 1934 91 1959 30
110 1922 333 1977 diligentia
367 1921 633 1962 multitudini
666 1919 995 1970 commendavit,
1031 1922 1080 1960 ut
1109 1918 1217 1959 nihil
1249 1921 1339 1959 tam
1371 1932 1441 1971 po-

110 1981 258 2035 pulare
309 1995 435 2034 quam
484 1982 677 2020 vestrum
724 1992 898 2028 nomen,
946 1977 1055 2018 nihil
1103 1979 1194 2018 tam
1245 1975 1441 2017 omnibus

111 2054 254 2080 carum
299 2038 527 2092 aliquando
575 2052 701 2092 quam
748 2038 892 2078 vestra
934 2036 1166 2077 auctoritas
1209 2035 1441 2087 vide1-etur3

112 2098 184 2152 qui
234 2111 301 2138 me
351 2112 446 2138 cum
496 2096 692 2138 omnibus
741 2095 884 2148 rebus,
937 2094 1090 2148 quibus
1139 2093 1336 2134 tribunus
1386 2092 1441 2145 pl.

112 2156 264 2209 potuit,
295 2155 494 2209 defendit,
524 2158 617 2196 tum
643 2153 817 2207 reliquis
845 2153 1009 2206 officiis,
1040 2153 1160 2193 iuxta
1186 2166 1233 2192 ae
1261 2150 1297 2191 si
1322 2164 1440 2190 meus

56 2225 90 2251 35
111 2215 246 2254 frater
277 2216 400 2266 esset,
433 2213 708 2266 sustentavit,
740 2212 857 2254 cuius
890 2225 967 2266 ego
995 2211 1232 2263 clientibus,
1262 2208 1442 2261 libertis,

111 2272 294 2323 familia,
332 2271 481 2326 copiis,
518 2271 676 2313 litteris
708 2271 771 2311 ita
803 2285 896 2311 sum
930 2272 1213 2320 sustentatus,
1244 2270 1291 2307 ut
1322 2280 1442 2308 meae

115 2330 372 2372 calamitatis
414 2344 500 2371 non
543 2330 712 2371 adiutor
755 2329 909 2383 solum,
951 2342 1097 2369 verum
1136 2327 1264 2367 etiarn
1303 2325 1442 2366 socius
