1619 2542
575 56 677 91 CAP.
706 59 842 91 15—18
869 60 888 99 s
915 60 1063 91 33-37.
1413 57 1499 98 315

154 167 288 194 annos
339 154 407 194 tot
450 152 627 207 proeliis
669 154 735 194 tot
778 152 1061 207 imperatores
1104 152 1218 194 bella
1263 157 1500 208 gesserunt,

155 212 274 254 cuius
321 210 487 266 expulsi
531 213 575 252 et
619 210 743 252 eiecti
779 210 870 252 vita
907 211 1020 252 tanti
1058 211 1288 253 aestimata
1326 214 1409 266 est,
1452 215 1500 253 ut

157 274 294 312 morte
333 271 422 311 eius
461 270 658 311 nuntiata
700 270 878 323 denique
915 269 1077 311 bellum
1116 269 1357 312 confectum
1390 271 1500 312 arbi-

155 327 374 370 traretur?
437 327 531 369 Hoc
569 328 702 383 igitur
739 328 784 369 in
822 328 936 370 bello
967 328 1013 370 L.
1045 328 1268 370 Murenam
1306 330 1501 384 legatum

120 399 136 425 5
156 387 381 429 fortissimi
407 386 552 440 animi,
578 387 734 428 summi
760 387 939 440 consilii,
965 387 1142 429 maximi
1167 387 1330 429 laboris
1358 388 1499 443 cogni-

154 450 248 488 tum
280 459 373 487 esse
405 445 683 499 defendimus,
715 448 758 486 et
789 445 902 488 hanc
930 446 1020 487 eius
1048 460 1221 501 operam
1246 460 1335 488 non
1359 447 1499 488 minus

156 505 208 546 ad
264 504 537 547 consulatum
594 503 915 559 adipiscendum
965 519 1093 559 quam
1143 505 1253 547 hanc
1302 509 1501 547 nostram

153 564 368 605 forensem
399 562 655 605 industriam
689 562 914 618 dignitatis
945 563 1160 605 habuisse.

242 621 304 664 At
342 622 454 663 enim
492 622 537 663 in
573 624 799 677 praeturae
835 622 1046 677 petitione
1077 623 1195 677 prior
1226 623 1499 665 renuntiatus

102 693 136 718 10
156 683 221 722 est
259 679 444 722 Servius,
507 679 748 736 Pergitisne
786 695 862 722 vos
900 683 1122 735 tamquam
1161 695 1211 722 ex
1249 681 1502 737 syngrapha

157 753 282 794 agere
327 754 424 781 cum
467 739 645 793 populo,
688 742 754 793 ut,
799 754 925 794 quem
967 740 1110 782 locum
1152 740 1283 781 semel
1323 740 1499 782 honoris

155 798 340 852 cuipiam
381 798 560 851 dederit,
607 798 786 839 eundem
827 798 1005 853 reliquis
1042 799 1278 840 honoribus
1317 799 1500 841 debeat?

155 856 277 905 Quod
308 857 422 898 enim
454 856 626 907 fretum,
658 871 786 911 quem
817 856 1028 911 Euripum
1060 860 1128 899 tot
1153 860 1309 912 motus,
1341 860 1500 912 tantas,

154 919 243 956 tam
274 915 416 957 varias
448 915 606 957 habere
638 915 802 969 putatis
835 916 1094 970 agitationes
1125 917 1501 958 commutationes-

102 986 135 1011 15
156 988 236 1028 que
260 973 478 1029 fluctuum,
505 976 688 1028 quantas
714 975 1062 1029 perturbationes
1087 976 1130 1016 et
1150 978 1335 1028 quantos
1356 978 1500 1017 aestus

152 1033 284 1074 habet
324 1033 434 1074 ratio
475 1032 774 1075 comitiorum?
849 1032 952 1074 Dies
991 1033 1263 1075 intermissus
1303 1036 1377 1075 aut
1414 1049 1500 1075 nox

152 1091 410 1146 interposita
437 1105 562 1145 saepe
587 1092 815 1146 perturbat
837 1092 992 1146 omnia,
1019 1095 1062 1133 et
1086 1094 1226 1134 totam
1254 1092 1500 1146 opinionem

152 1164 289 1205 parva
319 1164 407 1192 non
438 1164 674 1204 numquam
707 1154 946 1192 commutat
979 1165 1083 1192 aura
1114 1152 1312 1192 rumoris.
1363 1150 1499 1206 Saepe

154 1208 284 1250 etiam
323 1209 413 1250 sine
453 1209 542 1250 ulla
579 1212 728 1263 aperta
767 1223 895 1251 causa
932 1209 982 1250 fit
1021 1209 1154 1263 aliud,
1193 1212 1319 1264 atque
1357 1210 1500 1251 existi-

99 1279 134 1304 20
154 1267 302 1321 maris,
346 1269 395 1308 ut
432 1281 519 1309 non
556 1281 790 1321 numquam
828 1267 889 1308 ita
925 1267 1089 1308 factum
1127 1282 1219 1309 esse
1259 1268 1390 1309 etiam
1429 1283 1498 1321 po-

153 1326 278 1379 pulus
319 1325 570 1379 admiretur,
608 1326 731 1379 quasi
767 1339 868 1367 vero
906 1340 992 1367 non
1031 1326 1124 1379 ipse
1155 1325 1315 1368 fecerit.
1377 1325 1499 1367 Nihil

155 1385 222 1424 est
245 1383 450 1425 incertius
477 1384 619 1438 vulgo,
645 1383 755 1425 nihil
777 1384 999 1425 obscurius
1019 1384 1243 1425 voluntate
1262 1384 1499 1438 hominum,

153 1441 262 1482 nihil
293 1441 490 1484 fallacius
523 1441 691 1483 ratione
722 1444 817 1483 tota
850 1442 1137 1483 comitiorum.
1199 1441 1303 1490 Quis
1336 1442 1382 1483 L.
1401 1442 1499 1484 Phi—

154 1500 319 1554 lippum
353 1514 519 1542 summo
552 1500 736 1555 ingenio,
768 1514 909 1554 opera,
942 1501 1094 1556 gratia,
1124 1501 1354 1542 nobilitate
1387 1516 1412 1542 a
1442 1500 1499 1543 M.

101 1570 134 1596 25
154 1558 370 1600 Herennio
410 1558 603 1613 superari
639 1572 766 1613 posse
805 1558 1040 1600 arbitratus
1073 1559 1172 1601 est?
1216 1559 1310 1614 quis
1343 1558 1389 1608 Q.
1423 1558 1499 1601 Ca-

154 1617 295 1659 tulum
325 1616 606 1670 humanitate,
639 1617 861 1671 sapientia,
892 1617 1143 1672 integritate
1169 1619 1497 1660 antecellentem

156 1691 180 1717 a
205 1674 280 1718 Cn.
301 1674 449 1717 Mallio
463 1675 484 1717 ’Β
512 1675 604 1730 quis
624 1673 680 1716 M.
701 1673 918 1729 Scaurum,
944 1675 1162 1718 hominem
1183 1677 1498 1732 gravissimum,

155 1735 289 1775 civem
316 1734 550 1789 egregium,
575 1733 861 1775 fortissimum
880 1738 1134 1789 senatorem,
1162 1750 1185 1776 a
1206 1734 1253 1785 Q.
1274 1734 1497 1778 Maximo?

155 1791 256 1834 Non
288 1793 415 1834 modo
447 1793 601 1834 horum
632 1792 741 1833 m'hil
772 1792 835 1833 ita
868 1792 960 1834 fore
991 1795 1192 1848 putatum
1224 1796 1307 1848 est,
1340 1795 1413 1836 sed
1445 1809 1498 1836 ne

102 1860 136 1887 ³0
157 1865 251 1892 cum
284 1854 396 1892 esset
426 1851 587 1893 factum
619 1850 802 1905 quidem,
835 1866 964 1905 quare
995 1852 1059 1893 ita
1092 1852 1253 1894 factum
1280 1856 1405 1907 esset,
1435 1853 1499 1895 in-

155 1909 305 1964 tellegi
335 1909 488 1964 potuit.
548 1909 679 1962 Nam,
717 1911 766 1950 ut
800 1911 1081 1965 tempestates
1115 1925 1241 1965 saepe
1273 1914 1390 1953 certo
1424 1911 1498 1952 ali-

157 1981 240 2021 quo
278 1968 384 2009 caeli
416 1968 538 2023 signo
571 1970 910 2021 commoventur,
950 1983 1077 2024 saepe
1109 1969 1344 2024 improviso
1376 1970 1498 2011 nulla

157 2039 207 2066 cx
246 2028 361 2067 certa
398 2028 563 2068 ratione
603 2027 783 2068 obscura
824 2026 968 2081 aliqua
1000 2042 1051 2069 ex
1084 2042 1211 2070 causa
1244 2027 1497 2082 excitantur,

1516 598 1567 639 17

1527 651 1570 681 35

1526 1340 1569 1371 36

157 2083 217 2125 sic
252 2083 297 2124 in
333 2084 414 2127 hac
452 2085 723 2127 comitiorum
755 2087 1014 2139 tempestate
1045 2086 1246 2140 populari
1277 2100 1404 2139 saepe
1435 2087 1525 2127 in-,

103 2153 137 2179 35
156 2141 356 2197 tellegas,
401 2157 483 2196 quo
523 2143 646 2198 signo
685 2146 900 2184 commota
937 2144 1011 2198 sit,
1051 2159 1176 2198 saepe
1216 2144 1278 2185 ita
1315 2144 1496 2186 obseura

158 2202 234 2252 est,
265 2202 314 2240 ut
345 2214 446 2242 casu
477 2202 661 2243 excitata
694 2215 785 2242 esse
818 2201 1024 2244 videatur.
1070 2203 1151 2244 Sed
1183 2205 1328 2243 tamen
1361 2203 1398 2244 si
1431 2207 1495 2244 est
1514 2191 1566 2231 18

156 2258 368 2300 reddenda
400 2260 524 2314 ratio,
556 2260 661 2301 duae
693 2273 760 2300 res
791 2259 1066 2302 vehementer
1090 2262 1135 2302 in
1160 2263 1364 2316 praetura
1391 2261 1495 2303 desi-

1523 2241 1566 2273 37
