1687 2533
508 99 607 135 CAP.
637 103 774 135 12-14
800 103 818 142 g
845 103 995 136 33—38.
1323 99 1407 139 471

66 197 181 238 alter
200 195 394 250 Oresten,
421 196 531 237 alter
550 195 749 237 Pisonem
770 196 1003 250 adoptavit,
1032 210 1136 250 quas
1158 195 1410 250 adoptiones

70 255 183 296 sicut
206 255 313 297 alias
333 254 667 296 innumerabiles
688 255 948 296 hereditates
967 254 1168 308 nominis,
1193 254 1409 319 pecuniae,

68 327 286 354 sacrorum
325 315 494 354 secutae
532 313 773 354 811111.Τ11
811 327 947 368 neque
985 311 1192 354 Fonteius
1235 327 1298 366 eS,
1337 313 1410 378 qui

68 386 159 413 8888
192 371 388 426 debebas
419 385 554 425 neque
586 371 723 426 patris
755 372 878 413 heres
909 386 1045 426 neque
1078 372 1249 413 amissis
1277 371 1408 412 sacris

32 430 258 484 §pateinis
309 430 354 471 in
396 430 500 471 haec
544 430 747 485 adoptiva
790 430 958 471 venisti.
1030 429 1098 471 Ita
1142 430 1407 485 perturbatis

69 488 218 543 sacris,
257 488 557 530 contaminatis
596 488 814 544 gentibus,
854 491 897 530 et
935 503 1063 543 quam
1102 488 1327 529 deseruisti
1366 490 1409 530 81

68 562 196 601 quam
234 547 448 601 polluisti,
484 547 573 588 iure
607 547 836 596 Quiritium
870 547 1065 602 legitimo
1097 548 1332 588 tutelarum
1366 550 1409 588 81

66 605 370 646 hereditatium
408 605 556 647 relicto
595 606 736 647 factus
776 620 819 647 88
859 606 947 647 81118
985 606 1098 647 filius
1138 608 1289 648 contra
1329 605 1409 659 fas,

69 663 187 705 cuius
231 678 307 718 per
352 666 537 706 aetatem
580 666 703 719 pater
746 679 837 706 esse
881 664 1072 719 potuisti.
1144 664 1251 706 Dico
1296 664 1409 719 apud

16 733 50 759 10
70 722 312 776 pontifices,
343 736 453 777 nego
484 723 611 764 istam
645 722 920 777 adoptionem
952 723 1170 778 pontificio
1199 723 1290 764 iure
1318 737 1409 764 8888

67 781 247 835 factam,
278 781 462 835 primum
495 781 607 836 quod
640 796 712 822 eae
744 784 910 823 vestrae
944 785 1043 823 sunt
1075 784 1250 834 aetates,
1282 784 1330 822 ut
1361 781 1410 832 is,

69 839 140 893 qui
178 842 222 880 18
264 839 504 894 adoptavit,
542 840 609 881 vel
641 840 720 881 filii
752 840 833 881 tibi
865 841 957 882 loco
990 855 1066 895 per
1097 843 1284 882 aetatem
1317 854 1410 882 esse

67 897 256 952 potuerit
293 898 360 939 vel
399 913 466 951 eo,
505 913 587 952 quo
627 898 726 953 fuit,
765 899 913 940 deinde
953 899 1065 953 quod
1104 913 1232 940 causa
1265 899 1411 953 quaeri

70 957 179 998 solet
217 956 464 1011 adoptandi,
501 959 549 998 ut
588 959 630 998 et
666 957 702 998 is
742 957 934 1012 adoptet,
974 958 1063 1011 qui,
1105 958 1218 1012 quod
1255 960 1411 998 natura

15 1026 49 1051 15
69 1015 154 1055 iam
204 1014 378 1069 adsequi
419 1030 505 1056 non
542 1017 703 1070 potest,
748 1016 943 1071 legitimo
982 1019 1025 1056 81
1062 1016 1281 1070 pontificio
1320 1016 1411 1056 iure

69 1076 264 1127 quaerat,
302 1076 344 1114 ct
390 1073 452 1115 ita
485 1073 678 1128 adoptet,
715 1077 764 1115 ut
793 1089 846 1115 ne
879 1074 981 1128 quid
1013 1077 1087 1115 aut
1119 1074 1169 1115 de
1201 1074 1412 1129 dignitate

71 1146 274 1187 generum
307 1134 380 1173 aut
413 1132 462 1173 de
495 1147 712 1173 sacrorum
738 1133 946 1188 religione
972 1133 1204 1184 minuatur,
1235 1133 1342 1173 illud
1367 1133 1413 1173 in

68 1190 237 1244 primis,
268 1205 321 1231 118
354 1205 436 1244 qua
468 1191 699 1244 calumnia,
731 1206 784 1232 ne
817 1207 899 1246 qua
933 1192 1066 1244 fraus,
1097 1206 1151 1232 ne
1186 1191 1258 1246 qui
1290 1192 1411 1232 dolus

71 1248 342 1302 adhibeatur3
368 1251 416 1290 ut
439 1248 544 1290 haec
565 1250 769 1291 simulata
790 1250 959 1303 adeptio
980 1250 1059 1290 filii
1080 1265 1206 1305 quam
1227 1250 1412 1291 maxime

17 1318 52 1343 20
72 1307 296 1348 veritatem
322 1307 444 1348 illam
471 1308 837 1361 suscipiendorum
862 1309 1097 1349 liberorum
1124 1309 1294 1349 imitata
1320 1322 1412 1349 8888

71 1365 276 1406 videatur.
339 1365 456 1414 Quae
489 1366 625 1406 maior
657 1366 871 1407 calumnia
903 1369 968 1407 881
1000 1381 1129 1420 quam
1161 1367 1304 1407 venire
1337 1366 1411 1407 im-

70 1423 250 1464 berbum
299 1423 664 1465 adulescentulum
708 1425 814 1465 bene
860 1425 1074 1466 valentem
1112 1439 1160 1466 ac
1198 1425 1412 1478 maritum,

72 1482 209 1523 dicere
248 1496 291 1522 se
330 1481 466 1522 filium
509 1484 752 1523 senatorem
789 1483 939 1537 populi
970 1483 1155 1524 Romani
1188 1483 1270 1524 sibi
1302 1484 1412 1524 velle

73 1540 296 1594 adoptare3
328 1540 371 1580 id
403 1543 545 1582 autem
579 1541 687 1582 scire
720 1544 762 1582 et
788 1542 930 1582 videre
963 1556 1121 1594 omnes,
1153 1556 1239 1583 non
1265 1544 1312 1582 ut
1338 1542 1412 1582 ille

18 1610 52 1635 25
73 1598 185 1639 filius
224 1598 492 1651 instituatur,
532 1599 604 1639 sed
635 1602 683 1640 ut
715 1614 736 1640 8
768 1600 960 1653 patriciis
993 1603 1115 1641 exeat
1146 1603 1183 1641 et
1214 1600 1412 1641 tribunus

72 1656 210 1711 plebis
243 1657 335 1697 fieri
366 1657 515 1711 possit,
548 1657 703 1698 idcirco
738 1658 947 1712 adoptari,
978 1673 1114 1712 neque
1147 1659 1189 1699 id
1217 1659 1412 1711 obscure3

71 1729 172 1756 nam
210 1715 463 1770 adoptatum
502 1716 763 1770 emancipaii
795 1716 960 1770 statim,
998 1731 1050 1758 ne
1083 1717 1140 1758 sit
1166 1717 1254 1758 eius
1286 1717 1414 1771 filius,

73 1773 146 1828 qui
172 1773 418 1839 adoptarit?
483 1772 568 1815 Cur
600 1788 703 1829 ergo
736 1774 1003 1829 adoptabat?
1059 1775 1244 1816 Probate
1278 1789 1412 1831 genus

74 1832 333 1886 adoptionis3
384 1832 470 1873 iam
521 1832 710 1873 omnium
764 1847 884 1874 sacra
926 1833 1183 1887 111181Η1811111,
1234 1848 1414 1888 quorum

21 1901 55 1927 30
76 1890 270 1931 custodes
308 1905 383 1931 vos
422 1905 513 1931 esse
555 1891 736 1956 debetis,
773 1891 860 1932 iam
891 1892 1097 1946 patricius
1129 1907 1254 1934 nemo
1287 1893 1414 1933 181111-

75 1951 239 2001 quctur.
307 1947 393 1990 Cur
436 1949 548 1990 enim
587 1950 810 2003 quisquam
850 1950 981 1991 vellet
1018 1951 1236 1992 tribunum
1275 1951 1331 2004 pl.
1369 1964 1414 1991 88

73 2006 168 2047 fieri
198 2021 284 2048 non
316 2007 453 2061 licere,
486 2008 780 2063 angustiorem
814 2008 895 2049 sibi
922 2023 1012 2050 8888
1038 2009 1292 2063 petitionem
1319 2022 1416 2049 con-

76 2064 258 2115 sulatus,
295 2065 341 2106 in
387 2066 671 2107 sacerdotium
709 2081 805 2107 cum
841 2067 981 2120 possit
1015 2068 1177 2119 venire,
1214 2067 1313 2120 quia
1344 2081 1416 2121 pa-

74 2122 198 2163 tricio
242 2137 328 2164 non
366 2123 421 2164 sit
458 2124 494 2164 is
534 2125 663 2177 locus,
702 2139 789 2165 non
826 2125 999 2166 venire?
1056 2124 1116 2166 Ut
1153 2125 1302 2178 cuique
1341 2124 1415 2165 ali-

21 2191 55 2217 35
78 2180 176 2234 quid
223 2181 439 2232 acciderit,
483 2197 611 2236 quare
656 2183 918 2224 commodius
964 2184 1020 2224 sit
1058 2197 1150 2224 8888
1188 2182 1415 2237 plebeium,

76 2238 207 2279 simili
264 2239 430 2280 ratione
481 2240 768 2295 adoptabitur.
846 2240 915 2282 Ita
963 2242 1144 2296 populus
1195 2241 1414 2281 Romanus

75 2296 196 2337 brevi
234 2298 428 2350 tempore
460 2312 596 2352 neque
628 2313 773 2353 regem
806 2314 1023 2341 sacrorum
1054 2313 1189 2352 neque
1221 2298 1414 2339 flamines

1426 650 1481 690 14

1435 704 1479 734 38

1438 1378 1483 1410 37

1441 2238 1514 2283 33
