1619 2542
132 227 174 258 14

133 872 173 903 15

132 1598 173 1679 1}

198 122 256 161 42
564 120 656 156 PRO
682 121 725 155 A.
753 120 964 156 CAECINA
992 119 1179 155 ORATIO.

199 216 273 257 ubi
310 231 396 258 non
435 217 605 259 adesset
641 216 864 258 Aebutius.
927 215 1064 265 Quam
1101 231 1329 272 personam
1366 218 1452 260 iam
1491 232 1542 260 ex

200 275 415 317 cotidiana
446 275 536 316 vita
568 275 803 331 cognostis,
841 278 1177 330 recuperatores,
1215 276 1441 318 mulierum
1473 277 1541 318 ad-

201 334 444 387 sentatoris,
471 334 708 389 cognitoris
728 334 966 388 viduarum,
991 333 1224 375 defensoris
1250 334 1429 376 nimium
1455 336 1539 377 liti-

201 392 324 448 giosi,
356 393 531 435 contriti
563 393 615 434 ad
641 393 833 447 Regiam,
865 393 1000 447 inepti
1032 407 1079 434 ac
1113 393 1238 433 stulti
1268 393 1381 434 inter
1411 394 1539 448 viros,

198 453 313 493 inter
344 451 543 493 mulieres
583 451 711 506 periti
748 451 851 493 iuris
889 454 932 492 et
969 451 1129 505 callidi,
1167 451 1277 493 hane
1313 466 1576 506 personam5

199 510 408 564 imponite
428 510 627 551 Aebutio.
677 509 719 551 Is
741 510 853 551 enim
874 509 1133 552 Caesenniae
1152 509 1235 550 fuit
1258 510 1469 552 Aebutius
1488 535 1538 541 —-

198 582 251 609 ne
271 568 382 610 forte
404 568 632 623 quaeratis,
661 583 764 609 num
783 569 1077 624 propinquus?
1093 593 1146 598 —
1161 568 1270 609 nihil
1291 568 1469 611 alienius
1488 594 1536 599 —

200 627 361 669 amicus
382 642 407 668 a
426 630 550 682 patre
567 629 641 668 aut
656 642 681 668 a
694 627 785 668 viro
800 627 1012 669 traditus?
1033 651 1079 657 —
1097 627 1205 668 nihil
1220 627 1359 668 minus
1378 651 1426 657 —
1445 629 1540 683 quis

201 685 364 741 igitur?
402 686 494 738 ille,
533 686 625 740 ille,
664 700 789 740 quem
821 700 950 740 supra
982 685 1235 739 deformavi,
1272 686 1539 728 voluntarius

201 744 360 786 amicus
403 744 594 786 mulieris
635 759 723 786 non
761 744 1074 786 necessitudine
1118 744 1279 798 aliqua,
1324 745 1396 786 sed
1439 745 1539 787 ficto
1561 767 1593 792 10

200 802 340 844 officio
379 803 666 858 simulataque
704 803 930 844 sedulitate
962 803 1212 845 coniunctus
1245 804 1385 858 magis
1418 818 1540 858 opor-

200 864 305 903 tuna
337 876 467 915 opera
498 876 820 916 nonnumquam
854 877 982 917 quam
1010 861 1238 916 aliquando
1263 861 1389 903 fideli,
1432 862 1540 904 Cum

200 923 324 974 esset,
356 924 404 962 ut
436 920 572 962 dicere
604 920 895 975 institueram,
927 920 1164 962 constituta
1196 921 1335 962 auctio
1367 920 1540 974 Romae,

200 979 438 1020 suadebant
475 979 599 1020 amici
638 980 893 1034 cognatique
925 978 1201 1032 Caesenniae,
1238 978 1282 1020 id
1313 979 1426 1034 quod
1456 980 1541 1034 ipsi

200 1052 367 1092 quoque
398 1038 567 1078 mulieri
596 1038 794 1079 veniebat
819 1039 863 1079 in
891 1042 1089 1091 mentem,
1121 1037 1322 1092 quoniam
1346 1040 1539 1092 potestas
1559 1060 1592 1085 15

199 1099 313 1137 esset
350 1096 515 1137 emendi
554 1096 731 1137 fundum
775 1097 898 1138 illum
939 1095 1252 1150 Fulcinianum,
1297 1097 1370 1152 qui
1408 1096 1539 1138 fundo

199 1154 288 1195 eius
330 1155 506 1209 antiquo
549 1155 771 1197 continens
812 1158 942 1208 esset,
986 1155 1150 1196 nullam
1193 1169 1286 1196 esse
1328 1155 1538 1196 rationem

200 1213 394 1254 amittere
440 1214 528 1254 eius
573 1214 689 1255 modi
734 1215 1017 1268 occasionem,
1067 1228 1162 1254 cum
1206 1213 1244 1254 ei
1286 1214 1538 1268 praesertim

198 1274 379 1326 pecunia
411 1286 460 1312 ex
491 1272 725 1327 partitione
764 1272 1006 1325 deberetur3
1043 1286 1255 1326 nusquam
1285 1286 1411 1326 posse
1443 1286 1537 1314 eam

199 1330 350 1371 melius
384 1330 596 1372 collocari.
646 1330 797 1384 Itaque
830 1331 910 1372 hoc
942 1331 1093 1372 mulier
1125 1330 1264 1371 facere
1296 1330 1537 1383 constituit3
1558 1355 1591 1380 20

199 1389 392 1442 mandat,
425 1392 472 1430 ut
498 1389 676 1430 fundum
702 1389 785 1430 sibi
817 1393 943 1443 emat,
972 1414 1021 1418 —
1051 1389 1118 1430 cui
1149 1388 1352 1430 tandem?
1382 1413 1439 1418 —
1471 1389 1538 1431 cui

198 1447 391 1502 putatis?
424 1462 477 1489 an
508 1462 595 1489 non
624 1448 670 1489 in
695 1450 881 1489 mentem
907 1448 1029 1489 vobis
1056 1447 1173 1489 venit
1198 1447 1395 1488 omnibus
1421 1447 1537 1489 illius

199 1506 280 1548 hoc
306 1521 459 1547 munus
487 1520 579 1547 esse
606 1506 658 1548 ad
684 1506 828 1548 omnia
852 1507 1044 1548 mulieris
1069 1505 1244 1560 negotia
1268 1507 1421 1561 parati,
1447 1507 1537 1547 sine

201 1579 282 1618 quo
321 1565 428 1605 nihil
467 1566 573 1606 satis
614 1568 754 1619 caute,
792 1565 899 1606 nihil
938 1565 1042 1606 satis
1075 1564 1227 1606 callide
1258 1567 1405 1619 posset
1437 1564 1536 1620 agi?

200 1623 329 1664 Recte
363 1623 598 1665 attenditis.
659 1624 844 1665 Aebutio
877 1623 1099 1679 negotium
1125 1623 1262 1664 datur.
1317 1623 1452 1664 Adest
1484 1623 1536 1664 acl
1556 1645 1589 1672 25

199 1681 405 1735 tabulam,
436 1681 588 1723 licetur
613 1682 841 1733 Aebutius3
875 1682 1143 1723 deterrentur
1168 1683 1381 1736 emptores
1411 1681 1537 1722 multi

198 1739 358 1794 partim
387 1740 529 1794 gratia
559 1739 836 1794 Caesenniae,
871 1741 1027 1796 partim
1065 1740 1194 1781 etiam
1228 1739 1380 1793 pretio,
1428 1738 1461 1779 F
1464 1754 1536 1780 un-

200 1799 276 1838 dus
309 1798 519 1839 addicitur
552 1799 755 1853 Aebutio,
789 1800 1012 1854 pecuniam
1044 1797 1287 1854 argentario
1319 1797 1535 1852 promittit

199 1856 429 1910 Aebutius3
461 1871 544 1911 quo
577 1858 824 1899 testimonio
851 1872 961 1899 nunc
986 1857 1051 1899 vir
1076 1857 1265 1911 optimus
1291 1855 1428 1897 utitur
1453 1857 1536 1898 sibi

200 1917 390 1969 emptum
430 1929 532 1956 esse.
595 1915 725 1964 Quasi
767 1931 866 1957 vero
909 1919 983 1957 aut
1022 1929 1100 1956 nos
1141 1914 1179 1955 ei
1218 1928 1423 1970 negemus
1468 1915 1535 1956 ad·
1561 1939 1595 1964 30

200 1973 358 2014 dictum
392 1977 466 2014 aut
496 1976 588 2014 tum
622 1975 848 2029 quisquam
879 1974 1026 2026 fuerit,
1059 1973 1131 2027 qui
1162 1972 1395 2027 dubitaret,
1434 1974 1535 2028 quin

201 2034 410 2073 emeretur
442 2031 718 2085 Caesenniae,
757 2048 851 2074 cum
882 2033 925 2074 id
956 2031 1149 2087 plerique
1180 2031 1356 2085 scirent,
1388 2046 1533 2073 omnes

198 2089 287 2132 fere
314 2089 542 2143 audissent,
573 2091 609 2131 si
639 2092 710 2143 qui
738 2092 842 2142 forte
871 2104 954 2132 ozon
983 2090 1200 2141 audissent,
1232 2091 1265 2130 ii
1293 2089 1535 2132 coniectura

200 2149 368 2203 assequi
399 2152 586 2202 possent,
619 2162 713 2190 eum
745 2149 924 2202 pecunia
949 2147 1206 2189 Caesenniae
1238 2163 1288 2189 ex
1313 2148 1391 2189 illa
1415 2149 1534 2190 here-

200 2207 333 2248 ditate
366 2206 605 2260 deberetur,
640 2221 733 2247 eam
765 2221 892 2262 porro
924 2207 970 2247 in
1000 2206 1184 2261 praediis
1218 2207 1418 2248 collocari
1448 2222 1534 2248 ma·
1554 2228 1607 2255 35,

198 2265 309 2306 xime
350 2264 582 2320 expediret,
627 2268 768 2306 essent
813 2268 954 2306 autem
991 2264 1175 2319 praedia,
1221 2279 1327 2319 quae
1365 2265 1533 2306 mulieri
1605 2262 1608 2326 ζ

199 2324 382 2364 maxime
421 2323 711 2377 convenirent,
749 2338 797 2364 ea
835 2322 1044 2377 venirent,
1081 2322 1280 2364 liceretur
1315 2323 1370 2378 is,
1409 2337 1533 2378 quem
1606 2331 1607 2337 ¹
