1619 2542
565 83 666 119 CAP.
691 88 829 118 21—23
856 87 875 126 ἓ
901 87 1050 120 62—67.
1378 83 1432 124 97

98 193 176 234 que
207 179 457 221 interiorum
488 179 712 221 nationum
745 180 807 221 ita
838 180 999 221 versari
1028 183 1226 222 nostrum
1251 180 1434 235 impera-

94 242 246 291 torem,
271 241 320 279 ut
347 238 456 279 nihil
482 238 600 279 aliud
625 238 709 279 nisi
736 238 786 280 de
812 239 936 280 hoste
963 253 1012 281 ac
1037 239 1087 280 de
1114 239 1239 280 laude
1261 239 1434 294 cogitet.

95 296 276 347 Deinde,
314 296 483 338 etiamsi
522 296 595 351 qui
627 300 727 338 sunt
756 297 917 352 pudore
949 312 998 339 ac
1029 297 1316 353 temperantia
1347 312 1435 339 mo·

96 355 342 409 deratiores,
373 360 518 396 tamen
550 370 622 396 eos
655 370 746 397 esse
772 356 882 397 tales
908 359 1086 411 propter
1111 356 1434 397 multitudinem

60 414 346 468 5cupidorum
390 413 615 455 hominum
658 429 783 456 nemo
828 416 1073 456 arbitratur.
1141 415 1328 457 Difficile
1370 418 1435 456 est
1461 426 1503 457 65

97 472 230 526 dictu,
275 471 481 525 Quirites,
526 476 685 526 quanto
724 473 768 514 111
809 473 905 515 odio
946 474 1077 514 simus
1117 473 1230 527 apud
1269 479 1435 515 exteras

96 506 289 572 natioiies
326 533 503 586 propter
541 545 706 596 eorum,
746 547 853 585 quos
892 533 944 573 ad
977 547 1048 573 eas
1080 547 1157 587 per
1187 532 1268 574 hos
1302 547 1435 574 annos

96 604 192 631 cum
235 589 415 644 impeiio
459 589 672 644 misimus,
721 590 921 631 libidines
966 594 1008 632 et
1051 591 1242 632 iniurias.
1315 590 1437 640 Quod

97 648 209 689 enim
246 648 392 689 fanum
429 648 592 703 putatis
625 648 671 689 in
701 648 789 689 illis
821 649 948 690 terris
979 649 1141 691 nostris
1174 649 1437 705 magistrati-

46 718 78 742 10
96 707 176 748 bus
197 706 459 762 religiosum,
487 722 614 761 quam
642 707 862 749 civitatem
884 711 1088 762 sanctam,
1115 723 1243 763 quam
1264 709 1437 750 domum

98 765 203 807 satis
230 765 420 807 clausam
446 780 494 808 ac
514 766 722 807 munitam
743 766 904 808 fuisse?
930 766 1069 808 Urbes
1095 767 1182 808 iam
1201 768 1436 822 locupletes

98 827 141 865 et
184 823 382 879 copiosae
420 824 713 878 requiruntur,
759 825 913 880 quibus
955 840 1083 866 causa
1120 826 1224 866 belli
1260 829 1438 881 propter

98 882 324 938 diripiendi
356 883 632 937 cupiditatem
666 884 888 925 inferatur.
930 883 1136 926 Libenter
1160 884 1266 926 haec
1292 900 1436 926 coram
1464 895 1508 926 66

98 956 192 982 cum
224 939 271 990 Q.
292 940 447 982 Catulo
480 944 522 982 et
554 940 600 990 Q.
620 941 866 996 Hortensio,
901 943 1080 984 summis
1113 945 1157 984 et
1189 943 1438 984 clarissimis

45 1010 78 1035 15
97 1000 220 1053 viris,
263 999 544 1054 disputarem3
588 1004 800 1042 noverunt
844 1002 957 1042 enim
995 1002 1210 1043 sociorum
1250 1002 1441 1056 vulnera,

96 1059 243 1100 vident
275 1073 422 1100 eorum
453 1059 743 1113 calamitates,
782 1060 1072 1114 querimonias
1106 1061 1296 1102 audiunt.
1357 1061 1440 1102 Pro

98 1117 225 1159 sociis
258 1131 333 1159 vos
365 1122 516 1159 contra
547 1118 694 1159 hostes
726 1119 963 1160 exercitum
995 1119 1167 1160 mittere
1194 1120 1358 1174 putatis
1387 1134 1442 1160 an

98 1176 286 1217 hostium
312 1175 586 1218 simulatione
612 1179 761 1218 contra
787 1177 925 1219 socios
952 1180 1082 1232 atque
1103 1177 1294 1232 amicos?
1321 1177 1440 1226 Quae

99 1234 248 1275 civitas
288 1238 353 1276 est
389 1235 433 1276 in
464 1235 588 1289 Asia,
629 1250 737 1289 quae
774 1250 862 1278 non
899 1236 1026 1277 modo
1058 1236 1333 1291 imperatoris
1367 1240 1441 1278 aut

46 1302 80 1328 20
99 1293 250 1347 legati,
288 1293 360 1334 sed
397 1294 522 1335 unius
560 1294 723 1335 tribuni
762 1294 946 1335 militum
980 1295 1146 1336 animos
1180 1310 1228 1337 ac
1259 1295 1439 1349 spiritus

99 1366 247 1406 capere
278 1352 445 1406 possit?
496 1351 645 1407 Quare,
679 1353 849 1394 etiamsi
881 1368 1004 1407 quem
1037 1353 1220 1407 habetis,
1254 1354 1326 1407 qui
1353 1351 1498 1395 eol-223

98 1409 198 1450 latis
232 1409 366 1465 signis
406 1411 614 1452 exercitus
652 1413 794 1466 regios
834 1426 1036 1465 superare
1073 1426 1199 1465 posse
1232 1412 1439 1466 videatur,

99 1471 261 1520 tamen,
304 1468 388 1509 nisi
432 1469 514 1510 erit
559 1470 689 1522 idem,
734 1470 807 1524 qui
845 1485 890 1511 se
923 1485 947 1510 a
983 1470 1175 1524 pecuniis
1214 1470 1439 1524 sociorum,

101 1526 172 1580 qui
204 1527 257 1567 ab
290 1541 435 1567 eorum
466 1528 718 1582 coniugibus
745 1543 794 1569 ac
825 1528 982 1580 liberis,
1015 1528 1107 1581 [qui
1139 1528 1192 1569 ab
1219 1543 1439 1570 ornamen—

47 1595 80 1619 25
100 1585 157 1626 tis
194 1584 394 1625 fanorum
431 1587 558 1639 atque
591 1586 881 1641 oppidorum,]
922 1586 993 1640 qui
1026 1587 1078 1627 ab
1113 1601 1215 1628 auro
1250 1601 1438 1642 gazaque

100 1643 220 1698 regia
245 1658 408 1697 manus,
441 1644 597 1695 oculos,
630 1644 819 1685 animum
846 1644 1044 1686 cohibere
1069 1645 1220 1699 possit,
1245 1660 1329 1686 non
1357 1646 1438 1687 erit

99 1702 288 1755 idoneus,
321 1702 393 1756 qui
419 1703 470 1743 ad
497 1703 658 1743 bellum
685 1702 924 1744 Asiaticum
949 1703 1199 1757 regiumque
1226 1704 1437 1746 mittatur.

100 1760 291 1814 Ecquam
322 1761 486 1815 putatis
519 1761 736 1802 civitatem
767 1764 965 1815 pacatam
995 1761 1147 1815 fuisse,
1180 1777 1288 1817 quae
1320 1763 1436 1805 loeu-
1465 1774 1506 1805 67

101 1818 192 1873 ples
232 1819 307 1871 sit,
351 1834 529 1873 ecquam
561 1834 652 1860 esse
684 1820 957 1874 locupletem,
1003 1835 1110 1875 quae
1148 1821 1245 1862 istis
1283 1825 1438 1876 pacata

49 1887 82 1912 30
102 1891 193 1918 esse
225 1877 446 1918 videatur?
479 1877 565 1919 Ora
597 1878 826 1930 maritima,
859 1876 1056 1932 Quirites,
1088 1878 1163 1920 Cn.
1183 1878 1437 1935 Pompeium

101 1950 188 1976 non
225 1936 364 1977 solum
401 1940 577 1991 propter
614 1937 676 1977 rei
714 1936 914 1977 militaris
955 1937 1155 1990 gloriam,
1195 1938 1269 1979 sed
1307 1939 1437 1980 etiam

101 1996 278 2047 propter
309 1994 439 2035 animi
471 1995 778 2036 continentiam
809 1995 1044 2049 requisivit.
1106 1995 1293 2038 Videbat
1325 1997 1434 2038 enim

102 2052 382 2105 imperatores
434 2053 688 2108 locupletari
747 2053 974 2108 quotannis
1029 2055 1210 2109 pecunia
1266 2055 1438 2108 publica

103 2112 273 2163 praeter
315 2126 491 2165 paucos,
533 2126 670 2166 neque
715 2126 786 2152 eos
833 2111 1058 2166 quicquam
1105 2113 1221 2154 aliud
1261 2113 1437 2166 adsequi

46 2177 80 2203 35
104 2168 303 2209 classium
335 2170 523 2223 nomine,
554 2170 637 2211 nisi
673 2172 721 2210 ut
753 2170 1018 2211 detrimentis
1057 2171 1311 2225 accipiendis
1350 2186 1437 2212 ma-

102 2226 192 2267 iore
230 2227 352 2268 adfici
383 2228 646 2281 turpitudine
678 2228 927 2270 videremur.
994 2227 1119 2270 Nunc
1159 2244 1242 2284 qua.
1280 2229 1437 2283 cupidi-

104 2286 194 2325 tate
226 2284 419 2326 homines
449 2287 495 2326 in
525 2286 767 2341 provincias
796 2289 838 2327 et
871 2287 1025 2340 quibus
1055 2287 1245 2340 iacturis,
1285 2287 1437 2341 quibus

174 2359 245 2385 010.
263 2359 305 2384 11.
324 2361 348 2384 ε.
1206 2358 1224 2388 7
