1619 2542
159 131 244 172 280
481 130 532 165 1N
557 131 597 166 L.
623 130 888 166 CATILINAM
914 129 1090 164 ORATIO
1109 128 1170 165 111.

160 227 367 282 Apuliam
395 227 652 268 attributam
678 240 769 266 esse
797 227 889 266 erat
908 224 1152 280 indicatum,
1178 225 1223 266 in
1241 225 1286 266 P.
1305 224 1492 280 Furium,

160 286 232 340 qui
265 288 331 327 est
364 300 412 326 ex
438 285 490 326 iis
525 284 700 337 colonis,
732 298 837 338 quos
869 283 1070 325 Faesulas
1096 284 1141 325 L.
1162 282 1282 325 Sulla
1309 284 1493 338 deduxit,

159 345 203 386 in
224 343 271 392 Q.
293 343 482 384 Annium
503 341 739 396 Chilonem,
768 343 839 396 qui
859 358 943 384 una
962 357 1056 384 cum
1076 343 1157 384 hoc
1175 342 1304 384 Furio
1326 357 1492 397 semper

160 406 251 444 erat
282 403 326 443 in
356 403 436 444 hac
467 402 756 456 Allobrogum
789 401 1091 442 sollicitatione
1122 403 1333 455 versatus,
1370 401 1414 442 in
1445 400 1489 442 P.

159 461 439 514 Umbrenum,
466 460 715 501 libertinum
735 460 963 514 hominem,
990 475 1014 501 a
1034 475 1116 513 quo
1137 460 1322 514 primum
1342 459 1490 501 Gallos
1509 471 1527 496 ⁵

91 520 163 561 (15)
179 520 230 561 ad
269 519 499 562 Gabinium
548 519 774 573 perductos
825 533 915 559 esse
960 519 1196 560 constabat.
1258 518 1400 572 Atque
1443 533 1491 559 ea

160 578 337 619 lenitate
376 581 548 619 senatus
589 581 653 618 est
684 591 803 631 0808,
842 576 1045 631 Quirites,
1085 580 1131 618 ut
1164 592 1213 618 ex
1243 580 1366 618 tanta
1398 591 1491 618 con-

160 638 371 678 iuratione
404 639 610 690 tantaque
641 636 721 677 hac
753 636 1024 677 multitudine
1057 635 1386 677 domesticorum
1419 635 1491 676 110-

162 696 293 736 stium
323 710 476 736 novem
507 694 729 736 hominum
760 694 1147 749 perditissimorum
1177 709 1314 749 poena
1340 708 1385 735 re
1417 709 1492 749 pu-

160 755 271 796 blica
327 756 579 795 conservata
634 753 895 807 reliquorum
950 756 1112 794 mentes
1170 753 1313 794 sanari
1367 767 1491 807 posse

162 813 455 854 arbitraretur.
505 813 647 865 Atque
672 812 801 853 etiam
827 811 1081 866 supplicatio
1108 811 1170 853 dis
1190 812 1491 852 inmortalibus

163 887 240 926 pro
280 871 490 926 singulari
526 885 672 911 eorum
704 870 854 911 merito
888 884 980 911 meo
1013 870 1183 911 nomine
1216 870 1385 911 decreta
1416 872 1492 923 est,

162 930 275 984 quod
308 930 413 970 mihi
438 929 621 984 primum
654 931 752 983 post
783 929 892 969 hanc
923 929 1071 969 urbem
1103 929 1318 970 conditam
1343 932 1492 983 togato

161 988 354 1043 contigit,
387 991 428 1029 et
460 988 526 1028 his
560 988 727 1028 decreta
758 987 899 1028 verbis
927 989 1002 1040 est,
1035 986 1185 1040 ‘quod
1216 988 1388 1028 urbem
1420 987 1492 1028 in-

161 1047 373 1100 cendiis,
405 1047 553 1087 caede
580 1046 723 1098 civis,
756 1044 961 1086 Italiam
993 1045 1129 1086 bello
1163 1046 1489 1086 liberassem.2

162 1104 277 1153 Quae
317 1104 571 1158 supplicatio
611 1105 646 1145 si
678 1119 773 1145 cum
806 1105 955 1145 ceteris
989 1104 1368 1158 supplicationibus
1400 1119 1493 1146 con-

160 1163 340 1216 feratur,
378 1163 459 1203 1100
490 1165 692 1215 interest,
732 1163 841 1217 quod
880 1165 1042 1204 ceterae
1076 1163 1180 1203 bene
1213 1165 1353 1218 gesta,
1389 1163 1493 1204 haec

161 1237 247 1262 una
280 1229 530 1263 conservata
559 1235 603 1262 re
629 1221 799 1274 publica
825 1221 1059 1262 constituta
1085 1224 1160 1262 est.
1210 1222 1351 1274 Atque
1376 1221 1493 1275 illud,

163 1280 273 1334 quod
298 1279 544 1321 faciundum
569 1280 753 1333 primum
777 1279 870 1333 fuit,
895 1280 1055 1321 factum
1081 1282 1208 1333 atque
1227 1281 1492 1320 transactum

166 1342 241 1380 est.
303 1337 415 1379 Nam
448 1338 491 1379 P.
512 1337 735 1391 Lentulus,
769 1353 1025 1392 quamquam
1056 1338 1282 1393 patefactis
1314 1338 1493 1391 indiciis,

163 1397 500 1439 confessionibus
528 1397 626 1450 suis,
651 1397 806 1437 iudicio
835 1400 1006 1438 senatus
1032 1412 1117 1438 non
1137 1397 1261 1438 modo
1282 1397 1493 1451 praetoris

163 1457 241 1508 ius,
272 1470 420 1496 verum
451 1456 581 1496 etiam
615 1455 718 1497 civis
746 1455 958 1509 amiserat,
989 1458 1133 1497 tamen
1159 1455 1416 1510 magistratu
1449 1469 1493 1496 se

164 1514 395 1567 abdicavit,
434 1516 500 1567 ut,
539 1529 645 1567 quae
682 1514 835 1569 religio
869 1512 913 1555 C.
932 1513 1086 1567 Mario,
1123 1513 1358 1555 clarissimo
1389 1513 1494 1567 viro,

162 1588 249 1614 non
275 1573 428 1626 fuerat,
456 1587 538 1626 quo
567 1573 706 1613 minus
729 1572 771 1614 C.
793 1572 1027 1625 Glauciam,
1054 1573 1103 1613 de
1130 1587 1212 1626 quo
1232 1572 1341 1613 nihil
1361 1572 1493 1614 nomi-

162 1632 299 1672 natim
327 1634 419 1672 erat
444 1631 671 1684 decretum,
704 1634 943 1684 praetorem
969 1631 1188 1684 occideret,
1221 1645 1269 1671 ea
1294 1645 1372 1672 nos
1398 1630 1492 1671 reli-

167 1690 292 1744 gione
324 1689 369 1729 in
400 1689 570 1743 privato
603 1690 648 1731 P.
667 1689 847 1730 Lentulo
878 1689 1090 1744 puniendo
1122 1689 1411 1730 liberaremur.

252 1746 375 1788 Nunc
426 1749 643 1802 quoniam,
693 1747 895 1802 Quirites,
945 1746 1344 1789 consceleratissimi
1386 1747 1492 1801 peri·

164 1805 504 1859 culosissimique
535 1807 639 1847 belli
670 1806 856 1847 nefarios
883 1807 1007 1847 duces
1033 1810 1179 1860 captos
1205 1806 1291 1846 iam
1318 1807 1359 1845 et
1384 1819 1493 1846 com-

163 1863 396 1918 prehensos
429 1865 602 1918 tenetis,
634 1865 890 1906 existumare
923 1864 1084 1905 debetis
1117 1864 1253 1905 omnis
1284 1862 1493 1905 Catilinae

1512 764 1546 788 10

1514 1055 1546 1082 15

1513 1350 1546 1373 20

1512 1641 1546 1666 ‘25

164 1922 326 1975 copias,
358 1922 494 1962 omnis
528 1938 623 1977 spes
657 1926 782 1978 atque
812 1938 912 1977 opes
938 1923 1004 1963 his
1031 1922 1217 1976 depulsis
1243 1921 1359 1962 urbis
1386 1922 1492 1976 peri·
1511 1933 1547 1958 30

164 1980 270 2022 culis
320 1980 564 2022 concidisse.
637 1981 770 2030 Quem
821 1982 989 2035 quidem
1033 1995 1111 2036 ego
1156 1995 1250 2021 cum
1295 1995 1345 2021 ex
1388 1979 1492 2020 urbe

163 2039 396 2094 pellebam,
439 2038 519 2080 hoc
562 2040 838 2093 providebam
876 2040 1035 2092 animo,
1079 2038 1282 2092 Quirites,
1325 2041 1491 2079 remoto

166 2096 351 2138 Catilina
392 2111 478 2138 non
522 2098 627 2138 mihi
673 2113 763 2139 esse
802 2098 847 2139 P.
874 2097 1045 2139 Lentuli
1089 2111 1284 2138 somnum
1326 2111 1404 2138 nee
1446 2095 1492 2139 L.

167 2155 288 2197 Cassi
314 2155 458 2209 adipes
485 2170 562 2196 nec
589 2155 632 2196 C.
653 2155 832 2210 Cethegi
856 2156 1059 2197 furiosam
1085 2157 1373 2196 temeritatem
1399 2169 1489 2209 per-

164 2214 480 2256 timescendam.
546 2213 625 2254 Ille
664 2218 754 2255 erat
791 2229 898 2256 unus
935 2214 1147 2254 timendus
1186 2228 1235 2255 ex
1271 2213 1367 2254 istis
1406 2227 1488 2254 om·
1511 2222 1544 2248 35

163 2273 301 2327 nibus,
333 2272 406 2313 sed
437 2275 526 2312 tam
553 2272 634 2325 diu,
667 2272 765 2313 dum
790 2273 908 2314 urbis
936 2272 1155 2313 moenibus
1182 2271 1492 2313 continebatur.

165 2330 318 2372 Omnia
343 2333 479 2383 norat,
505 2331 695 2371 omnium
723 2331 861 2372 aditus
887 2331 1077 2384 tenebat,
1104 2331 1333 2385 appellare,
1357 2332 1493 2382 temp-
