1619 2542
109 669 152 701 58

107 1774 162 1815 20

107 1826 150 1857 59

182 92 238 134 94
455 92 518 126 DE
544 90 744 127 IMPERIO
772 91 844 126 CN.
866 90 1045 126 POMPEI
1071 91 1261 127 ORATIO.

179 188 276 230 nius
323 187 396 230 Cn.
434 185 639 243 Pompeio
685 186 902 242 expetenti
947 200 995 229 ac
1038 187 1290 242 postulanti.
1363 187 1520 231 Utrum

180 247 272 300 ille,
318 246 391 301 qui
427 247 623 302 postulat
655 246 707 287 ad
745 248 914 287 tantum
949 245 1108 287 bellum
1147 247 1355 302 legatum,
1393 261 1516 302 quem

179 306 304 358 velit,
340 305 516 347 idoneus
555 319 641 346 non
679 307 763 358 est,
801 303 874 358 qui
912 304 1130 359 impetret,
1167 319 1262 347 cum
1299 307 1429 348 ceteri
1466 307 1520 348 ad

180 364 430 419 expilandos
473 363 609 406 socios
642 362 984 418 diripiendasque
1016 363 1277 417 provincias,
1314 379 1419 418 quos
1450 380 1520 407 vo—

179 423 369 476 luerunt,
408 423 578 478 legatos
611 421 850 475 eduxerint,
889 436 943 463 an
979 421 1089 477 ipse,
1127 422 1244 464 cuius
1277 422 1372 479 lege
1404 424 1518 465 salus
1538 442 1555 467 5

180 496 229 523 ac
267 481 455 536 dignitas
493 480 654 536 populo
688 480 881 522 Romano
921 483 1049 534 atque
1088 481 1286 522 omuibus
1319 482 1519 536 gentibus

179 541 415 582 constituta
447 542 535 592 est,
556 553 705 594 expers
739 553 830 580 esse
863 538 990 581 debet
1021 539 1184 593 gloriae
1217 540 1305 581 eius
1337 540 1519 595 impera-

178 599 288 640 toris
321 601 449 652 atque
475 598 565 639 eius
598 598 821 651 exercitus,
853 598 925 653 qui
958 598 1136 639 consilio
1168 598 1303 654 ipsius
1336 613 1384 641 ac
1409 600 1519 654 peri·

181 657 273 698 culo
314 660 379 697 est
418 657 709 698 constitutus?
771 656 842 697 An
880 655 923 698 C.
955 655 1188 711 Falcidius,
1228 656 1275 706 Q.
1306 657 1520 710 Metellus,

180 714 227 765 Q.
269 714 439 757 Caelius
495 715 772 768 Latiniensis,
822 714 897 757 Cn.
941 714 1165 769 Lentulus,
1215 730 1321 770 quos
1372 730 1518 758 omnes
1540 736 1573 760 1ο

178 774 353 815 honoris
398 788 527 816 causa
570 773 765 827 nomino,
820 788 915 815 cum
960 774 1122 815 tribuni
1166 774 1283 829 plebi
1325 774 1519 829 fuissent,

179 847 291 875 anno
330 833 526 888 proximo
565 832 699 888 legati
732 847 823 873 esse
855 834 1105 887 potuerunt3
1142 832 1187 874 in
1218 847 1302 874 uno
1334 832 1518 875 Gabinio

179 894 279 933 sunt
311 894 399 932 tam
433 891 678 947 diligentes,
712 891 784 946 qui
815 891 859 932 in
890 891 971 932 hoc
1002 891 1135 946 bello,
1167 891 1280 946 quod
1311 891 1406 947 lege
1438 890 1519 933 Ga·

178 951 298 991 binia
331 950 506 1006 geritur,
537 951 581 991 in
613 951 692 991 hoc
724 951 984 1004 imperatore
1010 953 1138 1004 atque
1164 950 1362 1004 exercitu,
1394 965 1518 1005 quem

177 1023 253 1064 per
284 1023 361 1050 vos
394 1008 485 1063 ipse
518 1009 753 1059 constituit,
786 1009 916 1049 etiam
949 1008 1178 1063 praecipuo
1210 1009 1300 1050 iure
1332 1023 1425 1051 esse
1452 1009 1517 1050 de·
1539 1029 1571 1054 15

179 1067 330 1109 beret?
393 1066 455 1108 De
495 1082 577 1121 quo
617 1068 799 1123 legando
839 1067 1033 1109 consules
1074 1082 1197 1121 spero
1237 1067 1289 1108 ad
1322 1070 1518 1109 senatum

177 1127 402 1167 relaturos.
470 1124 551 1174 Qui
595 1126 631 1167 si
675 1126 934 1167 dubitabunt
972 1128 1046 1166 aut
1083 1126 1395 1180 gravabuntur,
1437 1140 1516 1181 ego

177 1199 244 1226 me
270 1184 475 1239 profiteor
501 1185 755 1238 relaturum3
780 1199 916 1238 neque
943 1198 1010 1225 me
1035 1184 1240 1237 impediet
1267 1185 1517 1239 cuiusquam

177 1243 395 1284 inimicum
425 1243 621 1294 edictum,
648 1258 730 1298 quo
758 1243 898 1284 minus
924 1242 1046 1284 vobis
1071 1242 1206 1283 fretus
1232 1245 1421 1284 vestrum
1451 1244 1516 1285 ius

177 1302 513 1356 beneficiumque
546 1301 781 1355 defendam,
812 1315 948 1356 neque
974 1304 1143 1355 praeter
1169 1302 1515 1343 intercessionem
1537 1323 1571 1349 20

178 1361 405 1415 quicquam
439 1359 626 1413 audiam,
665 1360 715 1401 de
748 1375 849 1415 qua,
889 1362 937 1401 ut
969 1360 1173 1414 arbitror,
1205 1359 1278 1401 isti
1309 1359 1411 1414 ipsi,
1444 1361 1516 1415 qui

177 1420 407 1471 minantur,
434 1419 563 1460 etiam
584 1422 710 1474 atque
731 1419 871 1470 etiam,
893 1417 993 1472 quid
1013 1418 1153 1472 liceat,
1173 1418 1515 1460 considerabunt.

176 1477 273 1519 Mea
314 1477 483 1532 quidem
529 1478 758 1532 sententia,
810 1476 1015 1530 Quirites,
1059 1491 1168 1518 unus
1212 1477 1262 1519 A.
1307 1476 1515 1519 Gabinius

176 1537 281 1578 belli
313 1536 519 1577 maritimi
551 1551 777 1591 rerumque
803 1538 1022 1591 gestarum
1050 1533 1123 1577 Cn.
1144 1535 1346 1590 Pompeio
1374 1535 1513 1578 socius

177 1595 417 1649 ascribitur,
449 1598 677 1649 propterea
710 1595 820 1650 quod
853 1595 963 1636 alter
994 1594 1068 1635 uni
1098 1593 1206 1635 illud
1237 1594 1397 1636 bellurn
1427 1609 1514 1636 sus·
1534 1615 1567 1641 25

177 1653 416 1707 cipiendum
448 1653 601 1694 vestris
635 1653 852 1709 suffragiis
880 1652 1043 1706 detulit,
1076 1653 1185 1694 alter
1211 1652 1400 1694 delatum
1427 1667 1514 1694 sus—

177 1715 431 1767 ceptumque
463 1711 656 1753 confecit.

264 1770 494 1823 Reliquum
527 1773 609 1824 est,
640 1774 689 1812 ut
720 1771 771 1812 de
803 1769 849 1819 Q.
883 1769 1026 1812 Catuli
1058 1769 1312 1811 auctoritate
1345 1771 1387 1809 et
1419 1783 1512 1810 3011-

176 1829 313 1870 tentia
357 1829 578 1870 dicendum
623 1829 959 1871 esservideatur.
1034 1826 1114 1876 Qui
1161 1841 1256 1869 cum
1296 1841 1346 1868 ex
1389 1827 1512 1869 vobis

177 1890 411 1941 quaereret,
444 1887 479 1927 si
511 1888 553 1927 111
586 1902 669 1929 11110
702 1886 776 1930 Cn.
802 1886 1007 1941 Pompeio
1040 1886 1182 1928 omnia
1212 1885 1443 1940 poneretis,
1475 1886 1511 1927 si
1532 1907 1567 1934 30

177 1945 279 2000 quid
317 1959 365 1987 eo
404 1944 562 1986 factum
602 1949 731 2000 esset,
770 1947 812 1986 in
852 1959 934 1999 quo
973 1958 1091 1998 spem
1125 1944 1275 1985 essetis
1308 1943 1511 1998 habituri,

177 2005 288 2058 cepit
337 2017 541 2057 magnum
592 2018 692 2045 suae
736 2004 908 2045 virtutis
952 2003 1136 2044 fructum
1182 2016 1230 2044 ao
1274 2002 1511 2058 dignitatis,

177 2078 272 2105 cum
305 2076 452 2104 omnes
484 2077 569 2103 uua
600 2077 734 2116 prope
766 2077 867 2103 voce
898 2062 940 2102 111
973 2075 1021 2102 00
1053 2060 1146 2114 ipso
1178 2075 1255 2102 vos
1288 2075 1406 2116 spem
1438 2061 1510 2102 ha-

180 2122 342 2163 bituros
382 2134 473 2162 esse
512 2120 690 2161 dixistis.
751 2119 923 2161 Etenim
959 2118 1057 2160 talis
1096 2121 1161 2159 est
1191 2118 1272 2172 vir,
1312 2121 1362 2160 ut
1391 2119 1509 2160 nulla

175 2194 242 2221 res
274 2182 397 2221 tanta
428 2180 483 2220 sit
515 2193 563 2220 ac
595 2181 683 2219 tam
718 2178 921 2231 difficilis,
960 2191 1087 2231 quam
1119 2177 1192 2218 ille
1224 2191 1309 2219 non
1340 2179 1383 2218 et
1414 2191 1508 2219 con·
1527 2198 1561 2224 35

176 2239 270 2280 31110
315 2252 461 2292 regere
506 2240 548 2278 et
591 2237 841 2290 integritate
879 2236 989 2277 tueri
1027 2238 1069 2276 et
1106 2235 1264 2277 virtute
1302 2235 1507 2277 conficere

174 2297 324 2351 possit.
387 2294 467 2337 Sed
503 2295 547 2336 in
585 2294 666 2337 hoe
704 2295 797 2350 ipso
837 2294 890 2336 ab
928 2307 976 2336 eo
1014 2293 1385 2335 vehementissime
1423 2292 1505 2334 dis-
