1619 2542
184 86 299 121 XLIV
587 87 871 123 ADNOTATIO
899 87 1102 123 CRITICA.

185 185 228 215 35
262 192 314 225 sq.
341 192 411 217 om.
436 183 553 225 facere
578 202 622 207 —
648 186 704 225 ut,
743 195 777 226 p.
807 186 884 216 191.
906 186 926 216 3
959 192 1029 217 esse
1060 181 1139 216 cod.
1165 181 1210 224 T,
1248 180 1361 223 Bait,
1400 180 1520 223 facere

178 238 338 271 possum,
363 232 404 262 ut
429 249 472 254 —
497 230 576 264 sim
600 229 699 274 vulg.
727 228 809 263 edd.
835 228 958 273 ignari
982 228 1135 271 scilicet,
1162 238 1274 271 quam
1292 227 1368 261 late
1387 227 1521 271 pateat

184 274 417 309 attractionis
453 275 559 311 ratio.
611 275 725 310 Simil.
752 275 853 310 Lael.
882 280 911 309 1.
932 279 952 309 2
979 276 1189 317 meministi,
1227 276 1322 318 quod
1359 275 1517 316 utebare,

183 332 262 356 cum
292 323 496 365 dissideret,
526 327 665 367 quanta
695 327 819 364 esset;
851 332 1031 365 nusquam
1061 322 1160 356 enim
1192 321 1283 355 alibi
1317 320 1390 355 Cic.
1423 318 1520 354 dixit

182 369 339 412 memini,
363 373 503 414 quanta
527 373 655 410 esset;
683 380 778 413 supr.
805 381 840 413 p.
868 372 922 402 52.
944 373 987 403 25
1012 373 1111 403 vetus
1135 372 1196 411 est,
1221 379 1300 404 cum
1324 369 1518 410 veniretur,

182 416 215 449 si
239 417 514 460 conspexissent,
538 420 580 450 ut
603 417 861 457 discederent,
890 419 944 450 72.
965 419 1009 449 29
1035 417 1067 450 is
1091 417 1191 450 homo
1216 419 1276 456 est,
1301 415 1356 450 ita
1379 425 1415 449 se
1427 425 1515 458 pro-

183 462 306 497 batum
325 463 450 507 voluit,
475 467 517 497 ut
535 464 752 505 laborarit,
777 474 821 497 ne
839 463 1030 504 videretur,
1049 473 1113 497 nec
1132 465 1349 505 vereretur,
1373 464 1450 495 151.
1474 465 1517 496 17

182 510 257 543 eius
287 510 384 544 modi
415 513 481 551 est,
511 514 552 544 ut
583 510 660 552 ille,
692 520 771 544 cum
802 509 1045 552 eaeheredaret,
1075 520 1176 553 quem
1206 509 1346 550 oderat,
1379 509 1410 542 ei
1440 509 1519 550 filio

181 556 432 601 adiunyeret;
460 556 504 591 cf.
532 556 579 590 ad
604 568 637 599 p.
668 560 743 591 170.
765 560 820 598 22,
848 559 927 590 301.
948 560 1004 591 26.
1032 576 1075 581 —-—
1101 555 1140 590 P.
1169 559 1247 590 191.
1267 559 1289 589 4
1314 556 1367 589 rei
1390 553 1517 598 potius

181 613 293 646 quam
324 604 424 637 verbi
455 602 537 637 add.
566 602 686 637 Klotz,
713 623 758 628 —
783 602 821 637 P.
845 607 921 637 191.
943 607 963 637 5
998 603 1092 637 Vers.
1120 603 1215 636 enim
1245 603 1286 636 in
1316 613 1354 636 re
1384 601 1516 645 Klotz,

180 650 221 683 in
252 660 289 684 eo
314 649 459 692 Lamo,
492 650 575 683 fort.
602 651 642 684 in
672 661 710 683 re
738 650 837 694 publ.
865 670 908 674 —
935 649 973 683 P.
1004 653 1079 684 191.
1109 653 1128 683 7
1154 650 1240 684 dum
1264 647 1309 682 H.
1337 647 1517 683 Schwarz.

183 695 353 730 ‘MiscelL
380 697 485 740 phil?
513 708 548 740 p.
578 700 619 731 17
646 696 767 740 prob.;
801 696 848 730 ad
872 708 906 740 p.
934 700 1012 730 281.
1034 700 1089 739 24,
1116 700 1195 730 451.
1218 699 1273 730 37.
1303 715 1344 720 —-
1371 694 1410 729 P.
1438 699 1517 729 191.

183 748 225 777 14
251 745 363 778 otium
394 747 547 777 vestrum
579 753 622 776 ex
647 754 719 777 uno
745 742 825 777 cod.
851 742 880 776 E
907 742 1003 777 Bait.
1030 764 1076 768 —
1100 744 1139 777 P.
1169 747 1245 777 191.
1269 746 1310 776 17
1344 743 1419 776 ictu
1450 743 1517 776 ali-

180 791 308 824 euius
331 801 442 824 novae
467 791 531 824 cal.
558 789 728 824 Karsten.
750 791 882 824 Mnem.
907 793 995 824 1878
1021 802 1054 834 p.
1076 793 1144 824 286
1164 799 1239 823 non
1256 787 1388 822 melius
1407 799 1519 832 quam

179 849 213 881 p.
241 840 296 870 41.
325 841 367 871 10
392 836 519 871 Lamb.
545 836 664 870 voluit
701 838 917 881 temporibus
947 837 1203 880 difficillimae
1233 837 1423 870 solutionis
1453 838 1519 869 aut

181 894 293 926 quam
322 895 357 927 p.
387 887 464 918 198.
486 888 530 918 32
568 894 746 918 unorum
784 884 1009 919 comitiorum
1040 887 1199 928 potestas
1231 883 1387 916 contrar.
1422 883 1518 917 binis

179 931 333 964 comitiis
359 931 424 964 aut
448 934 526 964 257.
548 934 592 964 22
618 931 918 974 inportunorum
936 931 1186 965 sceleratorum
1204 940 1333 964 manus
1353 930 1418 963 aut
1437 933 1517 964 271.

180 981 222 1011 27
245 978 433 1011 eiectorum
456 978 521 1010 aut
540 981 618 1011 275.
635 981 679 1011 23
699 978 917 1021 reliquorum
937 978 1002 1011 aut
1021 981 1099 1011 399.
1117 981 1159 1012 13
1178 978 1428 1020 superiorum
1453 977 1519 1010 aut

179 1027 258 1058 217.
275 1027 317 1057 12
338 1025 513 1058 omnium
527 1025 717 1067 praesidia
735 1025 897 1068 oppidor.
920 1025 984 1058 aut
1003 1028 1081 1058 292.
1097 1028 1143 1058 24
1162 1025 1399 1058 miserorum
1421 1035 1517 1058 acer-

178 1081 239 1105 vos
271 1071 403 1105 civium
435 1072 499 1103 aut
531 1074 608 1105 365.
633 1075 673 1105 15
707 1072 889 1115 reliquae
919 1072 1126 1106 constantia
1155 1072 1251 1105 vitae
1282 1071 1347 1104 aut
1377 1074 1456 1105 371.
1472 1075 1516 1105 23

179 1118 328 1151 aeterni
340 1119 509 1151 memoria
522 1118 717 1159 dedecoris3
734 1117 781 1151 ad
794 1129 829 1161 p.
842 1121 920 1152 448.
934 1122 964 1160 8,
980 1122 1059 1153 489.
1073 1121 1127 1161 30,
1142 1118 1244 1152 Verr.
1258 1129 1293 1162 p.
1309 1121 1387 1151 244.
1402 1121 1455 1159 13,
1471 1116 1516 1151 of.

178 1176 213 1208 p.
235 1168 313 1198 302.
329 1168 384 1206 36,
406 1168 484 1198 371.
503 1168 555 1198 12.
578 1184 620 1189 —-
641 1164 693 1198 Ib.
714 1165 917 1208 suspicione
937 1176 979 1199 ac
998 1169 1109 1199 metu:
1123 1165 1285 1208 perturb.
1301 1162 1516 1198 Gebhardto

180 1211 275 1244 auct.
312 1210 427 1253 Bait,
465 1212 665 1254 suspitione
702 1222 744 1245 ae
770 1240 777 1246 .
805 1238 812 1244 .
841 1239 847 1246 .
874 1210 1048 1245 Richtero
1086 1223 1121 1255 p.
1155 1215 1221 1245 269
1255 1212 1350 1245 auct.
1383 1210 1515 1253 Klotz.,

178 1258 381 1301 suspicione
407 1258 475 1291 ac*
495 1258 675 1302 [perturb.
698 1278 741 1282 —
761 1259 1029 1303 iudicatarum]
1054 1257 1165 1301 Kays.
1186 1257 1290 1301 prob.
1311 1278 1355 1282 ——
1374 1257 1414 1292 P.
1437 1261 1515 1292 191.

180 1308 224 1338 18
257 1316 309 1348 sq.
338 1305 499 1346 perturb.
533 1305 627 1346 iud„
666 1305 798 1347 infirm.
833 1316 953 1339 rerum
990 1306 1239 1339 iudicatarum
1274 1315 1386 1339 novae
1423 1305 1515 1339 dom.

178 1350 286 1393 Bait,
312 1349 442 1393 Klotz,
469 1351 768 1391 perturbationes
792 1352 888 1391 iud,
914 1352 1189 1393 infirmationes
1213 1362 1279 1385 rer.
1307 1352 1382 1385 iud.
1409 1349 1453 1385 H.
1473 1351 1515 1385 A.

178 1396 293 1431 Koch.
314 1408 436 1441 progr.
457 1397 555 1431 Port.
579 1401 668 1431 1868
694 1409 729 1442 p.
751 1402 781 1431 6.
804 1418 846 1422 -
867 1398 905 1432 Ρ.
929 1402 1005 1432 191.
1027 1402 1071 1432 23
1097 1397 1320 1442 [consulem]
1345 1397 1515 1432 Karsten.

178 1444 252 1478 Mn.
282 1447 371 1478 1878
397 1456 432 1488 p.
453 1447 532 1486 298,
559 1443 689 1488 Pluyg.
716 1444 789 1478 Mn.
819 1448 905 1479 1881
933 1457 967 1488 p.
997 1449 1062 1478 132
1088 1444 1192 1488 prob.
1214 1465 1256 1468 —
1277 1443 1329 1478 Ib.
1350 1447 1400 1478 est
1423 1445 1517 1479 enim

179 1490 258 1526 cod.
279 1490 307 1524 F
333 1492 395 1534 (est
416 1501 485 1524 om.
506 1490 554 1532 Ε;
582 1491 629 1524 ad
647 1502 681 1534 p.
706 1495 781 1525 144.
803 1494 872 1534 25),
897 1491 1005 1533 Bait,
1030 1491 1148 1525 Klotz.
1170 1511 1212 1516 --
1234 1490 1272 1525 P.
1295 1495 1372 1525 191.
1394 1494 1439 1525 30
1463 1491 1517 1536 [et

178 1538 331 1572 maiores
349 1538 479 1582 vestri]
491 1536 615 1581 Kays.,
637 1548 706 1571 om.
728 1537 807 1571 cod.
822 1537 886 1582 Lg.
900 1543 931 1581 9,
952 1539 1007 1584 [et
1025 1549 1084 1572 vos
1097 1557 1142 1563 -
1156 1538 1264 1572 vestri
1277 1537 1331 1582 et]
1345 1536 1515 1572 Karsten.

178 1584 253 1618 Mn.
289 1587 378 1618 1878
417 1596 451 1628 p.
485 1587 569 1627 298,
608 1583 741 1618 melius
774 1583 891 1619 Klotz.
924 1589 956 1620 et
992 1585 1076 1619 mai.
1108 1586 1249 1619 vestri.
1277 1613 1283 1619 .
1311 1612 1319 1619 .
1352 1588 1383 1619 et
1418 1585 1515 1627 fort„

180 1630 285 1665 codd.
326 1630 471 1665 defend.
511 1631 674 1665 Richter.
707 1643 741 1675 p.
775 1635 854 1666 267.
882 1651 925 1657 —-
951 1633 990 1666 P.
1019 1635 1096 1665 191.
1123 1636 1166 1665 32
1206 1632 1436 1676 [praesertim
1470 1651 1513 1655 —

179 1677 302 1721 diynJ
326 1676 495 1711 Karsten.
522 1677 545 1711 1.
566 1677 590 1711 1.
614 1699 654 1702 -
676 1677 715 1712 P.
740 1682 815 1712 191.
837 1682 881 1712 35
902 1679 958 1713 uti
983 1678 1087 1712 codd.
1108 1677 1220 1721 EFP,
1247 1677 1355 1720 Bait„
1381 1676 1513 1720 Klotz,

179 1723 257 1757 rell.
278 1727 329 1758 ut.
350 1743 394 1748 —-
413 1723 466 1757 lb.
483 1725 662 1767 possimus
682 1724 814 1769 3ng.,
840 1725 970 1769 Pluyg.
992 1725 1065 1759 Mn.
1089 1729 1178 1760 1858
1197 1737 1232 1769 p.
1254 1728 1332 1766 352,
1359 1723 1514 1768 Zumpt,

181 1769 310 1814 Kays.;
344 1769 392 1803 ad
416 1781 450 1813 p.
481 1774 558 1804 173.
585 1774 640 1805 32.
668 1790 710 1795 —
738 1771 776 1805 P.
805 1776 882 1806 192.
905 1776 925 1806 2
959 1783 1047 1807 cara
1078 1775 1183 1816 atque
1213 1774 1357 1815 accepta
1382 1770 1514 1805 Corne—

179 1817 303 1851 lissen.
323 1816 398 1851 Mn.
421 1820 510 1850 1878
536 1828 571 1860 p.
593 1820 671 1851 308.
694 1838 736 1842 -—
756 1817 794 1852 P.
818 1822 893 1852 192.
916 1823 959 1852 11
986 1829 1096 1863 neque
1115 1818 1194 1852 cod.
1215 1817 1279 1860 Lg.
1295 1821 1331 1860 9,
1359 1816 1513 1861 Zumpt,

180 1862 310 1907 Kays.;
338 1863 386 1896 ad
405 1875 438 1906 p.
462 1867 539 1897 189.
562 1867 615 1897 16.
637 1884 680 1888 -
700 1863 738 1898 P.
762 1869 839 1899 192.
856 1869 897 1899 12
917 1866 977 1900 sed
995 1867 1028 1899 si
1046 1864 1164 1906 codd,
1183 1866 1242 1898 sed
1262 1862 1397 1906 Garat„
1416 1863 1514 1899 Bait.

179 1909 471 1944 Innumerabilia
490 1910 576 1943 sunt
595 1910 764 1954 exempla
783 1911 860 1945 eius
881 1923 978 1954 usus,
998 1911 1044 1944 de
1063 1921 1134 1954 quo
1155 1910 1278 1944 Madv.
1292 1909 1370 1944 Fin.
1384 1922 1418 1954 p.
1434 1914 1513 1945 328.

181 1977 223 1982 —
252 1957 304 1991 Ib.
331 1957 504 2001 quiddam
535 1955 712 2000 Nauger.,
745 1957 858 2001 Bait,
891 1957 1020 2001 Kays.‚
1051 1958 1192 2001 quidem
1224 1958 1303 2000 (aut
1332 1958 1421 2001 quid
1450 1959 1513 2002 est)

182 2003 306 2046 codd,
343 2003 481 2046 Klotz,
519 2002 681 2037 Richter.
713 2015 748 2047 p.
775 2009 854 2039 269.
884 2026 923 2029 —
951 2004 989 2039 P.
1018 2008 1095 2038 192.
1125 2008 1167 2038 13
1204 2004 1377 2038 simulata
1412 2005 1515 2038 nobis

181 2050 350 2084 Karsten.
377 2049 451 2084 Mn.
475 2053 564 2084 1878
589 2061 623 2093 p.
646 2054 724 2084 302.
746 2071 789 2075 -
809 2051 848 2085 P.
872 2055 947 2086 192.
969 2055 1010 2085 17
1037 2051 1271 2085 amicissimos
1296 2050 1374 2084 cod.
1395 2049 1459 2094 Lg.
1481 2054 1513 2093 9,

183 2097 342 2141 Zumpt„
373 2095 483 2140 Kays.
516 2115 562 2121 „-
592 2096 631 2130 P.
661 2100 736 2130 192.
760 2102 802 2132 18
828 2098 946 2141 plebei
977 2097 1056 2131 cod.
1082 2097 1126 2140 T,
1153 2097 1254 2141 plebi
1284 2096 1362 2131 rell.
1396 2096 1513 2140 codd„

182 2143 302 2178 Klotz.
331 2142 376 2188 (is
410 2142 523 2177 etiam
547 2154 579 2176 v.
607 2146 662 2185 25,
689 2154 763 2176 non
793 2148 868 2178 193.
890 2147 911 2178 5
936 2144 1035 2187 oet),
1062 2143 1186 2187 Kays.‚
1207 2144 1323 2187 plebis
1348 2143 1442 2178 Bait.
1469 2163 1513 2168 —

182 2190 221 2224 P.
245 2194 321 2224 192.
343 2194 388 2224 34
412 2191 513 2224 illam
539 2189 644 2224 codd.
665 2188 733 2223 PG
747 2190 878 2235 7ng.,
904 2189 1024 2224 Klotz.
1045 2209 1088 2214 —
1109 2191 1147 2223 P.
1170 2194 1246 2224 193.
1267 2193 1287 2223 2
1313 2194 1390 2225 tum
1410 2191 1515 2224 rebus

182 2235 320 2279 Klotz„
346 2238 387 2271 in
410 2237 480 2272 reb.
507 2235 630 2279 codd,
655 2246 722 2270 nos
745 2238 815 2272 reb.
842 2237 984 2280 Zumpt.
1012 2257 1055 2261 —
1081 2236 1119 2270 P.
1149 2240 1226 2270 193.
1248 2240 1267 2271 5
1298 2238 1401 2272 valde
1434 2247 1513 2279 scr„

183 2285 326 2318 tandem
346 2282 464 2327 codd,
485 2282 618 2325 Klotz,
639 2282 709 2316 del.
724 2281 863 2326 Lamb.,
883 2282 989 2325 Bait„
1010 2284 1189 2318 concitata
1208 2285 1282 2317 iam
1295 2284 1435 2327 pridem
1455 2293 1514 2317 ex-
