1619 2542
95 726 138 757 61

95 1169 151 1210 22

95 1220 138 1251 62

96 1836 138 1868 63

165 92 220 133 58
524 91 618 127 PRO
645 93 688 127 A.
716 90 925 126 CAECINA
952 89 1140 126 ORATIO.

163 187 296 229 fundo
328 187 605 242 praecipitem
638 187 774 242 egeris
806 187 1030 242 iussusque
1063 185 1133 239 sis,
1167 200 1291 240 quem
1321 185 1502 227 homini-

164 247 245 287 bus
278 246 455 287 armatis
488 245 706 299 deieceris,
738 246 981 299 restituere,
1012 244 1251 286 restituisse
1282 246 1325 286 te
1357 244 1500 286 dices?

164 304 310 346 Verba
343 304 379 345 si
416 305 578 357 valent,
618 304 654 345 si
686 318 836 345 causae
874 318 959 345 non
997 303 1181 356 ratione,
1223 302 1295 344 sed
1325 303 1501 344 vocibus

165 363 467 418 ponderantur,
500 377 566 404 me
599 366 770 404 auctore
802 362 944 404 dicito.
1006 361 1161 404 Vinces
1193 361 1384 415 profecto
1415 376 1502 403 non

165 422 296 463 fuisse
329 425 517 463 armatos
551 436 641 475 eos,
683 421 755 476 qui
787 435 890 462 saxa
920 421 1126 473 iacerent,
1167 435 1273 475 quae
1305 420 1355 461 de
1386 422 1500 462 terra
1520 430 1536 457 5

165 480 249 534 ipsi
280 480 498 533 tollerent,
536 494 623 521 non
655 494 747 521 esse
779 494 898 521 arma
929 479 1137 533 caespites
1168 493 1304 534 neque
1336 478 1502 534 gleba33

164 554 253 580 non
282 538 414 579 fuisse
441 541 631 580 armatos
665 553 749 592 eos,
781 538 853 593 qui
884 539 1202 593 praetereuntes
1234 552 1402 578 ramum
1433 537 1500 578 de-

165 598 403 652 fringerent
435 597 619 651 arboris3
663 612 781 638 arma
814 611 906 638 esse
939 596 1026 638 suis
1058 596 1302 638 nominibus
1334 596 1418 638 alia
1448 596 1502 638 ad

165 656 408 711 tegendum,
442 656 525 696 alia
552 656 603 696 ad
628 656 882 708 nocendu1n3
917 669 1022 709 quae
1048 655 1120 709 qui
1150 669 1237 696 non
1260 654 1501 705 habuerint,

167 729 238 756 eos
264 715 450 756 inermos
483 714 614 755 fuisse
640 714 794 756 vinces.
848 714 1010 755 Verum
1042 714 1079 754 si
1110 713 1222 767 quod
1254 713 1335 754 erit
1366 724 1555 755 armo-10

165 788 258 814 rum
286 773 500 827 iudicium,
532 776 625 814 tum
649 773 735 814 ista
761 772 907 826 dicit03
940 772 1044 813 iuris
1071 772 1272 813 iudicium
1299 786 1394 813 cum
1419 772 1501 814 erit

167 834 209 872 et
235 832 478 886 aequitatis,
510 846 611 873 cave
642 832 687 872 in
711 832 797 872 ista
825 834 914 872 tam
940 831 1109 885 frigida,
1141 833 1231 871 tam
1261 830 1403 872 ieiuna
1435 845 1501 872 ca-

166 890 329 932 lumnia
361 890 588 932 delitiscaS.
649 889 746 931 Non
780 890 892 930 enim
930 889 1115 943 reperies
1149 903 1406 944 quemquam
1442 889 1502 930 iu-

167 949 300 990 dicem
321 952 396 990 aut
415 951 770 1003 recuperatorem,
797 948 881 1002 qui,
906 950 1127 1002 tamquam
1154 949 1188 988 si
1210 962 1328 989 arma
1350 948 1501 989 militis

165 1007 434 1060 inspiciunda
466 1007 563 1060 sint,
595 1007 657 1048 ita
687 1007 841 1062 probet
867 1011 1097 1060 armatum,
1130 1005 1203 1048 sed
1234 1007 1407 1059 perinde
1432 1022 1502 1048 va·
1522 1017 1554 1043 1⁵

165 1066 282 1119 lebit,
315 1066 436 1119 quasi
463 1065 743 1106 armatissimi
773 1065 944 1117 fuerint,
977 1065 1013 1106 si
1041 1065 1308 1119 reperientur
1337 1065 1400 1106 ita
1430 1080 1501 1120 pa-

166 1124 247 1165 rati
272 1124 415 1177 fuisse,
447 1127 495 1164 ut
527 1125 613 1165 vim
639 1124 753 1165 vitae
787 1126 860 1165 aut
885 1124 1053 1178 corpori
1082 1123 1300 1177 potuerint
1325 1124 1502 1168 adferre.

254 1183 397 1237 Atque
428 1185 476 1223 ut
508 1182 646 1237 magis
684 1183 930 1237 intellegas,
972 1197 1099 1236 quam
1131 1182 1260 1223 verba
1292 1183 1400 1223 nihil
1432 1198 1502 1224 va·

166 1241 296 1295 leant,
329 1241 365 1282 si
390 1244 438 1282 tu
464 1241 580 1282 solus
608 1244 682 1282 aut
709 1241 846 1294 quivis
879 1255 986 1282 unus
1013 1255 1108 1282 cum
1135 1243 1257 1282 scuto
1283 1244 1326 1282 et
1357 1241 1500 1295 gladio

165 1300 373 1354 impetum
404 1299 448 1340 in
476 1314 542 1340 me
572 1299 744 1341 fecisset
770 1302 897 1353 atque
930 1313 1009 1354 ego
1041 1300 1104 1340 ita
1136 1299 1321 1340 deiectus
1352 1314 1500 1354 essem,
1521 1310 1554 1336 2⁰

166 1359 396 1400 auderesne
438 1358 574 1400 dicere
612 1358 888 1399 interdictum
926 1372 1017 1398 esse
1056 1358 1105 1398 de
1148 1358 1393 1399 hominibus
1437 1373 1500 1400 ar-

166 1417 313 1471 matis,
360 1416 430 1458 hic
472 1420 615 1458 aut-em
661 1417 879 1458 hominem
924 1419 1137 1457 armatum
1176 1431 1309 1458 unum
1339 1416 1499 1459 fuisse?

164 1474 275 1529 Non,
303 1475 466 1529 opinor,
492 1478 582 1516 tam
602 1475 810 1530 inpudens
831 1489 957 1516 esses.
1007 1475 1141 1529 Atqui
1159 1475 1266 1529 vide,
1291 1490 1343 1516 ne
1363 1476 1499 1518 multo

164 1549 275 1575 nunc
308 1535 366 1574 sis
398 1534 685 1589 inpudentior.
746 1532 859 1575 Nam
891 1536 983 1574 tum
1011 1534 1181 1587 quidem
1213 1548 1359 1575 omnes
1391 1549 1500 1576 mor-

165 1593 275 1633 tales
307 1593 537 1647 implorare
569 1607 734 1647 posses,
774 1592 886 1647 quod
916 1592 1111 1634 homines
1143 1593 1188 1633 in
1219 1594 1292 1634 tuo
1323 1594 1498 1648 negotio
1519 1603 1552 1629 2⁵

164 1650 316 1692 Latine
348 1651 712 1704 obliviscerentur,
741 1651 870 1705 [quod
901 1650 1054 1692 inermi
1085 1652 1240 1693 armati
1270 1650 1499 1693 iudicaren-

164 1710 265 1762 tur,]
312 1709 441 1763 quod,
480 1724 576 1751 cum
607 1709 881 1751 interdictum
915 1712 1028 1750 esset
1059 1709 1109 1751 de
1140 1706 1352 1764 pluribus,
1389 1724 1499 1751 com-

165 1767 297 1808 missa
333 1782 401 1809 res
434 1771 547 1809 esset
585 1768 638 1809 ab
671 1782 773 1821 uno,
812 1783 920 1809 unus
951 1768 1080 1810 homo
1113 1769 1257 1823 plures
1297 1781 1388 1809 esse
1426 1767 1499 1810 ho·

166 1826 300 1867 mines
332 1826 631 1867 iudicarentur.
693 1827 854 1868 Verum
891 1827 936 1868 in
972 1827 1039 1868 his
1077 1826 1214 1868 causis
1251 1840 1338 1867 non
1367 1827 1498 1868 verba

164 1884 340 1925 veniunt
359 1884 404 1925 in
429 1885 643 1937 iudicium,
670 1885 743 1926 sed
770 1900 819 1927 ea
844 1899 923 1938 res,
949 1886 1066 1926 cuius
1093 1899 1221 1927 causa
1241 1884 1370 1925 verba
1394 1884 1498 1928 haec
1517 1896 1552 1922 80

163 1942 209 1984 in
240 1942 514 1984 interdictum
547 1943 737 1985 coniecta
769 1947 878 1985 sunt.
922 1942 1034 1996 Vim,
1066 1957 1173 1997 quae
1206 1943 1259 1983 ad
1290 1946 1418 1998 caput
1449 1958 1498 1986 ac

164 2001 299 2042 vitam
330 2001 582 2055 pertineret,
623 2003 793 2043 restitui
831 2002 920 2043 sine
950 2002 1042 2043 ulla
1078 2001 1325 2055 exceptione
1357 2002 1497 2044 volue-

164 2062 275 2100 runt.
336 2060 401 2100 Ea,
426 2060 474 2100 fit
499 2059 749 2114 plerumque
774 2075 850 2113 per
875 2061 1067 2101 homines
1094 2062 1263 2102 coactos
1291 2063 1496 2102 armatos-

165 2133 263 2183 que3
295 2117 331 2158 si
363 2117 445 2159 alio
479 2118 668 2172 consilio,
702 2118 847 2159 eodem
879 2118 1067 2184 periculo
1099 2117 1214 2160 facta
1247 2119 1314 2184 sit,
1349 2119 1495 2160 eodem

163 2176 253 2217 iure
285 2190 376 2218 esse
406 2175 645 2218 voluerunt.
706 2176 804 2218 Non
837 2176 949 2218 enim
986 2177 1121 2217 maior
1159 2179 1224 2217 est
1255 2177 1428 2231 iniuria,
1459 2178 1496 2220 si
1515 2187 1548 2214 35

164 2237 238 2275 tua
274 2234 440 2276 familia
478 2249 605 2289 quam
643 2235 678 2275 si
718 2237 816 2276 tuus
854 2235 1023 2284 vilicus,
1062 2249 1165 2289 non,
1210 2235 1246 2276 si
1282 2235 1347 2277 tui
1384 2236 1496 2277 servi

166 2307 292 2347 quam
327 2294 360 2334 si
394 2293 522 2335 alieni
553 2307 601 2334 ac
632 2293 928 2347 mercennarii,
965 2307 1067 2348 non,
1100 2293 1135 2334 si
1168 2296 1266 2334 tuus
1298 2308 1495 2349 pro-cura
