1687 2533
20 781 53 806 10

20 1369 54 1394 20

19 1661 53 1687 25

19 1954 54 1978 30

19 2244 53 2269 35

532 146 631 181 CAP.
659 151 749 181 3-5
776 151 794 189 g
822 151 947 183 5-10.
1327 148 1410 188 517

73 243 218 283 tacens
257 243 508 295 minaretur,
545 257 647 284 voce
684 245 854 284 tantum
893 243 1019 298 attigi
1058 243 1202 299 legum
1241 243 1411 284 initium

74 303 116 341 et
152 300 314 354 iudicii3
354 301 545 343 consedit
582 301 672 356 ille3
713 301 908 343 conticui.
970 302 1097 343 Diem
1130 302 1326 356 dixisset,
1364 305 1412 343 ut

73 359 246 413 iecerat3
278 360 488 414 fecissem,
519 362 566 402 ut
598 360 636 401 ei
669 360 816 401 statim
848 361 1001 401 tertius
1035 376 1059 402 a
1091 363 1288 415 praetore
1322 361 1410 402 dies

73 417 292 459 diceretur.
343 418 486 473 Atque
517 419 599 461 hoc
626 419 685 461 sic
712 419 954 461 moderetur
981 421 1023 460 et
1050 420 1221 474 cogitet,
1254 420 1290 461 si
1317 435 1411 461 con-

75 479 218 518 tentus
258 477 314 517 sit
350 478 403 518 iis
443 478 688 532 sceleribus,
727 492 833 532 quae
867 479 1099 533 commisit,
1133 493 1222 520 esse
1254 492 1294 520 se
1324 479 1411 519 iam

73 538 365 577 consecratum
398 536 569 590 Miloni3
608 537 643 577 si
683 537 795 590 quod
826 538 871 578 in
902 552 969 578 me
1001 538 1136 578 telum
1167 537 1411 591 intenderit,

73 595 220 635 statim
262 609 329 636 me
371 609 462 636 esse
503 598 772 650 arrepturum
824 611 942 637 arma
985 596 1237 638 iudiciorum
1283 599 1410 650 atque

71 652 225 707 legum.

159 711 302 765 Atque
328 713 455 767 paulo
483 715 592 767 ante,
624 715 770 768 patres
797 713 1042 768 conscripti,
1069 714 1311 755 contionem
1335 713 1409 755 ha-

73 770 182 824 buit,
227 785 334 824 quae
379 774 443 812 est
488 772 541 812 ad
584 786 651 812 me
694 774 789 813 tota
833 772 989 826 delata3
1034 773 1152 814 cuius
1198 773 1408 814 contionis

71 830 257 883 primum
290 830 533 871 universum
560 833 860 885 argumentum
888 832 1228 885 sententiamque
1256 831 1409 872 audite.

73 886 179 929 Cum
204 888 385 929 riseritis
411 889 719 943 impudentiam
747 889 946 944 hominis,
978 892 1069 930 tum
1097 905 1122 931 a
1147 905 1214 930 me
1242 890 1291 931 de
1316 893 1410 931 tota

72 947 270 988 contione
304 947 497 988 audietis.
558 948 622 989 De
653 948 934 1003 religionibus
968 949 1099 990 sacris
1133 951 1175 989 et
1207 949 1408 990 caerimo-

71 1005 154 1046 niis
197 1008 261 1046 est
302 1006 591 1060 contionatus,
635 1010 778 1061 patres
823 1008 1070 1061 conscripti,
1117 1005 1307 1060 Clodius3
1353 1007 1408 1058 P„

37 1063 265 1118 5inquam,
303 1062 477 1106 Clodius
510 1080 630 1106 sacra
669 1067 711 1106 et
748 1066 977 1120 religiones
1015 1066 1205 1120 neglegi,
1244 1066 1409 1119 violari,

70 1123 203 1176 pollui
236 1125 409 1177 questus
443 1125 523 1164 est!
581 1122 680 1165 Non
712 1124 885 1178 mirum,
924 1125 959 1165 si
993 1124 1074 1167 hoc
1105 1125 1227 1177 vobis
1260 1125 1408 1166 ridicu-

70 1181 159 1222 lum
199 1182 383 1234 videtur3
435 1183 564 1223 etiam
609 1197 685 1224 sua
727 1183 869 1224 contio
910 1183 1007 1224 risit
1047 1183 1282 1237 hominem,
1326 1198 1408 1237 quo

71 1239 197 1280 modo
222 1240 314 1294 ipse
341 1241 516 1295 gloriari
543 1241 663 1295 solet,
690 1241 881 1282 ducentis
908 1242 1119 1282 confixum
1148 1243 1285 1282 senati
1311 1257 1408 1283 con-

73 1299 210 1353 sultis,
243 1313 351 1352 quae
378 1302 476 1340 sunt
508 1300 653 1340 omnia
685 1303 833 1340 contra
864 1300 987 1340 illum
1019 1315 1096 1354 pro
1128 1300 1407 1355 religionibus

72 1356 197 1409 facta,
228 1356 529 1411 hominemque
562 1372 670 1412 eum,
702 1359 773 1412 qui
804 1358 1100 1412 pulvinaribus
1129 1357 1274 1399 Bonae
1307 1359 1408 1399 deae

73 1418 269 1469 stuprum
300 1416 495 1456 intulerit
526 1430 657 1470 eaque
689 1431 821 1471 sacra,
854 1431 960 1470 quae
992 1417 1073 1457 viri
1100 1417 1232 1458 oculis
1265 1431 1317 1458 ne
1349 1418 1407 1458 in-

71 1473 292 1528 prudentis
331 1474 499 1528 quidem
538 1475 671 1529 aspici
713 1475 777 1516 fas
817 1478 899 1528 est,
937 1490 1022 1516 non
1061 1476 1199 1516 solum
1232 1478 1408 1530 aspectu

71 1532 203 1585 virili,
239 1532 313 1573 sed
348 1533 515 1588 flagitio
555 1536 785 1588 stuproque
823 1534 1013 1588 violarit,
1051 1534 1096 1574 in
1128 1534 1325 1575 contione
1358 1535 1407 1575 de

71 1591 353 1645 religionibus
385 1592 593 1647 neglectis
625 1593 836 1645 conqueri.
886 1593 1037 1646 Itaque
1068 1607 1180 1633 nunc
1211 1593 1407 1646 proxima

73 1650 215 1691 contio
255 1649 343 1690 eius
382 1653 652 1704 exspectatur
691 1650 739 1691 de
777 1651 993 1705 pudicitia.
1055 1650 1163 1698 Quid
1203 1652 1314 1691 enim
1346 1651 1407 1692 in-

71 1710 222 1758 terest,
260 1710 403 1749 utrum
441 1709 494 1749 ab
533 1709 741 1750 altaribus
780 1709 1119 1764 religiosissimis
1151 1709 1324 1763 fugatus
1358 1710 1408 1751 de

74 1767 204 1808 sacris
231 1769 273 1806 et
298 1766 578 1821 religionibus
605 1770 889 1821 conqueratur
915 1782 970 1808 an
996 1782 1046 1808 ex
1073 1782 1267 1808 sororum
1293 1768 1408 1810 cubi-

73 1825 167 1866 culo
205 1839 402 1880 egressus
440 1825 645 1879 pudorem
683 1826 1015 1879 pudicitiamque
1048 1826 1274 1868 defendat?
1330 1827 1408 1868 Re-

75 1897 278 1937 sponsum
316 1883 593 1937 haruspicum
629 1883 709 1925 hoc
746 1898 891 1925 recens
930 1884 980 1925 de
1015 1884 1190 1926 fremitu
1226 1885 1271 1925 in
1312 1900 1406 1927 con-

73 1942 188 1982 tione
214 1942 423 1995 recitavit,
449 1943 493 1982 in
519 1956 601 1996 quo
629 1956 724 1983 cum
751 1942 845 1983 aliis
872 1942 1020 1984 multis
1046 1944 1249 1997 scriptum
1276 1944 1406 1984 etiam

73 2000 179 2041 illud
210 2003 285 2054 est,
315 2000 359 2041 id
385 2000 496 2054 quod
523 2000 714 2054 audistis,
739 2000 882 2042 ‘LOCA
908 2012 1051 2043 SACRA
1077 2014 1135 2042 ET
1162 2012 1406 2044 RELIGIOSA

73 2070 285 2100 PROFANA
304 2058 504 2100 HABER1.'
548 2057 599 2099 In
619 2073 668 2100 ea
688 2074 815 2100 causa
835 2074 926 2100 esse
947 2060 1054 2100 dixit
1074 2060 1244 2101 domum
1266 2075 1404 2101 meam

74 2131 99 2157 a
141 2117 468 2172 religiosissimo
515 2117 753 2171 sacerdote,
797 2117 841 2158 P.
881 2116 1051 2170 Clodio,
1102 2121 1404 2160 consecratam.

73 2173 246 2216 Gaudeo
273 2176 379 2216 mihi
411 2176 460 2216 de
491 2178 584 2217 toto
617 2176 698 2217 hoc
730 2179 911 2229 ostento,
943 2177 1054 2231 quod
1085 2176 1199 2218 haud
1232 2177 1318 2218 scio
1351 2192 1405 2218 an

73 2234 374 2288 gravissimum
411 2233 558 2274 multis
596 2234 663 2275 his
703 2235 822 2275 annis
863 2234 961 2276 huic
993 2235 1131 2276 ordini
1162 2235 1404 2276 nuntiatum

74 2291 148 2345 sit,
187 2291 330 2333 datam
362 2307 447 2333 non
479 2292 603 2333 modo
636 2293 810 2345 iustam,
849 2293 922 2334 sed
959 2294 1087 2335 etiam
1120 2295 1404 2335 necessariam

74 2364 244 2391 causam
286 2364 376 2403 esse
418 2349 592 2392 dicendi.
654 2350 892 2406 Reperietis
937 2352 1049 2392 enim
1093 2366 1142 2392 ex
1185 2351 1265 2393 hoc
1309 2355 1402 2393 toto

1434 2187 1475 2217 10
