1619 2542
524 70 624 106 CAP.
653 74 789 106 56—-58
816 74 834 113 g
863 74 1056 104 154-159.
1360 67 1438 108 161

100 184 226 224 quam
260 168 473 223 attingere
510 167 716 221 noluerit,
753 165 954 220 praesidii
992 165 1100 206 nihil
1139 164 1284 205 fuisse.
1347 163 1511 205 Hicl57

99 243 211 270 nunc
243 230 308 268 est
335 226 549 281 quiddam,
583 226 698 280 quod
724 225 776 266 ad
802 239 870 266 me
895 224 1121 279 pertineat,
1153 223 1203 264 de
1232 237 1314 277 quo
1343 225 1442 263 ante

101 288 202 340 dixi,
253 286 365 340 quod
419 299 498 339 ego
542 285 702 339 populo
747 283 942 324 Romano
986 285 1207 337 praestare
1252 282 1444 335 debeam,

101 345 303 400 quoniam
334 344 371 385 is
403 344 517 385 vitae
549 358 667 384 meae
696 345 834 384 status
863 345 939 396 est,
970 344 1019 382 ut
1045 340 1183 382 omnis
1209 340 1316 381 mihi
1342 354 1444 381 cura

66 416 82 441 5
103 408 145 446 et
177 418 308 458 opera
339 402 482 456 posita
514 402 570 443 sit
601 402 646 442 in
677 401 898 443 hominum
931 400 1130 455 periculis
1157 398 1443 441 defendendis.

102 462 255 514 Video,
301 464 461 516 quanta
501 464 544 502 et
582 475 710 514 quam
749 460 988 513 periculosa
1025 461 1068 499 et
1111 473 1236 513 quam
1274 457 1444 498 infinita

102 521 296 576 quaestIO
329 522 567 573 temptetur
599 519 653 560 ab
687 518 1016 570 accusatoribus,
1048 532 1143 558 cum
1170 531 1265 558 eam
1290 516 1443 571 legem,

103 594 208 635 quae
254 580 297 620 in
341 581 539 619 nostrum
583 578 775 619 ordinem
820 577 981 631 scripta
1026 576 1100 629 sit,
1150 575 1196 616 in
1237 576 1443 630 populum

105 639 343 680 Romanum
375 636 611 678 transferre
643 638 863 678 conentur.
913 634 1005 683 Qua
1036 635 1082 675 in
1112 634 1207 689 lege
1234 639 1313 675 est:
1349 633 1444 683 ‘QUI

51 708 84 733 10
104 695 318 749 COIERIT',
357 696 467 750 quod
506 710 632 749 quam
672 695 759 736 late
790 696 949 748 pateat,
981 693 1146 734 videtis.
1191 692 1444 734 ‘CONVENE-

104 755 214 809 R1T’3
247 769 378 808 aeque
413 754 622 796 incertum
650 756 692 794 et
717 753 931 794 infinitum
959 754 1035 793 est.
1074 750 1443 804 ε0011311113111111ἧ

103 815 185 856 hoc
215 828 315 855 vero
359 828 454 854 cum
485 813 719 865 infinitum,
757 814 849 852 tum
883 812 1111 852 obscurum
1145 813 1187 851 et
1219 810 1445 851 occultum.

104 874 363 915 ‘FALSUMVE
420 882 743 913 TESTIMONIUM
793 869 1018 923 DIXERIT’3
1074 869 1168 923 quis
1219 869 1269 909 de
1320 869 1445 922 plebe

104 932 299 973 Romana
350 930 644 972 testimonium
697 929 805 970 dixit
853 943 1075 982 umquam,
1126 927 1193 968 cui
1236 942 1322 968 non
1365 927 1445 968 hoc

52 1001 85 1026 15
105 991 340 1046 periculum
381 988 427 1030 T.
468 989 596 1030 Accio
638 991 813 1030 ‘auctore
854 990 1051 1042 paratum
1098 1001 1189 1027 esse
1233 985 1444 1027 videatis?

103 1064 203 1090 nam
248 1048 459 1089 dicturum
504 1047 673 1101 quidem
716 1049 847 1100 certe,
892 1046 927 1087 31
970 1046 1051 1087 1100
1088 1044 1289 1086 iudicium
1328 1044 1446 1098 plebi

104 1108 324 1149 Romanae
356 1107 623 1161 propositum
657 1106 725 1159 sit,
756 1105 970 1146 neminem
1001 1119 1205 1158 umquam
1232 1118 1323 1144 esse
1351 1117 1445 1144 con-

104 1167 239 1207 firmo.
297 1163 378 1206 Sed
412 1165 492 1206 hoc
530 1165 735 1219 polliceor
773 1164 982 1217 omnibus,
1027 1163 1063 1203 si
1101 1163 1167 1203 cui
1205 1162 1316 1203 forte
1355 1162 1516 1203 hacl58

106 1226 201 1280 lege
233 1224 455 1279 negotium
487 1224 737 1276 facessetur,
770 1222 842 1277 qui
874 1223 968 1276 lege
994 1236 1081 1263 non
1105 1223 1314 1274 teneatur,
1348 1221 1385 1261 si
1410 1220 1446 1260 is

53 1295 87 1320 20
106 1284 171 1324 uti
202 1298 268 1324 me
302 1282 521 1323 defensore
553 1282 747 1333 voluerit,
780 1296 846 1321 me
877 1281 966 1321 eius
993 1295 1165 1321 causam
1193 1279 1301 1334 legis
1327 1294 1447 1333 prae-

108 1342 215 1383 sidio
249 1341 521 1382 defensurum
556 1344 597 1382 et
628 1341 696 1381 vel
727 1340 795 1380 his
821 1339 1032 1380 iudicibus
1059 1338 1126 1380 vel
1153 1338 1305 1379 horum
1333 1336 1447 1378 simi-

108 1401 221 1441 libus
266 1400 469 1441 facillime
512 1400 812 1453 probaturum,
858 1401 900 1438 et
942 1397 1058 1438 omni
1096 1411 1163 1437 me
1202 1396 1447 1436 defensione

108 1473 282 1500 usurum
322 1472 414 1498 esse
451 1458 577 1513 legis,
621 1472 703 1511 qua
740 1471 851 1497 nunc
889 1458 936 1496 ut
973 1459 1089 1508 utar,
1131 1455 1184 1495 ab
1223 1469 1290 1507 eo,
1328 1453 1446 1494 cuius

108 1516 323 1558 voluntati
367 1516 473 1557 mihi
517 1515 897 1569 obtemperandum
942 1517 1023 1566 est,
1066 1528 1153 1554 non
1192 1512 1446 1554 conceditur.

57 1587 90 1612 25
109 1575 209 1617 Non
241 1574 353 1615 enim
380 1574 510 1615 debeo
538 1574 745 1625 dubitare,
771 1573 941 1625 iudices,
974 1572 1086 1626 quin,
1120 1571 1156 1612 31
1183 1586 1267 1625 qua
1293 1571 1345 1611 ad
1371 1585 1446 1612 vos
1461 1578 1517 1620 58

110 1648 236 1675 causa
278 1633 367 1673 eius
400 1632 514 1673 modi
546 1632 689 1672 delata
721 1632 777 1672 sit
809 1631 916 1684 eius,
959 1630 1030 1684 qui
1061 1630 1155 1684 lege
1187 1644 1275 1670 non
1306 1632 1448 1670 tenea-

109 1696 196 1745 tur,
242 1691 411 1732 etiamsi
454 1691 490 1731 is
535 1690 769 1731 invidiosus
815 1691 889 1730 aut
935 1688 1082 1729 multis
1128 1688 1314 1729 offensus
1356 1702 1447 1729 esse

110 1751 322 1802 videatur,
362 1750 528 1790 etiamsi
561 1764 657 1790 eum
689 1748 882 1801 oderitis,
921 1747 1090 1788 etiamsi
1120 1747 1246 1787 inviti
1277 1747 1450 1787 absolu-

110 1809 197 1850 turi
230 1809 335 1861 sitis,
367 1811 511 1849 tamen
544 1807 778 1849 absolvatis
812 1809 854 1846 et
885 1805 1084 1860 religioni
1109 1805 1252 1858 potius
1278 1809 1447 1846 vestrae

58 1879 93 1904 30
113 1882 239 1922 quam
272 1867 368 1908 odio
399 1866 599 1920 pareatis.
654 1865 735 1906 Est
767 1865 878 1905 enim
912 1864 1116 1919 sapientis
1142 1856 1292 1905 iudicis
1320 1864 1517 1919 cogi-159

111 1929 204 1966 tare
242 1928 411 1966 tantum
451 1925 534 1966 sibi
572 1940 596 1965 a
634 1923 794 1977 populo
826 1923 1021 1964 Romano
1055 1937 1147 1964 esse
1179 1922 1448 1976 permissum,

113 1987 320 2038 quantum
358 1983 633 2025 commissum
672 1984 727 2023 sit
766 1984 808 2023 et
846 1981 1070 2034 creditum,
1110 1983 1152 2022 et
1190 1996 1276 2022 non
1310 1981 1448 2021 solum

114 2043 195 2084 sibi
235 2045 494 2096 potestatem
533 2042 694 2094 datam,
738 2055 884 2081 verum
922 2040 1052 2081 etiam
1089 2039 1216 2080 fidem
1253 2039 1448 2080 habitam

115 2115 206 2142 esse
239 2101 499 2153 meminisse,
530 2114 674 2154 posse,
708 2113 831 2153 quem
865 2098 1019 2151 oderit,
1051 2098 1289 2150 absolvere,
1323 2112 1447 2150 quem

61 2170 95 2195 35
113 2173 199 2200 non
225 2159 372 2210 oderit,
398 2159 678 2200 condemnare
706 2160 748 2198 et
775 2171 954 2211 semper,
978 2171 1064 2198 non
1090 2157 1189 2210 quid
1214 2156 1305 2209 ipse
1332 2155 1448 2209 velit,

114 2217 187 2258 sed
219 2217 320 2271 quid
345 2217 413 2257 lex
439 2220 481 2257 et
507 2217 660 2271 religio
687 2218 826 2270 cogat,
858 2215 1064 2270 cogitare,
1097 2214 1448 2267 animadvertere,

116 2290 199 2329 qua
230 2275 325 2330 lege
357 2289 452 2316 reus
485 2277 651 2328 citetur,
684 2274 732 2315 de
766 2288 847 2327 quo
874 2288 945 2315 reo
973 2276 1215 2329 cognoscat,
1249 2286 1355 2326 quae
1381 2285 1448 2312 res

185 2349 256 2375 cxc.
276 2351 315 2375 11.
334 2350 359 2375 2.
1195 2345 1236 2374 11
