1619 2542
74 778 107 801 10

76 1654 110 1679 25

601 141 701 177 CAP.
729 146 767 186 5,
795 146 816 177 6
843 146 862 184 ξ
885 146 1032 177 10—14.
1377 142 1463 182 279

124 236 356 279 Catilinam
394 237 517 278 datas
550 252 641 279 esse
674 237 852 279 dicebat.
914 237 1058 292 Atque
1090 237 1152 279 ibi
1183 237 1465 279 vehementis-

124 297 230 338 sime
255 297 529 351 perturbatus
550 296 755 337 Lentulus
781 299 928 338 tamen
953 299 995 338 et
1021 297 1193 352 signum
1219 299 1262 338 et
1287 312 1461 338 manum

125 370 247 396 suam
287 356 499 421 cognovit.
561 354 698 396 Erant
736 358 876 396 autem
916 355 1007 396 sine
1044 355 1236 409 nomine,
1276 356 1348 396 sed
1380 356 1461 396 ita:

126 413 266 462 ‘Quis
300 414 408 467 sim,
442 413 571 455 scies
605 429 660 455 ex
693 429 764 468 00,
798 429 942 468 quem
974 414 1032 455 ad
1064 416 1112 455 te
1139 414 1269 455 misi.
1314 413 1463 467 Cura,

125 476 178 513 ut
214 473 290 513 vir
329 473 416 518 sis.
454 476 502 514 et
542 472 732 527 cogita,
771 487 913 527 quem
949 473 1000 513 in
1036 473 1201 514 locum
1241 473 1311 514 sis
1350 487 1462 527 pro—

126 545 346 585 gressus.
385 519 532 584 Vide,
565 531 745 585 ecquid
783 532 882 572 tibi
919 532 1016 573 iam
1049 533 1116 572 sit
1146 546 1374 583 necesse,
1413 535 1462 572 et

126 605 263 640 cura,
299 592 353 631 ut
392 590 608 630 omnium
640 590 738 630 tibi
770 590 966 631 auxilia
998 590 1268 645 adiungas,
1308 590 1461 632 etiam

125 647 446 690 infimorum.9
497 648 703 690 Gabinius
732 648 879 690 deinde
905 649 1174 690 introductus
1201 664 1297 690 011111
1322 650 1461 703 primo

124 707 392 762 impudenter
430 707 684 761 respondere
723 708 953 762 coepisset,
992 708 1044 749 ad
1083 710 1319 749 extremum
1354 708 1461 749 nihil

127 781 176 807 ex
219 766 289 819 iis,
334 780 440 819 quae
479 765 594 807 Galli
636 766 963 817 insimulabant,
1007 767 1193 822 negavit.
1249 767 1311 808 Ac
1355 767 1460 808 mihi

127 824 314 879 quidem,
346 824 543 877 Quirites,
575 839 670 866 cum
701 825 779 866 illa
810 825 1050 866 certissima
1080 825 1174 866 visa
1206 828 1306 866 sunt
1338 839 1461 880 argu-

126 886 271 924 menta
303 886 430 937 atque
461 883 618 924 indicia
650 884 839 937 sceleris,
878 884 1080 938 tabellae,
1120 884 1260 939 signa,
1300 898 1463 937 manus,

127 942 306 996 denique
337 942 460 983 unius
493 942 693 996 cuiusque
726 942 954 996 confessio,
991 946 1083 984 tum
1117 944 1250 984 multo
1279 943 1461 984 certiora

127 1001 219 1051 illa,
258 1001 391 1054 color,
432 1001 560 1054 oculi,
597 1001 758 1055 voltus,
798 1001 1082 1042 taciturnitas.
1146 1000 1214 1042 Sic
1247 1002 1359 1042 0111111
1393 1001 1463 1042 ob-

94 1062 400 1114 ⁷›stupuerant,
445 1060 503 1101 sic
547 1063 705 1101 terram
748 1060 1045 1114 intuebantur,
1089 1060 1150 1102 sic
1189 1059 1339 1101 furtim
1377 1074 1463 1101 non

127 1133 359 1172 numquam
390 1119 501 1159 inter
533 1133 625 1160 sese
657 1119 933 1172 aspiciebant,
965 1121 1013 1160 ut
1044 1133 1130 1160 non
1162 1118 1248 1160 iam
1281 1119 1334 1159 ab
1368 1118 1462 1159 aliis

127 1176 321 1231 indicari,
355 1177 426 1218 sed
452 1177 637 1218 indicare
669 1192 714 1219 se
745 1178 829 1232 ipsi
854 1177 1110 1218 viderentur.

213 1235 386 1277 Indiciis
407 1236 610 1289 expositis
632 1238 760 1290 atque
781 1236 917 1288 editis,
938 1235 1136 1290 Quirites,
1157 1239 1352 1277 senatum
1369 1250 1463 1276 con-

128 1294 252 1348 sului,
283 1294 332 1335 de
360 1309 525 1336 summa
549 1309 593 1335 re
622 1295 795 1349 publica
821 1295 921 1349 quid
945 1295 1038 1335 fieri
1063 1295 1262 1349 placeret.
1312 1294 1463 1335 Dictae

75 1364 90 1387 2
129 1355 228 1393 sunt
260 1368 284 1394 a
309 1353 572 1407 principibus
598 1353 827 1394 acerrimae
855 1368 902 1395 30
926 1353 1188 1394 fortissimae
1216 1352 1464 1405 sententiae,

127 1426 232 1465 quas
265 1415 435 1452 senatus
466 1412 554 1452 sine
579 1412 668 1452 ulla
693 1412 901 1453 varietate
927 1414 993 1452 est
1019 1414 1199 1452 secutus.
1248 1411 1306 1451 Et
1332 1425 1463 1464 quon—

127 1469 213 1510 iam
252 1470 440 1510 nondum
478 1473 543 1510 est
576 1472 860 1524 perscriptum
902 1472 1073 1510 senatus
1112 1470 1372 1523 consultum,
1414 1483 1464 1510 ex

128 1528 334 1568 memoria
345 1528 480 1580 vobis,
494 1527 692 1581 Quirites,
707 1528 807 1582 quid
822 1531 994 1568 senatus
1009 1528 1231 1580 censuerit,
1243 1541 1464 1581 exponam.

129 1585 319 1626 Primum
345 1586 450 1626 1111111
477 1586 641 1640 gratiae
662 1587 800 1626 verbis
829 1586 1105 1640 amplissimis
1127 1588 1324 1640 aguntur,
1351 1585 1464 1639 quod

131 1644 300 1697 virtute,
333 1644 522 1697 consilio,
554 1644 820 1698 providentia
851 1659 945 1685 mea
970 1658 1036 1685 res
1068 1644 1240 1698 publica
1266 1645 1463 1685 maximis

129 1702 326 1757 periculis
360 1702 416 1743 sit
448 1702 640 1743 liberata.
689 1702 852 1744 Deinde
884 1702 929 1743 L.
960 1702 1138 1744 Flaccus
1171 1706 1213 1744 et
1245 1701 1290 1744 C.
1310 1702 1465 1757 Pomp-

128 1762 243 1802 tinus
276 1764 509 1816 praetores,
541 1761 652 1815 quod
684 1775 829 1802 eorum
858 1775 987 1815 opera
1012 1761 1114 1802 forti
1138 1761 1336 1815 fidelique
1362 1776 1463 1802 usus

130 1834 284 1873 essem,
328 1820 482 1861 merito
521 1834 568 1861 30
605 1820 694 1860 iure
733 1819 970 1861 laudantur.
1026 1820 1168 1873 Atque
1206 1821 1335 1861 etiam
1372 1820 1463 1862 viro

129 1877 244 1932 forti,
269 1879 457 1933 collegae
486 1892 593 1931 meo,
618 1877 711 1918 laus
737 1878 976 1932 inpertitur,
1004 1879 1116 1932 quod
1136 1893 1220 1932 eos,
1247 1879 1319 1933 qui
1338 1878 1464 1919 huius

78 1947 113 1972 30
132 1937 436 1978 coniurationis
477 1936 706 1991 participes
743 1936 941 1987 fuissent,
980 1952 1004 1978 a
1045 1937 1132 1978 suis
1168 1939 1210 1978 et
1242 1952 1267 1978 a
1298 1937 1359 1978 rei
1391 1952 1463 1991 pu-

131 1994 268 2035 blicae
299 1995 487 2036 consiliis
519 1995 783 2037 removisset.
843 1994 986 2049 Atque
1017 1996 1080 2037 ita
1111 1998 1382 2048 censuerunt,
1417 1998 1464 2036 ut

130 2051 176 2092 P.
195 2052 413 2107 Lentulus,
445 2068 540 2095 cum
572 2068 616 2095 se
647 2055 847 2108 praetura
873 2054 1125 2108 abdicasset,
1155 2055 1201 2095 111
1226 2054 1463 2096 custodiam

131 2111 388 2165 traderetur3
425 2112 612 2166 itemque
649 2112 713 2152 uti
746 2110 790 2153 C.
823 2110 1055 2168 Cethegus,
1092 2113 1138 2154 L.
1171 2112 1386 2164 Statilius,
1417 2111 1463 2153 P.

133 2167 358 2222 Gabinius,
395 2170 466 2224 qui
504 2185 649 2212 omnes
690 2173 934 2223 praesentes
957 2146 1112 2222 zDeraiit,
1148 2171 1194 2211 in
1225 2145 1463 2212 custodiam

79 2204 415 2281 35t1·aderenti1r3
457 2231 583 2284 atque
614 2228 726 2269 idem
757 2228 838 2270 hoc
869 2229 1084 2271 decretum
1116 2232 1181 2271 est
1211 2229 1256 2269 in
1288 2228 1333 2271 L.
1365 2227 1463 2270 Cas-

133 2285 253 2338 sium,
285 2286 357 2340 qui
389 2286 470 2327 sibi
500 2287 844 2342 procurationem
875 2288 1159 2329 incendendae
1191 2287 1309 2328 urbis
1336 2286 1463 2341 depo-

131 2346 339 2396 poscerat,
364 2344 409 2385 in
433 2344 489 2386 M.
514 2344 753 2400 Ceparium,
780 2346 846 2386 cui
872 2346 924 2387 ad
950 2346 1241 2388 sollicitandos
1268 2348 1462 2399 pastores

1489 777 1531 807 13

1491 1596 1532 1626 14
