1619 2542
590 129 690 164 CAP.
717 133 807 164 με)
834 133 853 172 ξ
879 134 1006 165 4,.-10,
1374 130 1460 172 265

119 225 220 267 iter:
261 224 440 267 Aurelia
477 225 547 267 via
588 225 804 280 profectus
844 228 928 280 est,
965 226 1003 267 si
1035 226 1271 268 accelerare
1302 227 1462 281 volent,

122 284 174 326 ad
212 298 435 339 vesperam
479 287 800 339 consequentur.
869 284 903 325 O
947 284 1214 327 fortunatam
1261 300 1350 327 rem
1388 301 1461 340 pu-

121 343 290 395 blicam,
323 343 360 384 si
391 343 561 397 quidem
592 343 703 384 lianc
734 343 948 384 sentinam
980 345 1098 386 urbis
1131 344 1319 386 eiecerit!
1363 343 1461 387 Uno

122 402 360 444 mehercule
393 401 581 443 Catilina
618 401 825 444 exhausto
864 403 1006 444 levata
1042 403 1148 444 mihi
1188 405 1232 444 et
1271 407 1459 446 recreata

87 472 103 497 5
123 476 189 502 res
216 460 389 515 publica
419 460 597 502 videtur.
642 459 752 509 Quid
785 461 896 502 enim
929 461 1032 502 mali
1058 465 1132 503 aut
1157 462 1331 504 sceleris
1356 462 1462 517 fingi

124 524 199 562 aut
244 519 427 575 cogitari
463 522 623 575 potest,
667 519 779 574 quod
816 535 903 561 11011
939 521 1012 561 ille
1049 521 1322 576 conceperit?
1367 521 1461 576 quis

122 581 216 620 tota
247 578 376 619 Italia
407 578 636 631 veneficus,
679 579 772 632 quis
806 579 1039 633 gladiator,
1073 579 1166 633 quis
1199 580 1329 633 latro,
1367 580 1461 635 quis

123 637 311 691 sicarius,
345 637 438 691 quis
471 637 693 692 parricida,
725 638 819 691 quis
851 641 1207 680 testamentorum
1234 639 1462 693 subiector,

123 696 218 752 quis
268 696 632 751 circumscriptor,
683 696 777 750 quis
823 695 980 752 ganeo,
1028 697 1123 752 quis
1166 712 1317 752 nepos,
1368 697 1461 752 quis

73 767 107 792 10
126 755 307 808 adulter,
333 769 440 809 quae
466 755 619 796 mulier
643 754 829 808 infamis,
857 755 951 810 quis
973 758 1198 811 corruptor
1216 756 1463 809 iuventutis,

124 814 218 868 quis
257 816 500 868 corruthS,
539 813 632 868 quis
670 814 862 868 perditus
900 814 1081 856 inveniri
1113 817 1274 869 potest,
1314 815 1386 870 qui
1417 829 1462 856 se

124 887 220 914 cum
240 871 428 914 Catilina
452 887 538 914 non
562 872 899 914 familiarissime
926 873 1084 915 vixisse
1109 874 1328 915 fateatur?
1355 888 1462 928 quae

125 932 272 974 caedes
303 946 378 985 per
408 932 536 973 hosce
568 946 701 973 annos
736 932 825 973 sine
857 932 933 973 illo
958 932 1073 974 facta
1100 936 1177 986 est,
1209 932 1322 987 quod
1348 932 1462 973 nefa-

123 991 234 1032 rium
272 993 469 1045 stuprum
504 1005 592 1032 non
621 1005 697 1045 per
727 991 880 1032 illum?
942 990 1034 1032 lam
1067 1005 1165 1032 vero
1200 1006 1306 1045 quae
1338 994 1462 1033 tanta

72 1060 104 1086 15
124 1064 326 1104 umquam
369 1049 414 1090 in
456 1049 546 1091 ullo
591 1049 799 1102 [homine]
843 1049 1076 1091 iuventutis
1114 1050 1330 1099 inlecebra
1367 1050 1461 1104 fuit,

124 1110 284 1163 quanta
325 1108 371 1149 in
416 1107 524 1149 illo‘?
568 1108 641 1162 qui
688 1108 795 1150 alios
842 1108 933 1163 ipse
984 1109 1160 1150 amabat
1202 1109 1462 1163 turpissime,

125 1167 309 1209 aliorum
350 1167 486 1208 amori
516 1166 850 1222 flagitiosissime
883 1167 1116 1222 serviebat,
1149 1167 1244 1209 aliis
1275 1167 1461 1209 fructum

125 1225 382 1279 lubidinum,
423 1225 520 1267 aliis
558 1228 741 1267 mortem
776 1228 1004 1281 parentum
1041 1241 1127 1268 uon
1164 1226 1290 1267 modo
1328 1226 1461 1281 inpel-

125 1284 270 1338 lendo,
316 1299 462 1326 verum
510 1284 640 1326 etiam
690 1284 930 1326 adiuvando
971 1285 1268 1340 pollicebatur.
1337 1285 1462 1326 Nunc

73 1354 107 1380 20
126 1357 226 1385 vero
265 1358 393 1398 quam
432 1343 574 1384 subito
610 1357 696 1384 11011
737 1344 874 1384 solum
913 1358 963 1384 ex
994 1344 1116 1397 urbe,
1153 1358 1301 1385 verum
1333 1343 1462 1384 etiam

127 1417 177 1443 ex
225 1402 341 1457 agris
390 1401 612 1456 ingentem
661 1416 882 1442 numerum
932 1402 1197 1455 perditorum
1240 1401 1461 1442 hominum

126 1460 378 1515 collegerat!
445 1459 583 1501 Nemo
626 1474 712 1500 non
748 1460 873 1502 modo
911 1460 1091 1513 Romae,
1135 1459 1208 1501 sed
1246 1461 1335 1512 [ne]
1374 1460 1461 1501 ullo

125 1519 171 1560 in
215 1518 372 1572 angulo
414 1518 548 1559 totius
591 1518 745 1559 Italiae
790 1533 1019 1572 oppressus
1059 1532 1154 1559 aere
1194 1518 1331 1559 alieno
1368 1518 1463 1572 fuit,

127 1591 251 1631 quem
299 1591 386 1618 non
435 1576 487 1617 ad
536 1576 617 1618 hoc
658 1576 907 1618 incredibile
951 1576 1121 1618 sceleris
1164 1576 1313 1618 foedus
1359 1577 1462 1619 asci-

74 1647 108 1673 25
129 1636 249 1677 verit.
310 1634 455 1689 Atque
495 1637 543 1676 ut
580 1635 668 1675 eius
709 1634 875 1677 diversa
912 1635 1055 1677 studia
1091 1635 1135 1675 in
1169 1635 1368 1676 dissimili
1398 1651 1461 1677 ra—

127 1695 245 1736 tione
276 1693 515 1749 perspicere
546 1692 734 1748 possitis,
763 1707 889 1735 nemo
917 1696 981 1734 est
1005 1694 1051 1735 in
1074 1693 1174 1734 ludo
1204 1693 1461 1749 gladiatorio

127 1753 256 1806 paulo
291 1752 343 1793 ad
374 1752 538 1793 facinus
571 1751 788 1798 audacior,
819 1752 892 1806 qui
923 1766 968 1794 se
998 1767 1085 1794 non
1115 1752 1315 1794 intimum
1348 1751 1462 1794 Cati-

128 1812 242 1853 linae
274 1825 366 1853 esse
397 1810 595 1863 fateatur,
624 1824 750 1852 nemo
781 1810 825 1851 in
857 1825 1008 1852 scaena
1039 1811 1174 1852 levior
1205 1814 1249 1852 et
1272 1812 1462 1866 nequior,

130 1871 202 1924 qui
249 1884 292 1911 se
338 1884 425 1911 non
472 1869 659 1910 eiusdem
705 1883 838 1923 prope
879 1870 1067 1911 sodalem
1108 1870 1240 1911 fuisse
1282 1884 1462 1912 comme-

77 1940 111 1965 30
130 1931 280 1970 moret.
350 1928 493 1982 Atque
540 1927 652 1969 idem
700 1930 844 1968 tamen
885 1930 1131 1983 stuprorum
1172 1931 1215 1970 et
1254 1929 1462 1971 scelerum

131 1987 433 2028 exercitatione
476 1986 745 2028 adsuefactus
785 1986 946 2041 frigore
990 1990 1033 2028 et
1071 1986 1184 2028 fame
1225 1990 1268 2028 et
1309 1987 1381 2028 siti
1420 1990 1463 2029 et

131 2045 290 2099 vigiliis
321 2045 587 2100 perferundis
619 2044 745 2086 fortis
778 2044 831 2085 ab
863 2044 959 2086 istis
990 2045 1334 2100 praedicabatur,
1367 2060 1461 2087 cum

131 2103 366 2145 industriae
398 2103 587 2145 subsidia
619 2106 747 2157 atque
772 2103 1058 2145 instrumenta
1083 2104 1253 2145 virtutis
1282 2104 1327 2145 in
1352 2104 1460 2145 lubi-

133 2161 228 2202 dine
278 2162 535 2217 audaciaque
582 2164 861 2205 consumeret.
931 2162 1056 2204 Hunc
1097 2177 1197 2204 vero
1246 2162 1283 2202 si
1329 2162 1462 2204 secuti

79 2232 113 2257 35
134 2222 257 2263 erunt
294 2221 359 2261 sui
392 2221 585 2275 comites,
624 2221 660 2262 si
697 2234 747 2261 ex
784 2221 887 2261 urbe
925 2221 1103 2262 exierint
1141 2221 1462 2275 desperatorum

132 2278 354 2320 hominum
384 2279 587 2334 flagitiosi
615 2292 778 2333 gregeS,
811 2292 834 2320 o
865 2293 944 2321 nos
970 2279 1130 2333 beatos,
1157 2294 1180 2320 0
1207 2293 1296 2320 rem
1321 2279 1462 2333 publi-

133 2352 224 2378 cam
250 2337 525 2392 fortunatam,
557 2352 580 2379 o
606 2337 869 2391 praeclaram
894 2338 1062 2379 laudem
1089 2337 1334 2380 consulatus
1361 2339 1462 2378 mei!

1487 296 1506 330 7

1487 1622 1515 1703 ἓ

1490 2159 1532 2204 10
