1687 2533
201 111 288 152 460
397 110 459 145 DE
485 109 622 146 DOMO
651 109 741 145 SUA
765 110 830 144 AD
857 108 1135 145 PONTIFICES
1161 109 1350 145 ORATIO.

157 218 175 248 ’ἲ
203 208 272 249 An
304 222 396 262 ego,
428 222 522 249 cum
554 206 599 248 P.
620 206 827 247 Lentulus
860 206 1009 247 consul
1042 205 1202 260 optime
1234 205 1284 247 de
1316 220 1383 247 me
1415 220 1463 248 ac
1488 206 1539 247 de

202 281 247 307 re
286 266 459 321 publica
495 266 689 318 meritus,
728 279 823 306 cum
857 264 902 313 Q.
935 263 1154 317 Metellus,
1192 264 1263 318 qui
1295 279 1390 306 cum
1421 279 1538 306 meus

202 325 399 366 inimicus
445 327 574 378 esset,
612 324 747 365 frater
778 325 895 376 tuus,
933 325 975 364 et
1007 322 1262 364 dissensioni
1293 326 1466 365 nostrae
1498 326 1542 364 et

203 384 400 438 precibus
427 383 512 424 tuis
540 383 724 424 salutem
751 396 798 423 ac
819 381 1073 436 dignitatem
1093 396 1232 423 meam
1252 382 1540 436 praetulisset,

204 457 271 483 me
322 444 588 484 arcesserent
636 441 681 481 in
730 442 943 493 senatum,
993 455 1087 481 cum
1135 443 1259 481 tanta
1307 440 1538 482 multitudo
1558 452 1577 478 5

207 501 363 542 civium
395 504 484 542 tam
516 500 678 541 recenti
710 498 850 541 officio
884 514 959 540 suo
986 513 1053 540 me
1080 499 1131 540 ad
1156 499 1422 541 referendam
1448 513 1542 554 gra-

205 560 311 601 tiam
336 559 593 601 nominatim
620 562 805 611 vocaret,
829 572 916 599 non
941 557 1142 611 venirem,
1168 572 1264 599 cum
1289 559 1542 612 praesertim

205 621 247 659 te
286 618 372 659 iam
408 618 530 659 illinc
569 632 662 659 cum
701 623 776 658 tua
811 616 1093 671 fugitivorum
1131 631 1260 657 manu
1297 617 1542 659 discessisse

206 677 453 718 constaret?
496 675 579 718 Hic
609 679 659 717 tu
684 690 751 716 me
777 675 919 729 etiam,
951 674 1169 716 custodem
1195 674 1544 730 defensoremque

206 735 395 789 Capitoli
421 735 766 789 templorumque
793 734 996 786 omnium,
1025 733 1211 775 ‘hostem
1239 732 1543 789 Capitolinum'
1564 745 1598 770 1⁰

207 794 424 848 appellare
462 808 588 835 ausus
627 808 689 847 es,
728 793 858 847 quod,
896 807 990 834 cum
1021 792 1066 833 in
1099 791 1314 846 Capitolio
1347 796 1544 834 senatum

208 853 289 894 duo
323 853 516 894 consules
547 852 768 905 haberent,
800 866 847 893 eo
880 851 1097 892 venerim‘.>
1160 851 1315 893 Utrum
1347 854 1413 893 est
1442 855 1545 893 tem—

206 926 285 966 pus
320 911 507 965 aliquod,
540 926 621 965 quo
655 911 700 951 in
732 913 926 952 senatum
957 909 1122 951 venisse
1153 912 1278 964 turpe
1311 910 1380 964 sit,
1411 925 1466 952 an
1497 924 1546 951 ea

209 985 276 1011 res
304 973 397 1011 erat
422 970 511 1024 illa,
538 970 587 1010 de
616 984 699 1024 qua
725 970 945 1024 agebatur,
971 971 1019 1009 ut
1044 983 1134 1009 rem
1159 968 1299 1023 ipsam
1325 968 1546 1022 repudiare

209 1032 251 1069 et
284 1043 372 1082 eos,
413 1028 484 1082 qui
517 1029 723 1083 agebant,
756 1027 1035 1068 condemnare
1068 1027 1294 1068 deberem?
1355 1027 1547 1069 Primum
1567 1039 1600 1065 15

210 1087 302 1129 dico
348 1087 557 1128 senatoris
604 1100 694 1127 esse
738 1086 841 1127 boni
885 1100 1051 1140 semper
1088 1085 1132 1126 in
1171 1088 1366 1127 senatum
1403 1086 1548 1127 venire

207 1160 284 1187 nec
317 1160 413 1187 cum
445 1145 498 1186 iis
526 1145 676 1198 sentio,
710 1145 782 1199 qui
808 1146 1005 1185 statuunt
1031 1144 1172 1185 minus
1198 1144 1322 1185 bonis
1348 1145 1548 1198 tempori-

208 1205 288 1245 bus
321 1204 366 1245 in
398 1206 593 1245 senatum
626 1203 655 1255 ἢ
686 1203 768 1257 ipsi
799 1217 886 1244 non
916 1202 1112 1243 venirent
1136 1217 1222 1244 non
1246 1203 1547 1257 intellegentes

207 1263 318 1304 hanc
368 1277 489 1304 suam
540 1262 717 1303 nimiam
761 1262 1124 1316 perseverantiam
1167 1262 1439 1303 vehementer
1482 1261 1548 1314 iis,

210 1335 389 1375 quorum
423 1321 613 1362 animum
645 1320 858 1361 offendere
884 1319 1110 1373 voluerint,
1143 1323 1311 1374 gratam
1337 1324 1379 1361 et
1403 1320 1546 1361 iucun-
1567 1332 1601 1357 20

209 1380 307 1421 dam
332 1380 476 1420 fuisse.
527 1380 588 1420 At
614 1379 726 1420 enim
751 1393 838 1420 non
863 1379 972 1419 nulli
997 1381 1173 1432 propter
1198 1379 1409 1432 timorem,
1435 1378 1549 1433 quod

211 1453 254 1479 se
283 1438 328 1479 in
356 1440 508 1479 senatu
535 1440 628 1479 tuto
653 1451 741 1478 non
768 1451 858 1478 esse
885 1437 1219 1490 arbitrabantur,
1252 1437 1548 1479 discesserunt.

211 1496 311 1538 Non
342 1496 607 1551 1··ep1ehendo
638 1510 715 1537 nec
748 1510 920 1549 quaero,
950 1496 1134 1536 fueritne
1167 1496 1327 1550 aliquid
1355 1496 1549 1550 pertime-

212 1555 430 1609 scendum3
456 1558 561 1610 puto
589 1569 665 1595 suo
693 1568 901 1608 quemque
928 1554 1138 1595 arbitratu
1162 1555 1313 1596 timere
1341 1557 1549 1609 opor.tere

211 1613 296 1655 Cui
330 1628 408 1668 ego
441 1628 527 1655 non
558 1613 788 1665 timuerim,
821 1613 1000 1678 quaeris.
1056 1612 1165 1661 Quia
1195 1615 1238 1654 te
1264 1613 1383 1655 illinc
1409 1613 1548 1654 abisse
1568 1624 1603 1650 25

212 1672 450 1714 constabat.
501 1670 598 1725 Cui,
632 1686 727 1713 cum
758 1671 839 1712 viri
865 1671 966 1712 boni
991 1685 1076 1713 non
1102 1672 1211 1712 nulli
1236 1672 1430 1725 putarint
1453 1674 1549 1712 tuto

214 1745 258 1772 se
290 1730 336 1771 in
369 1733 521 1771 senatu
554 1745 645 1772 esse
676 1744 761 1771 non
793 1743 931 1784 posse,
964 1743 1042 1784 ego
1074 1744 1160 1771 non
1190 1729 1303 1771 idem
1331 1730 1548 1771 senserim.

213 1788 310 1842 Cur,
337 1803 432 1830 cum
459 1803 538 1844 ego
564 1803 632 1830 me
659 1788 970 1829 existimassem
996 1790 1092 1829 tuto
1119 1789 1290 1830 omnino
1310 1788 1356 1829 in
1375 1788 1550 1830 civitate

214 1861 305 1888 esse
338 1861 423 1888 non
456 1861 600 1901 posse,
632 1847 697 1887 illi
728 1847 1054 1888 remanserunt?
1121 1847 1191 1888 An
1223 1847 1318 1888 aliis
1351 1847 1468 1900 licet,
1506 1849 1550 1888 et

213 1908 326 1947 recte
364 1905 483 1958 licet,
521 1905 565 1946 in
604 1920 697 1946 meo
730 1908 844 1946 metu
878 1905 961 1946 sibi
991 1904 1101 1946 nihil
1132 1906 1300 1958 timere,
1338 1905 1444 1946 mihi
1475 1906 1548 1946 uni
1568 1917 1604 1942 30

213 1978 384 2006 necesse
417 1964 498 2005 erit
531 1966 573 2004 et
604 1978 743 2004 meam
776 1967 817 2004 et
849 1964 1030 2005 aliorum
1062 1964 1196 2005 vicem
1221 1963 1549 2018 pertimescere?

168 2033 187 2063 9
304 2023 385 2076 An,
417 2022 517 2077 quia
548 2036 634 2063 non
666 2021 945 2063 condemnavi
977 2022 1190 2063 sententia
1221 2036 1315 2063 mea
1347 2022 1429 2064 duo
1457 2036 1550 2064 con-

217 2082 343 2135 sules,
370 2095 463 2122 sum
482 2080 881 2134 reprehendendus?
918 2079 1005 2122 Eos
1025 2080 1159 2135 igitur
1179 2094 1258 2135 ego
1279 2080 1550 2134 potissimum

215 2140 418 2182 damnare
457 2139 600 2193 debui,
641 2152 820 2192 quorum
859 2139 954 2194 lege
993 2139 1228 2193 perfectum
1267 2141 1348 2192 est,
1384 2153 1437 2180 ne
1469 2152 1549 2194 ego

214 2198 485 2239 indemnatus
518 2199 644 2252 atque
678 2196 838 2250 optime
872 2197 921 2238 de
954 2211 998 2238 re
1030 2197 1201 2250 publica
1232 2197 1409 2238 meritus
1436 2197 1549 2238 dam·
1568 2207 1603 2234 35

215 2259 414 2298 natorum
454 2270 638 2311 poenam
671 2255 953 2297 sustinerem?
1015 2254 1203 2303 Quorum
1236 2255 1365 2297 etiam
1397 2255 1551 2297 delicta

214 2318 393 2370 propter
419 2329 566 2356 eorum
588 2313 803 2369 egregiam
824 2313 868 2353 in
888 2327 955 2355 me
976 2313 1264 2356 conservando
1286 2314 1549 2356 voluntatem

154 1015 182 1052 4

161 1065 180 1095 8
