1687 2533
541 114 643 149 CAP.
670 117 759 149 5-7
787 118 805 156 ς
835 117 982 149 10—14.
1348 113 1434 154 519

99 211 369 265 statuissent,
406 210 449 251 id
482 225 650 265 semper
680 210 839 265 populo
872 209 1080 263 Romano,
1113 223 1282 263 semper
1314 223 1434 250 sena-

98 271 172 324 tui,
203 284 369 324 semper
395 269 502 324 ipsis
530 269 592 310 dis
618 268 935 310 immortalibus
963 269 1068 309 satis
1096 270 1302 321 sanctum,
1329 269 1435 309 satis

100 331 345 384 augustum,
384 328 489 369 satis
521 328 771 382 religiosum
804 341 896 368 esse
928 328 1069 368 visum
1102 329 1179 368 est.
1241 328 1301 367 At
1332 341 1433 368 vero

100 402 235 428 meam
267 387 437 429 domum
468 387 515 429 Ρ.
533 386 751 439 Lentulus,
784 386 932 428 consul
966 389 1008 427 et
1039 385 1243 439 pontifex,
1275 385 1318 426 P.
1341 384 1434 426 Ser-

62 457 77 482 5
99 446 233 500 vilius,
264 444 320 487 M.
351 445 567 500 Lucullus,
598 444 645 493 Q.
676 444 886 497 Metellus,
916 444 984 486 M'.
1018 443 1208 497 Glabrio,
1240 443 1296 485 M.
1322 443 1435 485 Mes-

98 504 214 558 salla,
245 503 290 545 L.
321 504 540 558 Lentulus,
572 504 726 545 flamen
758 503 983 553 Martialis,
1014 502 1060 545 P.
1094 503 1244 555 Galba,
1277 502 1323 552 Q.
1350 502 1434 544 Me-

96 563 223 605 tellus
269 562 429 618 Scipio,
474 562 517 605 C.
548 562 757 613 Fannius,
800 562 856 603 M.
889 562 1093 617 Lepidus,
1136 561 1182 603 L.
1217 560 1433 614 Claudius,

96 637 170 663 rex
202 637 431 675 sacrorum,
462 621 518 663 M.
550 620 744 675 Scaurus,
775 621 831 663 M.
865 620 1058 671 Crassus,
1091 619 1137 662 C.
1169 619 1310 674 Curio,
1341 618 1434 662 Sex,

97 679 269 735 Caesar,
299 681 454 722 flamen
488 679 737 733 Quirinalis,
770 678 817 728 Q.
849 678 1091 733 Cornelius,
1122 678 1168 722 P.
1201 679 1433 720 Albinova-

45 752 77 775 10
96 754 193 793 nus,
225 739 271 788 Q.
303 739 543 793 Terentius,
583 739 804 793 pontifices
838 739 1040 792 minores,
1081 753 1208 779 causa
1249 738 1434 791 cognita,

98 798 262 840 duobus
321 798 426 840 locis
483 798 617 852 dicta,
672 797 860 839 maxima
910 797 1155 852 frequentia
1211 796 1427 851 amplissi-

95 872 263 899 morum
305 871 353 898 ac
396 856 811 911 sapientissimorum
859 856 1016 897 civium
1062 856 1259 897 adstante
1315 855 1433 897 omni

96 916 304 971 religione
342 931 426 957 una
463 919 606 957 mente
645 930 792 956 omnes
824 915 1125 956 liberaverunt.
1187 913 1312 969 Nego
1345 929 1433 955 um-

97 990 224 1029 quam
257 977 356 1029 post
388 989 508 1016 sacra
538 974 790 1028 constituta,
829 988 1009 1028 quorum
1047 973 1194 1015 eadem
1227 976 1291 1014 est
1324 973 1434 1013 anti-

43 1034 239 1087 1.=›quitas
287 1048 393 1088 quae
431 1033 565 1088 ipsius
606 1033 741 1085 urbis,
785 1033 874 1073 ulla
911 1033 961 1073 de
998 1047 1061 1085 re,
1110 1047 1163 1072 ne
1202 1031 1252 1072 de
1295 1032 1433 1086 capite

97 1092 266 1146 quidem
305 1092 520 1147 virginum
553 1091 812 1141 Vestalium,
850 1094 938 1132 tam
971 1090 1169 1144 frequens
1202 1090 1432 1144 collegium

95 1151 316 1192 iudicasse.
378 1150 646 1204 Quamquam
681 1150 731 1190 ad
764 1149 966 1191 facinoris
999 1149 1339 1203 disquisitionem
1373 1149 1434 1189 in—

93 1212 227 1250 terest
263 1209 409 1251 adesse
447 1224 574 1263 quam
612 1209 819 1263 plurimos
859 1208 939 1262 (ita
977 1212 1043 1249 est
1080 1209 1193 1249 enim
1224 1208 1433 1261 interpre-

95 1268 204 1309 tatio
243 1268 318 1309 illa
354 1268 622 1322 pontificum,
667 1270 714 1307 ut
759 1267 893 1308 eidem
942 1269 1205 1321 potestatem
1246 1266 1434 1306 habeant

43 1339 76 1364 20
96 1324 320 1381 iudicum),
358 1326 578 1381 religionis
621 1325 867 1380 explanatio
909 1325 977 1365 vel
1016 1326 1068 1366 ab
1107 1339 1190 1365 uno
1232 1324 1433 1378 pontifice

95 1385 232 1439 perito
265 1387 378 1426 recte
410 1386 502 1425 fieri
533 1387 679 1439 potest
711 1382 843 1438 (quod
874 1383 986 1424 idem
1017 1384 1062 1424 in
1092 1382 1247 1424 iudicio
1281 1382 1433 1435 capitis

96 1445 246 1485 durum
280 1446 408 1497 atque
439 1443 633 1498 iniquum
666 1441 768 1498 est),
808 1445 953 1483 tamen
986 1441 1045 1482 sic
1077 1441 1318 1496 reperietis,
1355 1441 1435 1481 fre-

97 1502 340 1557 quentiores
372 1502 596 1556 pontifices
629 1501 679 1542 de
712 1515 806 1542 mea
838 1501 963 1542 domo
997 1515 1123 1554 quam
1156 1514 1358 1553 umquam
1386 1499 1435 1540 de

96 1561 364 1602 caerimoniis
402 1561 616 1615 virginum
650 1560 872 1601 iudicasse.
931 1558 1112 1600 Postero
1145 1559 1209 1599 die
1241 1559 1433 1612 frequen-

42 1631 76 1656 25
96 1620 289 1661 tissimus
322 1622 494 1660 senatus
526 1622 586 1673 te,
625 1619 795 1660 consule
828 1618 1070 1673 designato,
1107 1617 1305 1669 Lentule,
1344 1631 1434 1657 sen-

96 1679 258 1719 tentiae
290 1677 495 1731 principe,
532 1677 578 1718 P.
608 1676 790 1718 Lentulo
823 1679 866 1717 et
897 1675 944 1724 Q.
977 1675 1153 1717 Metello
1187 1675 1432 1716 consulibus

96 1736 378 1778 referentibus
410 1735 580 1788 statuit,
619 1750 714 1776 cum
747 1749 892 1776 omnes
930 1734 1170 1788 pontifices,
1209 1734 1281 1788 qui
1313 1736 1434 1775 erant

96 1795 222 1836 huius
262 1794 440 1847 ordinis,
478 1794 695 1846 adessent,
735 1807 912 1846 cumque
951 1793 1043 1846 alii,
1086 1792 1157 1847 qui
1197 1792 1432 1833 honoribus

97 1853 245 1908 populi
270 1852 452 1893 Romani
479 1852 798 1904 antecedebant,
829 1851 965 1891 multa
993 1851 1042 1891 de
1074 1850 1244 1906 collegii
1276 1851 1432 1892 iudicio

44 1924 77 1948 30
97 1913 225 1953 verba
257 1911 458 1952 fecissent
485 1924 713 1964 omnesque
739 1909 852 1950 idem
878 1909 1099 1951 scribendo
1127 1909 1336 1961 adessent,
1363 1909 1432 1950 do-

96 1986 212 2012 mum
231 1985 368 2011 meam
388 1968 543 2010 iudicio
557 1968 803 2022 pontificum
818 1968 1024 2022 religione
1039 1968 1269 2009 liberatam
1284 1967 1430 2008 videri.

96 2029 159 2070 De
195 2029 277 2070 hoc
313 2029 445 2082 igitur
480 2027 574 2068 loco
613 2041 732 2068 sacro
771 2026 1043 2080 potissimum
1076 2026 1273 2067 videntur
1305 2026 1429 2066 haru-

97 2088 231 2141 spices
265 2087 419 2139 dicere,
458 2086 529 2139 qui
568 2085 686 2126 locus
720 2086 835 2126 solus
867 2099 916 2125 ex
947 2085 1125 2138 privatis
1157 2084 1263 2125 locis
1296 2085 1432 2125 omni-

96 2147 175 2187 bus
205 2146 287 2187 hoc
317 2144 541 2199 praecipue
572 2143 676 2184 iuris
708 2143 851 2195 habet,
881 2146 929 2184 ut
961 2144 1013 2184 ab
1045 2143 1162 2197 ipsis,
1195 2142 1266 2196 qui
1299 2143 1430 2183 sacris

44 2215 77 2241 135
96 2207 309 2258 praesunt,
341 2217 458 2244 sacer
482 2217 568 2243 non
594 2217 685 2243 esse
711 2201 920 2243 iudicatus
947 2202 1032 2242 sit?
1076 2200 1236 2242 Verum
1263 2200 1432 2253 referte,

97 2263 209 2317 quod
246 2277 296 2303 ex
334 2264 506 2302 senatus
545 2261 739 2301 consulto
776 2260 916 2301 facere
949 2260 1125 2301 debetis.
1186 2259 1275 2300 Aut
1307 2258 1430 2299 vobis

97 2321 285 2377 cognitio
327 2320 514 2373 dabitur,
552 2319 623 2373 qui
659 2318 786 2373 primi
819 2319 867 2359 de
898 2318 979 2359 hac
1011 2318 1136 2359 domo
1171 2317 1430 2358 sententiam

1458 2024 1501 2055 1-1-
