1619 2542
99 501 120 529 ἱζὶ

101 1544 126 1583 00

144 101 229 143 276
464 101 515 135 IN
539 100 579 134 L.
606 98 870 134 CATILINAM
895 97 1074 133 ORATIO
1101 96 1162 131 ΙΙΙ.

144 198 312 249 missos,
344 197 630 250 comitemque
661 195 714 236 iis
742 195 987 236 adiunctum
1015 207 1107 234 esse
1132 192 1179 234 T.
1197 192 1480 246 Volturcium,

145 258 273 309 atque
298 256 397 296 huic
422 269 513 296 esse
541 254 594 296 ad
616 252 846 295 Catilinam
873 252 994 293 datas
1024 252 1206 298 litteras,
1229 251 1480 293 facultatem

143 314 251 355 mihi
277 314 469 355 oblatam
494 313 655 367 putavi,
680 315 739 364 ut,
767 311 877 366 quod
903 312 995 351 erat
1016 310 1324 363 difficillimum,
1352 310 1481 364 quod-

145 388 225 427 que
257 387 337 429 ego
371 386 538 425 semper
569 371 774 425 optabam
800 370 853 411 ab
881 370 944 410 dis
971 369 1283 422 inmortalibus,
1314 371 1362 410 ut
1386 371 1481 409 tota

145 446 212 473 res
252 446 340 473 non
372 431 511 472 solum
544 445 568 470 a
599 444 684 483 me,
727 429 798 470 sed
830 428 959 469 etiam
991 443 1015 468 a
1047 429 1198 468 senatu
1229 429 1271 468 et
1303 442 1328 468 a
1357 427 1481 468 vobis

147 490 376 531 manifesto
421 488 819 543 deprehenderetur.
886 486 1036 540 Itaque
1079 486 1281 527 hesterno
1325 485 1392 526 die
1435 485 1481 528 L

145 548 345 590 Flaccum
373 551 415 589 et
441 546 485 589 C.
506 547 781 601 Pomptinum
807 548 1038 600 praetoreS,
1069 545 1328 586 fortissimos
1354 547 1482 599 atque

148 608 465 648 amantissimos
504 606 565 646 rei
602 605 799 659 publicae
839 604 971 657 viros,
1007 603 1061 644 ad
1092 618 1158 644 me
1191 603 1355 656 vocavi,
1393 618 1482 645 rem

148 666 342 720 exposui,
383 665 483 719 quid
514 664 606 705 fieri
638 664 844 718 placeret,
876 662 1055 704 ostendi.
1115 661 1187 702 Illi
1220 664 1379 715 autem,
1411 662 1483 715 qui

148 724 292 766 omnia
317 724 366 765 de
392 738 438 765 re
470 723 641 777 publica
666 722 888 777 praeclara
914 723 1041 775 atque
1067 721 1240 775 egregia
1265 721 1483 774 sentirent,

148 784 238 824 sine
270 782 537 823 recusatione
570 796 618 822 ac
651 781 739 821 sine
771 781 862 821 ulla
892 794 1012 821 mora
1037 779 1257 834 negotium
1290 793 1484 833 suscepe-

147 844 248 883 runt
280 844 334 894 et,
367 856 462 882 cum
494 840 878 894 advesperasceret,
910 838 1073 880 occulte
1100 838 1153 878 ad
1177 840 1352 891 pontem
1377 837 1485 879 Mul-

149 901 265 941 vium
306 902 593 954 pervenerunt
625 901 751 952 atque
783 897 843 938 ibi
874 897 918 937 in
948 896 1152 951 proximis
1183 896 1299 937 villis
1331 897 1394 937 ita
1424 896 1485 937 bi-

148 959 306 1012 pertito
333 958 519 1007 fuerunt,
545 959 593 998 ut
621 956 787 997 Tiberis
814 956 926 996 inter
951 970 1022 996 eos
1049 958 1090 995 et
1115 969 1223 1009 pons
1249 956 1484 997 interesset.

149 1017 312 1058 Eodem
345 1019 487 1058 autem
521 1018 562 1056 et
593 1016 676 1069 ipsi
709 1015 798 1056 sine
830 1014 1078 1068 cuiusquam
1111 1013 1349 1067 suspicione
1379 1014 1485 1055 mul-

149 1079 218 1117 tos
269 1075 395 1116 fortis
440 1074 554 1114 viros
606 1073 856 1126 eduxerant,
905 1075 947 1113 et
998 1086 1077 1126 ego
1122 1086 1171 1113 ex
1214 1072 1484 1126 praefectura

150 1134 333 1175 Reatina
389 1132 629 1186 complures
692 1131 879 1172 delectos
936 1131 1243 1182 adulescentes,
1305 1145 1485 1184 quorum

152 1207 279 1246 opera
298 1194 397 1233 utor
417 1191 590 1232 adsidue
610 1191 654 1230 in
674 1190 736 1230 rei
754 1189 950 1244 publicae
970 1189 1193 1243 praesidio,
1214 1203 1309 1230 cum
1329 1189 1485 1244 gladiis

152 1252 364 1292 miseram.
418 1248 597 1290 Interim
629 1248 758 1289 tertia
788 1248 877 1289 fere
908 1248 1060 1302 vigilia
1092 1250 1241 1288 exacta
1272 1262 1367 1288 cum
1398 1248 1485 1288 iam

150 1312 326 1364 pontem
357 1308 567 1349 Mulvium
606 1321 762 1362 magno
802 1306 1007 1348 comitatu
1039 1306 1172 1361 legati
1198 1305 1484 1361 Allobrogum

151 1367 318 1422 ingredi
358 1367 595 1421 inciperent
631 1380 799 1419 unaque
838 1364 1100 1417 Volturcius,
1137 1365 1186 1405 fit
1220 1364 1264 1404 in
1302 1378 1373 1405 eos
1411 1365 1486 1406 im-

152 1430 295 1481 petus,
328 1426 563 1467 educuntur
595 1426 637 1465 et
670 1424 723 1465 ab
755 1424 841 1464 illis
875 1423 1008 1479 gladii
1040 1425 1082 1464 et
1115 1438 1139 1464 a
1169 1423 1341 1464 nostris.
1401 1422 1486 1464 Res

152 1485 421 1539 praetoribus
477 1486 569 1525 erat
611 1485 716 1524 nota
759 1483 881 1535 solis,
930 1482 1212 1537 ignorabatur
1255 1496 1280 1522 a
1323 1481 1486 1523 ceteris.

154 1543 261 1584 Tum
299 1544 545 1584 interventu
580 1541 800 1595 Pomptini
839 1544 965 1594 atque
1003 1539 1144 1581 Flacci
1180 1553 1341 1594 pugna,
1378 1555 1487 1594 quae

154 1605 247 1643 erat
280 1601 525 1654 commissa,
566 1600 747 1641 sedatur.
809 1599 1012 1652 Litterae,
1045 1613 1333 1653 quaecumque
1365 1601 1487 1640 erant

153 1661 198 1701 in
230 1675 278 1701 eo
312 1660 531 1712 comitatu,
561 1659 742 1713 integris
776 1658 910 1713 signis
942 1657 1211 1712 praetoribus
1243 1657 1486 1710 traduntur3

154 1719 238 1771 ipsi
270 1717 566 1771 comprehensi
598 1717 649 1758 ad
681 1732 765 1770 me,
798 1731 892 1758 cum
923 1716 1009 1757 iam
1041 1716 1330 1767 dilucesceret,
1363 1714 1487 1756 dedu-

155 1779 319 1818 cuntur.
357 1777 499 1829 Atque
524 1776 678 1816 horum
702 1775 891 1816 omnium
913 1775 1119 1815 scelerum
1138 1773 1487 1827 inprobissimum

155 1834 502 1886 machinatorem,
528 1833 747 1875 Cimbrum
768 1833 1011 1886 Gabinium,
1037 1832 1182 1873 statim
1204 1831 1257 1872 ad
1276 1845 1342 1872 me
1362 1831 1487 1872 nihil-

157 1893 256 1934 dum
295 1892 582 1945 suspicantem
620 1892 785 1941 vocavi3
826 1891 973 1932 deinde
1013 1891 1116 1931 item
1154 1890 1382 1931 accersitus
1422 1892 1521 1931 esta

156 1951 203 1992 L.
223 1950 420 1991 Statilius
448 1952 490 1990 et
514 1953 614 2004 post
640 1965 734 1991 eum
755 1949 799 1991 C.
820 1949 1049 2003 Cethegus,
1074 1948 1318 1989 tardissime
1345 1950 1488 1989 autem

156 2009 360 2050 Lentulus
392 2008 528 2061 venit,
566 2008 690 2049 credo
730 2008 843 2062 quod
873 2008 918 2048 in
948 2006 1105 2048 litteris
1137 2005 1284 2046 dandis
1316 2009 1487 2060 praeter

159 2066 506 2109 consuetudinem
538 2066 733 2120 proxima
764 2069 888 2107 nocte
915 2065 1126 2120 vigilarat.
1176 2063 1280 2105 Cum
1309 2065 1487 2106 summis

159 2129 200 2167 et
233 2123 482 2167 clarissimis
514 2124 639 2165 huius
673 2124 860 2165 civitatis
893 2123 1013 2176 viris,
1051 2122 1122 2177 qui
1154 2122 1300 2163 audita
1330 2138 1375 2164 re
1405 2123 1488 2164 fre·

159 2187 336 2250 quentes
364 2183 416 2223 ad
447 2196 512 2223 me
546 2196 667 2222 mane
701 2184 995 2235 convenerant,
1026 2181 1192 2222 litteras
1226 2195 1250 2221 a
1276 2196 1342 2222 me
1367 2181 1486 2235 prius

159 2242 314 2297 apciiri
346 2255 471 2295 quam
504 2239 555 2281 ad
589 2243 783 2281 senatum
810 2239 964 2281 defeiri
989 2239 1188 2292 placeret,
1219 2253 1285 2293 ne,
1319 2239 1355 2280 si
1380 2239 1488 2280 nihil

159 2303 271 2341 esset
301 2301 533 2351 inventum,
564 2301 721 2340 temere
754 2314 778 2340 a
809 2313 875 2340 me
901 2299 1046 2339 tantus
1071 2297 1281 2338 tumultus
1307 2296 1489 2339 iniectus

1504 735 1537 759 10

1505 1027 1537 1052 15

1504 1319 1539 1343 20

1507 1611 1539 1637 25

1507 2191 1540 2217 35
