1619 2542
547 129 638 166 CAP
664 133 779 166 8-10
805 134 823 173 g
852 134 999 165 19—25.
1356 130 1441 172 257

105 227 271 326 pride?
310 227 472 281 studes,
511 227 822 281 relinquentem
859 241 992 281 usque
1030 226 1083 268 ad
1121 228 1266 281 portas
1297 241 1443 281 prose-

108 301 219 341 quan
243 299 305 328 ur.

106 406 152 445 tu
184 405 234 444 ut
264 417 466 456 umquam
497 405 540 444 te
572 403 780 458 corrigas,
816 405 865 444 tu
889 405 937 444 ut
967 402 1101 443 ullam
1132 401 1282 459 fugam
1314 403 1443 444 medi-

72 474 89 500 5
108 465 210 516 tere,
241 465 289 503 tu
320 465 369 503 ut
399 462 531 503 ullum
565 461 737 503 exilium
768 461 961 517 cogites?
1005 460 1182 503 Utinam
1207 461 1289 503 tibi
1313 461 1444 503 istam

109 523 294 562 mentem
332 520 374 561 di
409 520 658 562 inmortales
698 520 835 561 duint!
882 520 1057 561 tametsi
1094 520 1234 574 video,
1276 521 1312 561 si
1350 535 1446 562 mea

109 594 210 622 voce
258 579 511 634 perterritus
561 580 620 620 ire
670 579 715 620 in
759 579 931 620 exilium
980 578 1169 620 animum
1214 579 1445 632 induxeris,

110 640 271 693 quanta
300 640 535 691 tempestas
565 637 749 679 invidiae
774 638 912 691 nobis,
944 637 980 679 si
1006 637 1146 679 minus
1172 637 1217 678 in
1242 652 1444 693 praesens

109 700 279 752 tempus
334 696 492 738 recenti
545 697 752 738 memoria
803 697 1007 738 scelerum
1057 698 1249 750 tuorum,
1307 699 1354 739 at
1401 697 1446 738 in

59 769 91 793 10
110 755 408 811 posteritatem
450 755 704 809 impendeat.
768 754 849 796 Sed
895 758 960 796 est
1003 756 1132 807 tanti,
1176 755 1276 796 dum
1320 756 1447 797 modo

110 815 196 856 ista
232 813 290 856 sit
327 814 497 869 privata
533 814 757 856 calamitas
791 817 835 855 et
866 829 891 855 a
922 814 985 855 rei
1014 814 1212 869 publicae
1244 814 1447 869 periculis

112 873 370 928 seiungatur.
444 871 527 915 Sed
569 875 617 915 tu
661 876 710 915 ut
752 873 867 914 vitiis
911 873 996 914 tuis
1043 887 1356 927 commoveam,
1399 875 1448 914 ut

110 933 255 988 legum
285 945 444 987 poenas
476 932 766 986 pertimescas,
797 935 845 973 ut
869 931 1137 987 temporibus
1163 932 1225 973 rei
1249 931 1447 987 publicae

113 991 249 1044 cedaS,
278 1004 365 1032 non
397 993 463 1032 est
493 991 811 1045 postulandum.
854 989 1002 1044 Neque
1035 991 1144 1031 enim
1177 990 1215 1031 is
1247 1005 1304 1044 es,
1337 990 1448 1032 Cati-

61 1061 93 1087 15
112 1049 212 1103 lina,
236 1051 285 1090 ut
308 1051 351 1090 te
378 1052 452 1091 aut
476 1049 614 1104 pudor
638 1064 841 1104 umquam
868 1064 893 1091 a
917 1049 1182 1104 turpitudine
1209 1052 1284 1090 aut
1309 1051 1448 1090 metus

114 1124 138 1149 a
183 1108 368 1163 periculo
413 1110 487 1149 aut
533 1108 645 1150 ratio
684 1123 709 1150 a
745 1109 888 1150 furore
928 1108 1151 1149 revocarit.
1219 1107 1355 1156 Quam
1394 1108 1448 1149 ob

113 1182 221 1221 reni,
257 1169 306 1208 ut
343 1181 468 1222 saepe
499 1166 585 1208 iam
617 1167 722 1221 dixi,
761 1167 1029 1221 proficiscere
1062 1182 1132 1221 ac,
1169 1167 1205 1208 si
1237 1167 1343 1207 mihi
1373 1166 1450 1207 ini-

113 1225 242 1280 mico,
278 1228 327 1267 ut
362 1225 600 1280 praedicas,
638 1228 713 1268 tuo
752 1226 935 1267 conflare
972 1225 1036 1267 vis
1075 1225 1297 1279 invidiam,
1335 1228 1452 1267 recta

114 1298 242 1339 perge
274 1284 319 1325 in
350 1284 541 1338 exilium3
573 1285 643 1326 vix
673 1285 811 1326 feram
838 1298 1056 1326 sermones
1081 1284 1314 1338 hominum,
1347 1284 1383 1325 si
1407 1283 1452 1325 id

62 1355 96 1380 20
113 1342 282 1395 feceris,
313 1343 382 1384 vix
416 1344 570 1385 molem
602 1344 727 1385 istius
758 1343 954 1397 invidiae,
987 1343 1023 1384 si
1054 1343 1099 1384 in
1131 1343 1301 1383 exilium
1331 1343 1451 1384 iussu

115 1402 300 1443 consulis
349 1401 468 1455 ieris,
517 1402 750 1444 sustinebo.
824 1401 900 1443 Sin
943 1404 1086 1443 autem
1131 1401 1288 1442 servire
1332 1415 1451 1442 meae

195 343 463 398 Quamquam
501 343 601 399 quid
638 344 821 398 loquor?
859 346 902 385 te
939 346 988 385 ut
1024 343 1113 385 ulla
1151 358 1217 385 res
1259 344 1443 399 frangat,
1469 318 1513 400 ΞΖ

1475 1118 1519 1149 ‘23

115 1459 233 1501 laudi
264 1463 307 1501 et
337 1460 498 1514 gloriae
529 1460 679 1513 mavis,
710 1461 909 1516 egredere
942 1474 1036 1501 cum
1067 1459 1299 1514 inportuna
1326 1459 1451 1500 scele-
1487 1490 1495 1495 -

116 1521 309 1559 ratorum
336 1532 476 1571 manu,
502 1519 646 1560 confer
670 1522 713 1560 te
740 1519 793 1560 ad
818 1518 1040 1571 Manlium,
1067 1517 1235 1559 concita
1260 1517 1450 1572 perditos

117 1576 247 1630 cives,
286 1590 454 1617 secerne
491 1579 534 1617 te
573 1593 597 1618 a
633 1577 776 1630 bonis,
812 1576 922 1617 infer
961 1576 1128 1630 patriae
1165 1576 1344 1630 bellum,
1386 1591 1453 1617 ex-

64 1646 98 1672 25
119 1635 234 1676 sulta
257 1634 388 1688 impio
415 1635 652 1688 latrocinio,
684 1637 733 1676 ut
758 1650 784 1676 a
807 1649 874 1675 me
899 1649 987 1675 non
1012 1634 1170 1676 eiectus
1197 1634 1250 1675 ad
1276 1634 1451 1687 alienos,

119 1693 192 1734 sed
229 1693 436 1734 invitatus
469 1693 521 1734 ad
552 1696 649 1734 tuos
681 1693 765 1734 isse
796 1693 990 1734 videaris.
1052 1691 1319 1748 Quamquam
1352 1693 1452 1748 quid
1479 1712 1486 1718 ·

119 1766 197 1806 ego
229 1755 272 1793 te
303 1752 494 1804 invitem,
525 1766 550 1793 a
582 1766 664 1806 quo
691 1751 777 1793 iam
803 1751 935 1793 sciam
961 1765 1051 1792 esse
1077 1766 1346 1806 praemissos,
1379 1752 1452 1806 qui

118 1810 199 1852 tibi
238 1810 290 1851 ad
321 1810 478 1852 Forum
510 1810 734 1851 Aurelium
770 1810 1137 1865 praestolarentur
1169 1811 1343 1864 armati,
1384 1811 1448 1852 cui

119 1869 205 1909 iam
242 1869 373 1910 sciam
413 1871 583 1922 pactam
622 1871 665 1910 et
696 1868 975 1910 constitutam
1007 1883 1102 1910 cum
1133 1868 1295 1911 Manlio
1329 1869 1451 1923 diem,

67 1938 102 1964 30
122 1942 146 1968 a
183 1942 265 1981 quo
301 1928 430 1968 etiam
462 1928 650 1982 aquilam
681 1927 802 1968 illam
834 1929 1099 1983 argenteam,
1131 1942 1258 1982 quam
1290 1927 1371 1969 tibi
1404 1942 1452 1969 ac

121 1985 206 2026 tuis
233 1986 429 2027 omnibus
454 1986 619 2028 confido
645 1985 927 2041 perniciosam
948 2000 996 2027 ac
1015 1986 1231 2027 funestam
1249 1985 1451 2040 futuram,

123 2043 190 2085 cui
209 2043 323 2085 domi
341 2046 440 2086 tuae
460 2045 693 2086 sacrarium
715 2044 940 2096 [scelerum
959 2047 1148 2097 tuorum]
1172 2045 1452 2086 constitutum

122 2102 220 2155 fuit,
253 2102 383 2144 sciam
415 2117 506 2145 esse
537 2103 849 2159 praemissam?
910 2103 973 2144 Tu
1004 2106 1053 2144 ut
1082 2104 1160 2144 illa
1192 2118 1334 2144 carere
1366 2103 1453 2143 diu·

122 2160 208 2201 tius
257 2161 413 2215 possis,
463 2177 589 2216 quam
630 2161 823 2203 venerari
873 2161 925 2203 ad
968 2162 1138 2203 caedem
1181 2162 1452 2217 proficiscens

71 2229 105 2256 35
125 2218 310 2272 solebas,
347 2234 373 2260 a
409 2220 527 2262 cuius
566 2221 775 2262 altaribus
814 2234 938 2274 saepe
974 2221 1104 2262 istam
1143 2220 1320 2273 impiam
1359 2219 1525 2293 dex-10

124 2279 262 2318 teram
305 2277 358 2319 ad
398 2292 541 2320 necem
587 2279 741 2321 civium
785 2279 1077 2320 transtulisti?
1147 2278 1234 2319 Ibis
1279 2278 1453 2319 tandem
1479 2304 1518 2318 0-

125 2335 365 2390 aliquando,
397 2351 479 2391 quo
511 2340 554 2379 te
584 2338 670 2379 iam
696 2337 858 2392 pridem
889 2337 975 2379 ista
999 2341 1074 2379 tua
1100 2337 1309 2392 cupiditas
1337 2336 1453 2378 effre-

194 2409 266 2437 010.
285 2410 325 2436 Π.
347 2412 371 2437 2.
1200 2408 1241 2440 17

1482 2314 1524 2334 ΔΟ
