1687 2533
528 82 627 118 CAP.
657 87 792 118 10—12
819 87 838 124 ξ
865 87 1014 118 23—29.
1339 82 1424 124 399

80 179 323 232 [acerrime]
369 180 729 234 contemplemini.
795 179 917 220 Nihil
960 179 1166 234 religione
1205 181 1424 233 testatum,

81 238 190 279 nihil
217 239 398 279 veritate
424 239 661 292 fundatum,
687 238 795 279 nihil
823 238 970 279 dolore
991 252 1237 293 expressum
1260 241 1425 280 contra-

81 311 161 351 que
194 297 337 338 omnia
368 301 569 351 corrupta
601 297 790 348 libidine,
821 296 1052 351 iracundia,
1085 297 1239 351 studio,
1272 297 1425 352 pretio,

81 356 267 410 periurio
299 356 574 410 reperientur.

168 414 341 455 Etenim
385 415 471 456 iam
516 415 716 456 universa
752 414 936 456 istorum
977 415 1151 470 cognita
1188 415 1423 468 cupiditate
1442 401 1494 484 103

82 473 279 514 accedam
313 474 365 514 ad
398 474 590 528 singulas
624 474 837 528 querellas
865 473 1268 527 criminationesque
1295 472 1424 515 Grae·
1452 473 1469 483 “

82 546 239 574 corum.
280 531 442 573 Classis
464 532 636 574 nomine
656 533 879 586 pecuniam
900 532 1146 573 civitatibus
1167 533 1424 586 imperatam

0 606 3 634 ι
83 593 328 645 queruntur.
373 590 493 639 Quod
518 605 596 632 nos
622 590 795 644 factum,
821 591 994 645 iudices,
1021 592 1285 633 confitemur.
1330 590 1424 645 Sed,

82 649 117 690 si
154 649 236 691 hoc
274 649 433 691 crimen
471 652 554 703 est,
591 653 665 691 aut
703 650 747 690 in
786 664 834 691 eo
875 652 957 703 est,
995 649 1106 704 quod
1137 664 1224 691 non
1255 650 1425 691 licuerit

29 720 61 745 10
80 708 309 762 imperare,
348 711 421 749 aut
457 710 501 749 in
539 723 606 760 eo,
643 708 753 762 quod
791 723 877 749 non
914 723 1021 763 opus
1060 709 1191 749 fuerit
1227 709 1423 763 navibus,

81 770 155 808 aut
187 767 231 807 in
263 782 332 821 eo,
370 767 481 821 quod
512 767 632 808 nulla
663 767 744 808 hoc
776 770 975 822 praetore
1007 767 1160 808 classis
1192 767 1422 822 navigarit.

80 825 270 867 Licuisse
319 828 368 866 ut
416 827 663 880 intellegas,
712 840 938 881 cognosce,
988 826 1090 880 quid
1139 840 1206 866 me
1251 827 1422 867 consule

81 887 254 925 senatus
292 884 541 939 decreverit,
580 900 675 926 cum
714 885 885 939 quidem
922 885 1033 925 nihil
1072 899 1097 925 a
1128 884 1422 939 superioribus

80 944 379 984 continuorum
419 958 627 985 annorum
666 943 846 985 decretis
887 943 1142 985 discesserit.
1208 941 1422 985 SENATUS

30 1013 62 1039 1⁵
82 1013 369 1043 CONSULTUM.
413 1001 660 1043 Proximum
687 1005 752 1043 est
778 1016 894 1057 ergo,
919 1005 980 1056 ut,
1006 1016 1113 1056 opus
1132 1001 1263 1043 fuerit
1284 1002 1421 1043 classe

79 1075 222 1112 necne,
255 1075 520 1115 quaeramus.
576 1060 733 1102 Utrum
764 1061 899 1115 igitur
930 1061 1011 1102 hoc
1043 1060 1195 1101 Graeci
1229 1063 1422 1102 statuent

81 1122 155 1161 aut
185 1119 299 1160 ullae
332 1122 500 1160 exterae
530 1120 728 1161 nationes
761 1135 815 1161 an
846 1120 984 1161 nostri
1016 1122 1250 1173 praetores,
1281 1121 1422 1161 nostri

81 1178 220 1231 duces,
250 1178 390 1219 nostri
420 1178 732 1233 imperatores?
777 1178 988 1233 Equidem
1021 1178 1220 1219 existimo
1253 1178 1300 1219 in
1331 1178 1420 1219 eius

80 1236 195 1278 modi
227 1238 402 1292 regione
435 1239 563 1291 atque
594 1237 830 1292 provincia,
863 1252 971 1291 quae
1004 1237 1112 1278 mari
1143 1237 1293 1291 cincta,
1325 1251 1421 1290 por-

27 1307 61 1332 20
80 1296 196 1336 tibus
236 1295 456 1347 distincta,
492 1296 646 1337 insulis
685 1296 948 1337 circumdata
989 1298 1118 1348 esset,
1155 1310 1241 1336 non
1281 1296 1421 1336 solum

80 1354 295 1408 praesidii,
322 1354 394 1395 sed
421 1355 552 1395 etiam
579 1354 758 1395 ornandi
785 1354 955 1408 imperii
982 1368 1110 1394 causa
1129 1354 1420 1408 navigandum

80 1412 223 1453 fuisse.
283 1411 402 1454 Haec
439 1413 550 1453 enim
589 1413 701 1453 ratio
739 1427 788 1454 ac
818 1412 1071 1466 magnitudo
1105 1412 1345 1452 animorum
1377 1413 1419 1452 in
1447 1423 1490 1455 ‘28

81 1470 315 1512 maioribus
346 1471 507 1511 nostris
540 1471 632 1523 fuit,
664 1473 724 1524 ut,
755 1485 850 1512 cum
882 1471 926 1511 in
951 1471 1133 1524 privatis
1160 1470 1287 1511 rebus
1316 1470 1420 1511 suis·

81 1544 162 1583 que
195 1529 436 1582 sumptibus
468 1529 645 1570 minimo
672 1529 861 1570 contenti
886 1528 1139 1570 tenuissimo
1167 1529 1283 1570 cultu
1309 1528 1420 1570 vive—

27 1598 61 1624 25
81 1590 188 1640 rent,
220 1588 263 1628 in
296 1588 475 1642 imperio
509 1590 637 1641 atque
667 1588 713 1628 in
745 1588 918 1641 publica
951 1587 1159 1642 dignitate
1192 1587 1336 1628 omnia
1367 1587 1421 1628 ad

81 1646 263 1702 gloriam
309 1646 660 1700 splendoremque
703 1648 964 1688 revocarent.
1032 1644 1261 1693 Quaeritur
1307 1646 1420 1687 enim

80 1706 124 1746 in
162 1719 205 1746 re
245 1705 481 1746 domestica
519 1705 805 1746 continentiae
841 1705 955 1757 Iaus‚
991 1704 1037 1745 in
1072 1704 1245 1758 publica
1284 1704 1420 1758 digni·

79 1764 196 1805 tatis.
266 1762 427 1811 Quodsi
465 1764 594 1804 etiam
632 1763 834 1818 praesidii
873 1777 1002 1804 causa
1038 1762 1219 1804 classem
1256 1763 1420 1815 habuit,

81 1822 174 1876 quis
207 1822 288 1863 erit
320 1824 411 1863 tam
449 1822 632 1876 iniquus,
664 1823 736 1876 qui
755 1821 1069 1876 reprehendat?
1126 1820 1265 1862 eNulli
1297 1824 1420 1862 erant

30 1892 64 1917 30
84 1879 346 1934 praedones.'
393 1879 530 1929 Quid?
563 1880 706 1921 nullos
731 1880 824 1921 fore
852 1880 946 1934 quis
971 1882 1191 1934 praestare
1217 1880 1418 1934 poterat?

82 1938 284 1993 ‘Minuis',
321 1940 480 1993 inquit,
517 1939 716 1994 egloriam
752 1937 956 1993 Pompei.²
1024 1939 1161 1980 Immo
1202 1941 1248 1980 tu
1287 1952 1418 1993 auges
1446 1949 1488 1980 29

81 1998 337 2040 molestiam.
381 1998 461 2038 1116
483 1999 594 2039 6111111
615 1998 773 2038 classes
793 1997 1066 2051 praedonum,
1091 1998 1229 2048 urbes,
1255 2000 1420 2050 portus,

81 2056 349 2109 receptacula
381 2057 565 2106 sustulit,
598 2070 745 2110 pacem
778 2055 1041 2097 maritimam
1067 2070 1233 2096 summa
1260 2055 1419 2095 virtute

82 2116 209 2168 atque
246 2114 486 2155 incredibili
526 2115 742 2156 celeritate
775 2113 975 2167 confecit3
1011 2114 1119 2155 illud
1150 2127 1250 2153 vero
1282 2127 1419 2166 neque

26 2183 61 2210 35
82 2172 270 2227 suscepit
314 2187 451 2226 neque
490 2174 702 2227 suscipere
741 2172 902 2226 debuit,
945 2176 1011 2227 ut,
1057 2173 1093 2213 si
1130 2186 1214 2225 qua
1250 2171 1419 2224 uspiam

82 2231 282 2272 navicula
307 2231 572 2286 praedonum
599 2231 879 2286 apparuisset,
906 2230 1167 2272 accusandus
1194 2228 1420 2270 videretur.

83 2289 238 2343 Itaque
257 2289 348 2344 ipse
368 2289 413 2330 in
432 2289 550 2344 Asia,
576 2304 671 2331 cum
692 2289 835 2331 omnia
853 2290 940 2330 iam
959 2290 1074 2331 bella
1094 2291 1210 2330 terra
1229 2286 1420 2342 marique
