1687 2533
21 701 55 726 10

20 1287 55 1312 20

22 1579 56 1605 25

22 1872 56 1897 30

23 2163 57 2189 35

509 64 608 99 CAP.
637 68 771 99 29—31
802 67 820 106 g
850 68 998 100 ἰτ-02.
1325 64 1411 105 487

74 160 289 203 consulari
331 160 495 201 homini
538 160 583 202 P.
622 158 793 201 Clodius
839 174 986 201 eversa
1023 174 1068 201 re
1106 159 1279 214 publica
1316 160 1413 200 civi—

75 222 209 261 tatem
231 219 416 260 adimere
436 219 579 273 potuit
600 219 778 260 001101110
797 218 1016 272 advocato,
1037 217 1257 260 conductis
1271 219 1412 272 operis

74 293 161 320 non
208 278 346 319 solum
390 278 625 333 egentium,
673 277 744 319 sed
786 278 917 318 etiam
959 292 1195 330 servorum,
1241 275 1410 319 Fidulio

76 337 277 391 principe,
312 336 385 390 qui
417 351 460 377 se
492 336 568 377 illo
604 336 669 377 die
696 336 920 378 confirmat
945 335 1109 377 Romae
1133 350 1220 377 non
1250 335 1412 377 fuisse?

77 395 236 444 Quodsi
273 410 359 437 non
396 394 496 449 fuit,
541 395 640 450 quid
679 397 721 436 te
761 395 979 449 audacius,
1017 395 1090 449 qui
1128 394 1216 435 01110
1256 409 1411 436 nomen

75 455 121 496 ‘in
152 467 219 495 aes
249 453 475 496 incideris?
511 454 610 509 quid
643 453 925 508 desperatius,
957 453 1027 509 qui
1059 468 1112 494 ne
1144 453 1411 494 ementiendo

76 512 246 567 quidem
277 512 468 567 potueris
501 515 718 554 auctorem
751 513 1003 554 adumbrare
1036 512 1286 554 meliorem?
1338 510 1413 552 Sin

76 574 217 612 autem
250 571 287 612 is
313 572 475 625 primus
503 571 637 625 scivit,
670 571 782 626 quod
807 571 931 612 facile
956 573 1111 626 potuit,
1142 572 1212 624 qui
1237 574 1414 626 propter

75 631 264 685 inopiam
302 631 405 671 tecti
445 631 490 671 in
520 629 614 671 foro
647 633 960 684 pernoctasset,
1003 645 1076 671 cur
1106 644 1192 671 non
1225 629 1335 670 iuret
1368 644 1412 670 se

77 688 266 730 Gadibus
304 688 455 742 fuisse,
493 703 588 730 cum
626 691 672 729 tu
710 692 751 730 te
791 689 922 730 fuisse
960 689 1230 730 Interamnae
1262 688 1413 742 proba-

75 746 217 789 veris‘?
278 746 372 789 Hoc
404 750 451 788 tu
476 747 622 803 igitur,
654 747 782 789 homo
814 748 1047 802 popularis,
1078 747 1169 788 iure
1202 748 1413 788 munitam

75 806 294 848 civitatem
333 809 375 847 et
412 806 656 847 libertatem
690 810 883 848 nostram
916 809 1043 861 putas
1077 820 1168 848 esse
1202 808 1413 860 oportere,

74 868 139 919 ut,
190 865 225 905 si
274 865 448 906 tribuno
498 866 555 920 pl.
598 869 796 920 rogante,
848 864 1057 907 ε17111111Ἶο
1107 863 1414 918 IUBEATISNE',

73 923 228 964 Fidulii
263 926 433 965 centum
465 938 508 965 se
534 924 642 965 velle
670 926 712 964 et
737 924 883 965 iubere
911 924 1106 974 dixerint,
1138 923 1276 977 possit
1302 937 1411 964 unus

40 982 253 1037 fiquisque
300 986 491 1024 nostrum
544 982 741 1024 amittere
792 983 1040 1024 civitatem?
1120 981 1227 1023 Tum
1278 982 1414 1037 igitur

75 1041 257 1082 maiores
289 1042 424 1082 nostri
454 1042 682 1096 populares
712 1056 799 1083 non
830 1041 1020 1095 fuerunt,
1053 1041 1125 1095 qui
1158 1041 1207 1082 de
1239 1041 1413 1082 civitate

75 1103 118 1141 et
150 1099 348 1140 libertate
375 1115 424 1141 ea
448 1100 542 1141 iura
569 1103 812 1154 sanxerunt,
846 1115 952 1155 quae
977 1114 1055 1141 nec
1080 1100 1144 1141 vis
1170 1102 1414 1154 temporum

73 1172 150 1200 nec
198 1158 393 1212 potentia
443 1159 772 1214 magistratuum
821 1173 898 1201 1100
943 1173 1084 1200 10111111
1129 1158 1413 1199 iudicatarum

73 1218 297 1259 auctoritas
320 1231 397 1259 nec
423 1217 602 1271 denique
628 1217 777 1258 univer
781 1218 816 1258 si
835 1217 984 1272 populi
1004 1217 1189 1258 Romani
1208 1219 1414 1272 potestas,

75 1290 182 1329 quae
213 1276 365 1317 ceteris
397 1276 440 1317 in
472 1276 598 1317 rebus
632 1279 696 1316 est
727 1277 925 1329 maxima,
957 1275 1214 1317 labefactare
1246 1275 1413 1330 possit?

74 1335 135 1374 At
170 1336 218 1375 111
251 1335 397 1387 0110111,
437 1338 606 1388 ereptor
638 1334 846 1387 civitatis,
884 1335 1024 1389 legem
1057 1334 1106 1374 de
1138 1334 1304 1375 iniuriis
1336 1349 1410 1388 pu-

74 1392 197 1434 blicis
231 1392 369 1433 tulisti
396 1392 626 1447 Anagnino
651 1392 794 1433 nescio
821 1393 887 1433 cui
911 1392 1125 1433 Menullae
1150 1394 1414 1447 pergratam,

75 1450 146 1505 qui
184 1450 262 1492 tibi
301 1451 355 1491 ob
395 1465 488 1492 eam
497 1427 665 1506 Dlegem
699 1453 887 1492 statuam
919 1451 962 1492 in
996 1451 1101 1491 meis
1135 1451 1310 1492 aedibus
1342 1465 1412 1504 po-

76 1509 178 1563 suit,
215 1513 264 1550 ut
300 1510 418 1551 locus
456 1510 546 1564 ipse
585 1510 630 1550 in
661 1512 784 1551 tanta
814 1514 889 1551 tua
920 1509 1075 1550 iniuria
1106 1510 1247 1564 legem
1280 1513 1322 1550 et
1353 1509 1414 1549 in-

77 1568 351 1622 scriptionem
392 1571 559 1609 statuae
598 1567 830 1622 refelleret,
877 1583 983 1634 quae
1022 1582 1088 1609 100
1127 1568 1412 1622 municipibus

75 1626 317 1681 Anagninis
344 1627 630 1668 ornatissimis
658 1627 794 1668 multo
822 1627 974 1668 maiori
1001 1627 1138 1668 0101011
1164 1626 1256 1676 fuit,
1284 1641 1412 1681 quam

76 1700 183 1739 quae
231 1685 345 1726 idem
388 1685 461 1726 ille
506 1685 718 1739 gladiator
769 1686 929 1726 0001010
972 1684 1196 1740 Anagniae
1240 1685 1410 1726 feceifflat

75 1743 216 1792 Quid?
261 1744 298 1784 si
340 1758 392 1784 110
433 1744 638 1797 scriptum
678 1744 846 1797 quidem
884 1758 1088 1797 umquam
1126 1746 1191 1784 est
1228 1743 1272 1784 in
1310 1744 1393 1785 ista

74 1803 170 1856 ipsa
205 1802 448 1857 rogatione,
487 1817 613 1855 quam
646 1816 689 1843 se
721 1802 913 1842 Fidulius
950 1805 1083 1857 negat
1116 1802 1307 1852 scivisse,
1344 1805 1392 1843 tu

77 1863 219 1902 autem
251 1864 298 1901 ut
330 1863 426 1902 acta
455 1860 520 1901 tui
549 1861 758 1915 praeclari
789 1860 1034 1902 tribunatus
1065 1861 1251 1902 hominis
1279 1861 1412 1915 digni-

75 1921 165 1960 tate
187 1919 451 1969 cohonestes,
472 1920 774 1960 auctoritatem
795 1919 1064 1973 amplecteris
1085 1944 1139 1948 —
1162 1919 1234 1960 sed
1254 1922 1410 1971 tamen,

77 1977 112 2018 01
143 1978 252 2018 nihil
285 1977 334 2018 de
366 1992 432 2019 me
465 1978 615 2032 tulisti,
648 1992 729 2031 quo
762 1977 902 2018 minus
935 1992 1071 2019 essem
1101 1992 1188 2019 non
1214 1977 1340 2018 modo
1367 1977 1412 2017 in

76 2035 230 2077 civium
271 2051 465 2091 numero,
510 2036 582 2077 sed
627 2036 753 2078 etiam
794 2036 838 2076 111
882 2051 930 2078 eo
974 2037 1085 2089 1000,
1130 2037 1173 2076 111
1218 2050 1299 2089 quo
1344 2050 1411 2076 me

75 2093 258 2136 honores
290 2095 440 2148 populi
464 2094 650 2136 Romani
675 2095 950 2149 collocarunt,
981 2098 1182 2136 tamenne
1210 2108 1305 2134 eum
1336 2096 1411 2135 tua

77 2166 178 2193 voce
221 2153 420 2207 violabis,
465 2168 589 2207 quem
627 2156 725 2207 post
763 2153 974 2194 nefarium
1012 2154 1148 2195 scelus
1188 2152 1411 2193 consulum

78 2210 344 2264 superiorum
375 2213 441 2252 tot
471 2212 587 2252 vides
619 2211 785 2253 iudiciis
818 2215 1003 2265 senatus,
1034 2210 1183 2266 populi
1216 2210 1411 2263 Romani,

77 2269 231 2311 Italiae
263 2269 399 2310 totius
423 2268 716 2325 honestatum,
750 2285 874 2325 quem
906 2285 958 2312 ne
984 2273 1076 2311 tum
1105 2269 1284 2323 quidem,
1317 2283 1412 2310 cum

1438 405 1482 436 80

1438 1344 1482 1375 81

1408 1728 1482 1820 ἑὲ

1437 1929 1483 1960 82
