1619 2542
173 94 257 135 156
516 94 609 130 PRO
635 95 678 130 A.
707 94 942 130 CnUENTIO
971 95 1159 131 ORATIO.

172 190 396 246 indignum
435 205 527 232 esse
564 191 750 242 facinus,
788 191 825 232 si
865 194 1038 233 senator
1076 191 1232 234 iudicio
1272 194 1518 249 quempiam

171 249 511 303 circumvenerit,
543 249 712 305 legibus
746 264 843 291 eum
874 251 1028 303 teneri,
1069 252 1105 291 si
1137 265 1264 306 eques
1298 252 1517 295 Romanus

102 318 167 350 146
183 308 264 349 1106
296 308 409 349 idem
440 308 603 362 fecerit,
637 323 723 349 non
756 309 906 349 teneri.
968 307 1030 350 Ut
1060 309 1143 350 tibi
1175 311 1404 352 concedam
1434 312 1517 354 hoc

169 367 395 421 indignum
434 381 543 420 esse,
582 367 696 421 quod
735 367 853 409 cuius
886 367 1002 408 modi
1035 368 1109 420 sit,
1147 368 1234 409 iam
1265 370 1430 424 videro,
1467 373 1517 412 tu

170 426 277 466 mihi
309 426 515 467 concedas
547 440 720 467 necesse
753 429 819 467 est
852 426 988 467 multo
1022 441 1114 467 esse
1139 427 1358 483 indignius
1390 429 1435 470 111
1466 440 1553 470 665

170 484 366 537 civitate,
399 499 505 539 quae
538 484 709 537 legibus
742 485 1025 539 contineatur,
1058 485 1218 526 discedi
1250 487 1304 527 ab
1336 487 1516 542 legibus.

168 542 263 584 Hoc
295 544 408 583 enim
440 543 660 586 vinculum
693 546 759 584 est
789 543 916 584 huius
950 543 1187 599 dignitatis,
1220 560 1303 599 qua
1333 545 1517 588 fruimur

168 601 213 642 in
252 616 298 642 re
336 601 529 655 publica,
569 601 651 643 1106
687 601 1014 644 fundamentum
1045 603 1280 657 libertatis,
1318 604 1388 646 hic
1420 605 1515 646 fons

170 660 419 714 aequitatis3
457 674 576 701 mens
615 663 658 701 et
696 661 863 702 animus
897 664 940 702 et
971 662 1196 703 consilium
1229 665 1273 704 et
1304 664 1516 705 sententia

169 718 355 760 civitatis
403 719 548 772 posita
595 722 661 760 est
703 720 748 760 111
791 720 972 773 legibus.
1043 719 1103 762 Ut
1144 735 1326 775 corpora
1367 724 1570 764 nostram

170 778 261 818 sine
305 780 468 831 mente,
519 778 579 819 316
622 778 772 819 civitas
819 779 910 820 31116
954 779 1050 834 lege
1095 780 1182 820 suis
1227 781 1424 833 partibus
1468 785 1516 822 ut

168 836 311 877 nervis
344 838 386 877 et
419 836 628 891 sanguine
654 839 697 878 et
722 838 926 878 membris
952 839 1018 878 uti
1042 852 1129 879 non
1154 841 1312 893 potest.
1352 839 1517 895 Legum

169 894 357 936 ministri
383 895 680 950 magistratus,
705 896 850 951 legum
870 896 1125 950 interpretes
1146 897 1318 951 iudices,
1343 898 1514 952 legibus

169 954 349 1008 denique
380 953 540 995 idcirco
574 969 721 995 omnes
756 955 982 1008 servimus,
1013 958 1062 996 ut
1093 956 1219 997 liberi
1251 970 1344 997 esse
1375 957 1514 1011 possi-

99 1024 164 1054 147
181 1027 287 1053 mus.
351 1011 462 1060 Quid
496 1015 573 1067 est,
606 1012 653 1061 Q.
673 1013 806 1067 Naso,
839 1029 913 1055 cur
945 1016 992 1054 tu
1013 1014 1058 1054 in
1089 1014 1174 1055 1310
1206 1015 1301 1056 1060
1336 1015 1514 1056 sedeas?
1535 1026 1569 1053 15

169 1085 277 1126 quae
318 1071 383 1111 vis
432 1074 515 1124 est,
561 1086 646 1125 qua
692 1072 768 1112 abs
810 1075 852 1113 te
893 1072 939 1112 hi
980 1073 1140 1114 iudices
1182 1074 1261 1114 tali
1302 1073 1516 1129 dignitate

167 1129 351 1183 praediti
384 1130 688 1171 coerceantur‘.>
751 1130 841 1172 Vos
874 1133 1037 1184 autem,
1075 1131 1259 1185 iudices,
1299 1147 1428 1186 quam
1460 1133 1515 1174 ob

167 1202 258 1228 rem
291 1202 340 1229 ex
372 1190 498 1229 tanta
529 1188 806 1230 multitudine
841 1189 996 1230 civium
1028 1192 1120 1231 tam
1150 1191 1276 1243 pauci
1304 1191 1354 1232 de
1380 1191 1516 1233 homi-

166 1262 271 1287 num
295 1246 482 1288 fortunis
510 1248 770 1289 sententiam
795 1247 948 1289 fertis?
982 1247 1074 1296 Quo
1101 1248 1191 1289 iure
1211 1249 1379 1303 Accius,
1406 1264 1514 1304 quae

169 1306 324 1358 voluit,
374 1305 509 1346 dixit‘?
581 1305 665 1347 Cur
711 1306 818 1347 mihi
864 1309 954 1347 tam
1004 1307 1075 1347 diu
1114 1309 1309 1361 potestas
1349 1309 1515 1350 dicendi
1535 1320 1570 1345 20

169 1365 324 1405 datur?
394 1363 503 1412 Quid
546 1364 628 1405 sibi
670 1367 814 1406 autem
853 1365 919 1406 illi
957 1366 1140 1419 scribae,
1188 1366 1288 1420 quid
1329 1367 1515 1421 lictores,

171 1423 271 1476 quid
322 1423 469 1475 ceteri,
528 1437 633 1478 quos
685 1438 892 1478 apparere
941 1424 1039 1465 huic
1090 1425 1330 1478 quaestioni
1379 1425 1515 1479 video,

168 1481 350 1522 volunt‘.>
413 1480 576 1536 Opinor
614 1482 720 1524 haec
752 1483 896 1524 omnia
926 1483 1022 1538 lege
1053 1483 1146 1523 fieri
1177 1485 1402 1538 totumque
1433 1484 1515 1526 hoc

169 1540 386 1592 iudicium,
417 1545 466 1580 ut
499 1543 598 1581 ante
625 1541 724 1594 dixi,
756 1541 878 1595 quasi
904 1544 1046 1582 mente
1073 1541 1257 1596 quadam
1282 1543 1375 1598 regi
1401 1543 1512 1598 legis

170 1602 213 1639 et
251 1599 556 1640 administrari.
619 1598 727 1647 Quid
767 1600 900 1654 ergo?
940 1600 1046 1641 haec
1085 1601 1279 1654 quaestio
1319 1602 1413 1642 sola
1450 1602 1513 1642 ita
1533 1611 1566 1638 25

170 1657 465 1712 gubernatur?
536 1657 646 1706 Quid
689 1657 745 1699 M.
781 1658 975 1700 Plaetori
1015 1661 1058 1700 et
1096 1657 1140 1700 C.
1173 1659 1361 1701 Flamini
1399 1660 1513 1701 inter

169 1715 358 1768 sicarios,
392 1716 494 1770 quid
526 1715 571 1757 C.
603 1716 778 1758 Orchivi
808 1718 1050 1772 peculatus,
1082 1718 1183 1771 quid
1220 1732 1316 1759 mea
1354 1717 1405 1759 de
1442 1732 1514 1772 pe-

168 1774 304 1814 cuniis
336 1775 598 1827 repetundis,
631 1776 733 1829 quid
765 1774 808 1817 C.
841 1776 1001 1830 Aquili,
1033 1776 1146 1830 apud
1171 1791 1298 1830 quem
1321 1791 1434 1817 nunc
1460 1776 1511 1817 de

169 1832 334 1872 ambitu
391 1847 520 1874 causa
575 1834 747 1888 dicitur,
804 1835 906 1889 quid
961 1835 1151 1888 reliquae
1208 1835 1513 1888 quaestiones?

168 1889 496 1945 Circumspicite
524 1906 671 1933 omnes
698 1893 761 1933 rei
786 1893 984 1947 publicae
1010 1895 1175 1947 partes3
1201 1893 1346 1934 omnia
1365 1893 1511 1948 legum
1531 1905 1566 1930 30

99 1960 166 1991 148
181 1949 362 2003 imperio
405 1952 448 1989 61
483 1951 751 2005 praescripto
783 1952 876 1992 fieri
907 1951 1120 1993 videbitis,
1182 1949 1226 1992 Si
1266 1952 1361 2006 quis
1399 1952 1513 2007 apud

168 2022 247 2060 me,
280 2007 327 2047 T.
358 2006 475 2060 Acci,
506 2010 549 2048 te
581 2023 701 2050 reum
733 2010 838 2050 velit
869 2009 1020 2063 facere,
1052 2010 1207 2050 clames
1239 2011 1283 2051 16
1314 2011 1410 2065 lege
1439 2025 1513 2065 pe-

168 2066 390 2108 cuniarum
426 2067 756 2120 repetundarum
798 2083 886 2109 non
922 2068 1078 2120 teneri3
1120 2082 1257 2122 neque
1294 2068 1399 2110 haec
1435 2072 1513 2110 tua

168 2125 382 2166 recusatio
416 2124 627 2165 confessio
662 2126 718 2166 sit
749 2129 901 2181 captae
932 2126 1147 2180 pecuniae,
1180 2127 1253 2168 sed
1279 2127 1442 2168 laboris
1469 2130 1512 2168 et

97 2183 154 2224 54
180 2183 361 2238 periculi
391 2196 478 2224 non
504 2183 689 2237 legitimi
716 2184 956 2226 declinatio.
1000 2183 1124 2225 Nunc
1151 2185 1251 2239 quid
1278 2188 1443 2241 agatur,
1469 2188 1512 2226 et
1530 2195 1565 2222 35
1618 2190 1619 2222 1

169 2241 270 2295 quid
314 2241 391 2282 abs
429 2244 473 2282 te
513 2241 619 2282 iuris
658 2243 964 2296 constituatur,
1008 2242 1115 2284 vide.
1181 2243 1308 2285 Iubet
1344 2245 1413 2285 lex
1451 2258 1511 2297 ea,
1618 2231 1619 2271 1

170 2314 254 2354 qua
290 2300 385 2355 lege
422 2299 528 2341 haec
561 2301 756 2354 quaestio
789 2302 1024 2343 constituta
1057 2304 1141 2355 est,
1178 2302 1361 2344 iudicem
1387 2316 1511 2356 quae-
