1619 2542
157 86 243 127 302
526 85 620 121 PRO
647 86 686 120 L.
713 84 917 120 MURENA
943 84 1129 120 ORATIO.

156 182 284 235 tinui‚
316 182 426 224 sicut
456 181 582 223 huius
613 181 782 235 imperii
815 180 1000 235 dignitas
1031 180 1076 221 in
1108 195 1274 222 summo
1306 181 1493 236 periculo

156 240 313 282 civium
343 240 607 295 postulabat.
657 238 817 288 Quodsi
847 241 953 293 tum,
985 253 1081 280 cum
1111 253 1178 280 res
1204 239 1376 294 publica
1406 240 1494 282 vim

158 302 200 340 et
231 299 505 341 severitatem
539 298 822 351 desiderabat,
852 297 936 339 vici
960 300 1160 339 naturam
1186 301 1229 339 et
1253 301 1346 339 tam
1370 299 1492 340 vehe-

156 372 276 399 mens
306 357 386 411 fui,
434 372 561 412 quam
600 357 802 412 cogebar,
840 371 927 397 non
965 371 1094 410 quam
1131 356 1346 410 volebam,
1382 371 1493 398 nunc

156 431 251 457 cum
297 431 441 458 omnes
485 426 552 457 me
597 429 748 456 causae
793 415 845 456 ad
890 414 1226 456 misericordiam
1268 419 1395 471 atque
1440 416 1528 457 ads

155 474 471 516 humanitatem
520 477 688 527 vocent,
740 475 901 527 quanto
951 474 1124 514 tandem
1174 473 1315 515 studio
1359 473 1492 515 debeo

155 536 334 574 naturae
367 547 486 574 meae
519 532 899 585 consuetudinique
931 532 1118 573 servire?
1174 532 1238 574 Ac
1269 532 1319 574 de
1352 532 1492 574 officio

155 591 413 633 defensionis
446 606 566 632 meae
599 606 648 633 ac
681 591 730 632 de
761 590 930 632 ratione
963 591 1247 632 accusationis
1279 593 1378 632 tuae
1409 590 1493 633 for-

154 653 270 692 tasse
297 651 428 691 etiam
454 650 539 691 alia
565 650 611 691 in
635 652 758 705 parte
785 649 992 691 orationis
1013 649 1234 691 dicendum
1253 649 1378 691 nobis
1400 649 1492 691 erit.

109 719 128 751 7
245 708 326 750 Sed
358 724 443 760 me,
474 708 646 762 iudices,
676 722 764 750 non
794 708 934 749 minus
965 707 1152 749 hominis
1185 708 1492 762 sapientissimi
1511 720 1545 745 10

155 770 284 821 atque
322 767 603 820 ornatissimi,
642 765 729 809 Ser.
748 764 928 821 Sulpici,
966 766 1215 820 conquestio
1254 781 1382 821 quam
1414 765 1490 808 Ca-

154 827 267 867 tonis
307 827 521 868 accusatio
560 826 874 878 commovebat,
912 825 985 879 qui
1019 825 1273 880 gravissime
1305 828 1348 866 et
1379 839 1492 866 acer-

154 885 329 926 bissime
362 885 471 926 ferre
501 898 542 926 se
574 884 681 925 dixit
713 898 778 925 me
809 883 1119 924 familiaritatis
1151 883 1493 925 necessitudinis-

155 958 234 997 que
268 943 450 985 oblitum
484 957 656 984 causam
687 941 734 983 L.
765 941 967 983 Murenae
999 944 1148 983 contra
1180 956 1225 984 se
1257 942 1489 984 defendere.

153 1001 264 1043 Huic
297 1015 394 1056 ego,
425 1001 598 1054 iudices,
630 1000 737 1042 satis
768 1000 908 1042 facere
940 1000 1064 1054 cupio
1096 1015 1258 1055 vosque
1290 1000 1491 1042 adhibere
1511 1012 1544 1038 15

154 1061 351 1102 arbitros.
413 1059 527 1101 Nam
565 1074 661 1101 cum
700 1072 830 1112 grave
862 1061 928 1100 est
959 1073 1056 1100 vere
1087 1059 1280 1101 accusari
1311 1059 1356 1100 in
1388 1060 1490 1100 ami-

153 1119 265 1172 citia,
284 1121 389 1172 tum,
410 1118 541 1159 etiam
563 1117 599 1158 si
617 1116 727 1158 falso
742 1117 963 1170 accuseris,
982 1131 1068 1158 non
1084 1119 1148 1158 est
1166 1118 1491 1172 neglegendum.

153 1176 267 1231 Ego,
310 1175 398 1218 Ser.
435 1175 611 1230 Sulpici,
653 1190 721 1217 me
764 1175 810 1216 in
854 1175 1060 1229 petitione
1103 1179 1178 1217 tua
1220 1176 1302 1217 tibi
1346 1176 1491 1217 omnia

154 1236 294 1277 studia
337 1237 465 1290 atque
510 1234 652 1276 officia
689 1249 767 1288 pro
805 1237 955 1275 nostra
990 1233 1302 1275 necessitudine
1340 1236 1384 1275 et
1420 1234 1490 1275 de-

153 1294 296 1335 buisse
341 1293 548 1335 confiteor
591 1295 634 1333 et
677 1292 945 1347 praestitisse
989 1292 1186 1334 arbitror.
1252 1291 1374 1333 Nihil
1410 1292 1491 1334 tibi
1510 1301 1545 1327 2⁰

153 1352 426 1394 consulatum
463 1351 628 1406 petenti
666 1366 691 1392 a
727 1365 795 1392 me
835 1350 987 1403 defuit,
1024 1351 1136 1406 quod
1173 1354 1288 1392 esset
1324 1353 1399 1393 aut
1437 1351 1490 1392 ab

154 1412 290 1453 amico
343 1413 417 1452 aut
467 1425 492 1452 a
537 1410 727 1465 gratioso
774 1412 847 1450 aut
891 1424 916 1451 a
959 1409 1133 1452 consule
1176 1409 1491 1464 postulandum.

153 1470 277 1510 Abiit
315 1469 421 1510 illud
461 1472 649 1524 tempu33
686 1470 854 1509 mutata
889 1469 1003 1509 ratio
1042 1470 1119 1509 est.
1179 1466 1249 1509 Sic
1281 1468 1492 1522 existimo,

155 1528 214 1570 sic
234 1528 339 1569 mihi
359 1527 606 1583 persuadeo,
632 1541 699 1568 me
719 1526 802 1567 tibi
822 1530 971 1568 contra
989 1526 1195 1568 honorem
1214 1527 1262 1568 L.
1277 1525 1491 1580 Murenae,

155 1589 364 1641 quantum
389 1589 437 1627 tu
463 1600 488 1627 a
512 1600 580 1627 me
605 1585 827 1640 postulare
847 1600 974 1626 ausus
996 1585 1066 1638 sis,
1091 1587 1262 1626 tantum
1283 1584 1490 1639 debuisse,
1510 1593 1544 1620 2⁵

108 1656 128 1686 8
155 1647 305 1686 contra
337 1645 520 1685 salutem
548 1643 657 1685 nihil
684 1644 847 1685 debere.
891 1642 1038 1698 Neque
1065 1643 1189 1697 enim,
1220 1643 1256 1685 si
1281 1643 1361 1684 tibi
1386 1646 1490 1696 tum,

154 1717 249 1744 cum
285 1706 452 1758 peteres
499 1703 786 1754 consulatum,
826 1702 960 1755 adfui,
998 1716 1110 1744 nunc
1141 1716 1237 1743 cum
1267 1701 1490 1742 Murenam

152 1761 293 1815 ipsum
324 1763 459 1815 petas,
492 1761 661 1802 adiutor
693 1760 841 1802 eodem
871 1763 997 1816 pacto
1029 1774 1121 1801 esse
1153 1760 1297 1801 debeo.
1347 1759 1489 1813 Atque

152 1820 234 1861 hoc
271 1833 357 1860 non
395 1819 520 1860 modo
554 1820 675 1871 [11011]
709 1819 895 1873 laudari,
926 1819 1000 1860 sed
1030 1833 1082 1859 ne
1114 1817 1286 1859 concedi
1317 1817 1488 1872 quidem

153 1880 316 1931 potest,
371 1879 420 1917 ut
469 1877 615 1919 amicis
664 1877 825 1918 nostris
877 1876 1173 1918 accusantibus
1222 1890 1309 1917 non
1358 1876 1487 1917 etiam
1507 1885 1542 1911 3⁰

104 1937 130 1978 4
155 1935 438 1978 alienissimos
483 1935 769 1977 defendamus.
834 1935 940 1977 Mihi
985 1937 1126 1976 autem
1163 1948 1259 1975 cum
1298 1933 1488 1987 Murena,

153 1994 324 2043 iudices,
351 1995 393 2034 et
418 2007 577 2047 magna
603 1996 646 2034 et
670 1997 792 2034 vetus
819 1993 1010 2035 amicitia
1034 1995 1110 2046 est,
1137 2006 1244 2046 quae
1270 1993 1315 2033 in
1335 1992 1487 2047 capitis

155 2052 426 2094 dimicatione
458 2066 481 2092 a
509 2049 594 2093 Ser.
615 2050 803 2105 Sulpicio
835 2066 921 2093 non
945 2050 1100 2092 idcirco
1127 2051 1343 2105 obruetur,
1375 2050 1488 2104 quod

155 2112 208 2153 ab
241 2111 389 2152 eodem
420 2109 465 2150 in
496 2109 669 2150 honoris
704 2110 975 2151 contentione
1007 2111 1206 2162 superata
1238 2111 1315 2152 est.
1370 2107 1486 2157 Quae

155 2170 192 2211 si
231 2183 358 2211 causa
397 2182 485 2209 non
522 2170 651 2221 esset,
691 2171 836 2209 tamen
872 2168 940 2209 vel
979 2166 1166 2222 dignitas
1198 2167 1387 2209 hominis
1418 2167 1539 2208 velas

153 2227 328 2269 honoris
367 2226 475 2280 eius,
519 2240 644 2280 quem
685 2226 862 2281 adeptus
900 2227 983 2279 est,
1019 2225 1256 2278 amplitudo
1296 2239 1486 2266 summae

154 2286 260 2327 mihi
305 2284 528 2340 superbiae
573 2283 921 2339 crudelitatisque
958 2284 1119 2325 famam
1159 2283 1402 2338 inussisset,
1449 2283 1486 2324 si
