<?xml version="1.0" encoding="UTF-8"?>
<!DOCTYPE html PUBLIC "-//W3C//DTD XHTML 1.0 Transitional//EN"
    "http://www.w3.org/TR/xhtml1/DTD/xhtml1-transitional.dtd">
<html xmlns="http://www.w3.org/1999/xhtml" xml:lang="en" lang="en">
 <head>
  <title>
</title>
<meta http-equiv="Content-Type" content="text/html;charset=utf-8" />
  <meta name='ocr-system' content='tesseract 3.04.00' />
  <meta name='ocr-capabilities' content='ocr_page ocr_carea ocr_par ocr_line ocrx_word'/>
</head>
<body>
  <div class='ocr_page' id='page_1' title='image "./p2scriptaquaemanse02ciceuoft_0404.png"; bbox 0 0 1619 2542; ppageno 0'>
   <div class='ocr_carea' id='block_1_1' title="bbox 94 1288 134 1319">
    <p class='ocr_par' dir='ltr' id='par_1_1' title="bbox 94 1288 134 1319">
     <span class='ocr_line' id='line_1_1' title="bbox 94 1288 134 1319; baseline 0.025 -1"><span class='ocrx_word' id='word_1_1' title='bbox 94 1288 134 1319; x_wconf 88' lang='lat'>10</span> 
     </span>
    </p>
   </div>
   <div class='ocr_carea' id='block_1_2' title="bbox 110 1687 136 1728">
    <p class='ocr_par' dir='ltr' id='par_1_2' title="bbox 110 1687 136 1728">
     <span class='ocr_line' id='line_1_2' title="bbox 110 1687 136 1728; baseline 0 0"><span class='ocrx_word' id='word_1_2' title='bbox 110 1687 136 1728; x_wconf 82' lang='lat'>5</span> 
     </span>
    </p>
   </div>
   <div class='ocr_carea' id='block_1_3' title="bbox 96 2106 134 2136">
    <p class='ocr_par' dir='ltr' id='par_1_3' title="bbox 96 2106 134 2136">
     <span class='ocr_line' id='line_1_3' title="bbox 96 2106 134 2136; baseline 0.026 -1"><span class='ocrx_word' id='word_1_3' title='bbox 96 2106 134 2136; x_wconf 87' lang='lat'>11</span> 
     </span>
    </p>
   </div>
   <div class='ocr_carea' id='block_1_4' title="bbox 161 124 1170 168">
    <p class='ocr_par' dir='ltr' id='par_1_4' title="bbox 161 124 1170 168">
     <span class='ocr_line' id='line_1_4' title="bbox 161 124 1170 168; baseline -0.008 0"><span class='ocrx_word' id='word_1_4' title='bbox 161 126 245 168; x_wconf 77' lang='lat'>252</span> <span class='ocrx_word' id='word_1_5' title='bbox 500 126 552 161; x_wconf 78' lang='lat' dir='ltr'>IN</span> <span class='ocrx_word' id='word_1_6' title='bbox 577 126 614 161; x_wconf 88' lang='lat' dir='ltr'>L.</span> <span class='ocrx_word' id='word_1_7' title='bbox 643 124 908 161; x_wconf 77' lang='lat' dir='ltr'>CAT1L1NAM</span> <span class='ocrx_word' id='word_1_8' title='bbox 936 124 1116 160; x_wconf 82' lang='lat' dir='ltr'><strong>ORATIO</strong></span> <span class='ocrx_word' id='word_1_9' title='bbox 1142 127 1170 160; x_wconf 88' lang='lat'>1.</span> 
     </span>
    </p>
   </div>
   <div class='ocr_carea' id='block_1_5' title="bbox 157 220 1588 2383">
    <p class='ocr_par' dir='ltr' id='par_1_5' title="bbox 157 220 1588 2383">
     <span class='ocr_line' id='line_1_5' title="bbox 161 220 1500 278; baseline -0.001 -13"><span class='ocrx_word' id='word_1_10' title='bbox 161 223 261 278; x_wconf 82' lang='lat' dir='ltr'>quid</span> <span class='ocrx_word' id='word_1_11' title='bbox 298 225 444 265; x_wconf 79' lang='lat' dir='ltr'>taces?</span> <span class='ocrx_word' id='word_1_12' title='bbox 489 221 768 276; x_wconf 80' lang='lat' dir='ltr'>Convincam,</span> <span class='ocrx_word' id='word_1_13' title='bbox 813 221 849 263; x_wconf 91' lang='lat' dir='ltr'>si</span> <span class='ocrx_word' id='word_1_14' title='bbox 887 235 1029 276; x_wconf 81' lang='lat' dir='ltr'>negas.</span> <span class='ocrx_word' id='word_1_15' title='bbox 1080 220 1218 263; x_wconf 84' lang='lat' dir='ltr'>Video</span> <span class='ocrx_word' id='word_1_16' title='bbox 1257 221 1370 263; x_wconf 88' lang='lat' dir='ltr'>enim</span> <span class='ocrx_word' id='word_1_17' title='bbox 1408 235 1500 263; x_wconf 86' lang='lat' dir='ltr'>esse</span> 
     </span>
     <span class='ocr_line' id='line_1_6' title="bbox 159 279 1498 336; baseline -0.001 -14"><span class='ocrx_word' id='word_1_18' title='bbox 159 282 229 324; x_wconf 86' lang='lat' dir='ltr'>hic</span> <span class='ocrx_word' id='word_1_19' title='bbox 266 280 311 323; x_wconf 90' lang='lat' dir='ltr'>in</span> <span class='ocrx_word' id='word_1_20' title='bbox 351 284 502 323; x_wconf 91' lang='lat' dir='ltr'>senatu</span> <span class='ocrx_word' id='word_1_21' title='bbox 539 281 764 336; x_wconf 85' lang='lat' dir='ltr'>quosdam,</span> <span class='ocrx_word' id='word_1_22' title='bbox 804 280 876 334; x_wconf 92' lang='lat' dir='ltr'>qui</span> <span class='ocrx_word' id='word_1_23' title='bbox 912 282 1053 322; x_wconf 89' lang='lat' dir='ltr'>tecum</span> <span class='ocrx_word' id='word_1_24' title='bbox 1091 294 1176 321; x_wconf 86' lang='lat' dir='ltr'>una</span> <span class='ocrx_word' id='word_1_25' title='bbox 1214 280 1397 322; x_wconf 86' lang='lat' dir='ltr'>fuerunt.</span> <span class='ocrx_word' id='word_1_26' title='bbox 1463 279 1498 321; x_wconf 91' lang='grc' dir='ltr'><strong>Ο</strong></span> 
     </span>
     <span class='ocr_line' id='line_1_7' title="bbox 163 338 1500 394; baseline -0.001 -13"><span class='ocrx_word' id='word_1_27' title='bbox 163 341 205 381; x_wconf 84' lang='grc'>(11</span> <span class='ocrx_word' id='word_1_28' title='bbox 242 341 513 382; x_wconf 85' lang='lat' dir='ltr'>inmortales!</span> <span class='ocrx_word' id='word_1_29' title='bbox 550 340 725 381; x_wconf 83' lang='lat' dir='ltr'>ubinam</span> <span class='ocrx_word' id='word_1_30' title='bbox 765 339 957 394; x_wconf 83' lang='lat' dir='ltr'>gentium</span> <span class='ocrx_word' id='word_1_31' title='bbox 990 339 1166 380; x_wconf 85' lang='lat' dir='ltr'>sumus?</span> <span class='ocrx_word' id='word_1_32' title='bbox 1204 338 1249 380; x_wconf 91' lang='lat' dir='ltr'>in</span> <span class='ocrx_word' id='word_1_33' title='bbox 1281 354 1365 393; x_wconf 87' lang='lat' dir='ltr'>qua</span> <span class='ocrx_word' id='word_1_34' title='bbox 1394 338 1500 380; x_wconf 89' lang='lat' dir='ltr'>urbe</span> 
     </span>
     <span class='ocr_line' id='line_1_8' title="bbox 160 397 1500 453; baseline -0.001 -13"><span class='ocrx_word' id='word_1_35' title='bbox 160 399 374 440; x_wconf 80' lang='lat' dir='ltr'>vivimus?</span> <span class='ocrx_word' id='word_1_36' title='bbox 402 413 528 453; x_wconf 87' lang='lat' dir='ltr'>quam</span> <span class='ocrx_word' id='word_1_37' title='bbox 549 413 644 439; x_wconf 89' lang='lat' dir='ltr'>-rem</span> <span class='ocrx_word' id='word_1_38' title='bbox 663 398 879 452; x_wconf 79' lang='lat' dir='ltr'>publicam</span> <span class='ocrx_word' id='word_1_39' title='bbox 898 397 1136 438; x_wconf 79' lang='lat' dir='ltr'>habemus?</span> <span class='ocrx_word' id='word_1_40' title='bbox 1192 397 1286 451; x_wconf 89' lang='lat' dir='ltr'>Hic,</span> <span class='ocrx_word' id='word_1_41' title='bbox 1310 397 1380 439; x_wconf 88' lang='lat' dir='ltr'>hic</span> <span class='ocrx_word' id='word_1_42' title='bbox 1400 400 1500 439; x_wconf 85' lang='lat' dir='ltr'>sunt</span> 
     </span>
     <span class='ocr_line' id='line_1_9' title="bbox 159 456 1535 512; baseline -0.003 -14"><span class='ocrx_word' id='word_1_43' title='bbox 159 458 206 498; x_wconf 86' lang='lat' dir='ltr'>in</span> <span class='ocrx_word' id='word_1_44' title='bbox 231 460 380 499; x_wconf 90' lang='lat' dir='ltr'>nostro</span> <span class='ocrx_word' id='word_1_45' title='bbox 407 472 597 510; x_wconf 85' lang='lat' dir='ltr'>numero,</span> <span class='ocrx_word' id='word_1_46' title='bbox 622 459 765 512; x_wconf 84' lang='lat' dir='ltr'>patres</span> <span class='ocrx_word' id='word_1_47' title='bbox 792 456 1033 510; x_wconf 75' lang='lat' dir='ltr'>conscripti,</span> <span class='ocrx_word' id='word_1_48' title='bbox 1058 456 1103 497; x_wconf 91' lang='lat' dir='ltr'>in</span> <span class='ocrx_word' id='word_1_49' title='bbox 1122 456 1204 497; x_wconf 89' lang='lat' dir='ltr'>hoc</span> <span class='ocrx_word' id='word_1_50' title='bbox 1225 456 1340 498; x_wconf 90' lang='lat' dir='ltr'>orbis</span> <span class='ocrx_word' id='word_1_51' title='bbox 1359 459 1499 497; x_wconf 86' lang='lat' dir='ltr'>terrae</span> <span class='ocrx_word' id='word_1_52' title='bbox 1517 467 1535 494; x_wconf 89' lang='lat'><strong>5</strong></span> 
     </span>
     <span class='ocr_line' id='line_1_10' title="bbox 161 515 1499 571; baseline -0.001 -14"><span class='ocrx_word' id='word_1_53' title='bbox 161 516 432 558; x_wconf 87' lang='lat' dir='ltr'>sanctissimo</span> <span class='ocrx_word' id='word_1_54' title='bbox 467 516 808 571; x_wconf 86' lang='lat' dir='ltr'>gravissimoque</span> <span class='ocrx_word' id='word_1_55' title='bbox 841 515 1030 568; x_wconf 88' lang='lat' dir='ltr'>consilio,</span> <span class='ocrx_word' id='word_1_56' title='bbox 1063 515 1134 568; x_wconf 90' lang='lat' dir='ltr'>qui</span> <span class='ocrx_word' id='word_1_57' title='bbox 1161 515 1211 556; x_wconf 88' lang='lat' dir='ltr'>de</span> <span class='ocrx_word' id='word_1_58' title='bbox 1236 518 1385 556; x_wconf 90' lang='lat' dir='ltr'>nostro</span> <span class='ocrx_word' id='word_1_59' title='bbox 1412 529 1499 556; x_wconf 92' lang='lat' dir='ltr'>om-</span> 
     </span>
     <span class='ocr_line' id='line_1_11' title="bbox 160 573 1500 628; baseline -0.001 -12"><span class='ocrx_word' id='word_1_60' title='bbox 160 575 278 616; x_wconf 88' lang='lat' dir='ltr'>nium</span> <span class='ocrx_word' id='word_1_61' title='bbox 309 575 498 628; x_wconf 86' lang='lat' dir='ltr'>interitu,</span> <span class='ocrx_word' id='word_1_62' title='bbox 532 574 603 628; x_wconf 88' lang='lat' dir='ltr'>qui</span> <span class='ocrx_word' id='word_1_63' title='bbox 636 574 685 615; x_wconf 90' lang='lat' dir='ltr'>de</span> <span class='ocrx_word' id='word_1_64' title='bbox 718 574 843 615; x_wconf 87' lang='lat' dir='ltr'>huius</span> <span class='ocrx_word' id='word_1_65' title='bbox 876 574 994 615; x_wconf 89' lang='lat' dir='ltr'>urbis</span> <span class='ocrx_word' id='word_1_66' title='bbox 1022 576 1148 628; x_wconf 88' lang='lat' dir='ltr'>atque</span> <span class='ocrx_word' id='word_1_67' title='bbox 1175 574 1278 615; x_wconf 89' lang='lat' dir='ltr'>adeo</span> <span class='ocrx_word' id='word_1_68' title='bbox 1307 573 1357 615; x_wconf 90' lang='lat' dir='ltr'>de</span> <span class='ocrx_word' id='word_1_69' title='bbox 1383 573 1500 615; x_wconf 89' lang='lat' dir='ltr'>orbis</span> 
     </span>
     <span class='ocr_line' id='line_1_12' title="bbox 159 631 1499 687; baseline -0.001 -13"><span class='ocrx_word' id='word_1_70' title='bbox 159 636 369 674; x_wconf 89' lang='lat' dir='ltr'>terrarum</span> <span class='ocrx_word' id='word_1_71' title='bbox 401 633 531 675; x_wconf 79' lang='lat' dir='ltr'>exitio</span> <span class='ocrx_word' id='word_1_72' title='bbox 564 633 774 687; x_wconf 88' lang='lat' dir='ltr'>cogitent!</span> <span class='ocrx_word' id='word_1_73' title='bbox 820 631 912 673; x_wconf 92' lang='lat' dir='ltr'>Hos</span> <span class='ocrx_word' id='word_1_74' title='bbox 946 646 1024 687; x_wconf 90' lang='lat' dir='ltr'>ego</span> <span class='ocrx_word' id='word_1_75' title='bbox 1056 632 1178 674; x_wconf 89' lang='lat' dir='ltr'>video</span> <span class='ocrx_word' id='word_1_76' title='bbox 1206 632 1354 674; x_wconf 91' lang='lat' dir='ltr'>consul</span> <span class='ocrx_word' id='word_1_77' title='bbox 1381 635 1423 673; x_wconf 92' lang='lat' dir='ltr'>et</span> <span class='ocrx_word' id='word_1_78' title='bbox 1449 632 1499 673; x_wconf 87' lang='lat' dir='ltr'>de</span> 
     </span>
     <span class='ocr_line' id='line_1_13' title="bbox 159 690 1501 746; baseline -0.001 -13"><span class='ocrx_word' id='word_1_79' title='bbox 159 706 203 733; x_wconf 88' lang='lat' dir='ltr'>re</span> <span class='ocrx_word' id='word_1_80' title='bbox 242 692 412 746; x_wconf 89' lang='lat' dir='ltr'>publica</span> <span class='ocrx_word' id='word_1_81' title='bbox 450 691 709 733; x_wconf 67' lang='lat' dir='ltr'>sententiam</span> <span class='ocrx_word' id='word_1_82' title='bbox 746 705 852 746; x_wconf 91' lang='lat' dir='ltr'>rogo</span> <span class='ocrx_word' id='word_1_83' title='bbox 892 693 952 744; x_wconf 88' lang='lat' dir='ltr'>et,</span> <span class='ocrx_word' id='word_1_84' title='bbox 1000 705 1105 745; x_wconf 88' lang='lat' dir='ltr'>quos</span> <span class='ocrx_word' id='word_1_85' title='bbox 1143 690 1258 732; x_wconf 86' lang='lat' dir='ltr'>ferro</span> <span class='ocrx_word' id='word_1_86' title='bbox 1296 690 1501 733; x_wconf 89' lang='lat' dir='ltr'>trucidari</span> 
     </span>
     <span class='ocr_line' id='line_1_14' title="bbox 159 749 1550 805; baseline -0.001 -13"><span class='ocrx_word' id='word_1_87' title='bbox 159 751 401 805; x_wconf 79' lang='lat' dir='ltr'>oportebat,</span> <span class='ocrx_word' id='word_1_88' title='bbox 446 765 516 792; x_wconf 89' lang='lat' dir='ltr'>eos</span> <span class='ocrx_word' id='word_1_89' title='bbox 560 750 750 791; x_wconf 89' lang='lat' dir='ltr'>nondum</span> <span class='ocrx_word' id='word_1_90' title='bbox 787 764 889 791; x_wconf 92' lang='lat' dir='ltr'>voce</span> <span class='ocrx_word' id='word_1_91' title='bbox 928 750 1120 790; x_wconf 81' lang='lat' dir='ltr'>voluero!</span> <span class='ocrx_word' id='word_1_92' title='bbox 1185 749 1324 791; x_wconf 85' lang='lat' dir='ltr'>Fuisti</span> <span class='ocrx_word' id='word_1_93' title='bbox 1361 749 1496 805; x_wconf 88' lang='lat' dir='ltr'>igitur</span> <span class='ocrx_word' id='word_1_94' title='bbox 1516 761 1550 786; x_wconf 85' lang='lat'>1⁰</span> 
     </span>
     <span class='ocr_line' id='line_1_15' title="bbox 160 807 1491 863; baseline -0.001 -13"><span class='ocrx_word' id='word_1_95' title='bbox 160 809 271 863; x_wconf 86' lang='lat' dir='ltr'>apud</span> <span class='ocrx_word' id='word_1_96' title='bbox 302 809 484 851; x_wconf 82' lang='lat' dir='ltr'>Laecam</span> <span class='ocrx_word' id='word_1_97' title='bbox 521 809 599 851; x_wconf 88' lang='lat' dir='ltr'>illa</span> <span class='ocrx_word' id='word_1_98' title='bbox 628 813 770 861; x_wconf 87' lang='lat' dir='ltr'>nocte,</span> <span class='ocrx_word' id='word_1_99' title='bbox 808 807 1013 862; x_wconf 81' lang='lat' dir='ltr'>Catilina,</span> <span class='ocrx_word' id='word_1_100' title='bbox 1054 808 1314 850; x_wconf 83' lang='lat' dir='ltr'>distribuisti</span> <span class='ocrx_word' id='word_1_101' title='bbox 1344 810 1491 863; x_wconf 87' lang='lat' dir='ltr'>partes</span> 
     </span>
     <span class='ocr_line' id='line_1_16' title="bbox 157 866 1493 922; baseline 0 -14"><span class='ocrx_word' id='word_1_102' title='bbox 157 867 328 922; x_wconf 87' lang='lat' dir='ltr'>Italiae,</span> <span class='ocrx_word' id='word_1_103' title='bbox 360 868 565 920; x_wconf 85' lang='lat' dir='ltr'>statuisti,</span> <span class='ocrx_word' id='word_1_104' title='bbox 600 882 682 922; x_wconf 91' lang='lat' dir='ltr'>quo</span> <span class='ocrx_word' id='word_1_105' title='bbox 716 881 924 921; x_wconf 88' lang='lat' dir='ltr'>quemque</span> <span class='ocrx_word' id='word_1_106' title='bbox 956 866 1167 921; x_wconf 88' lang='lat' dir='ltr'>proficisci</span> <span class='ocrx_word' id='word_1_107' title='bbox 1193 868 1392 921; x_wconf 83' lang='lat' dir='ltr'>placeret,</span> <span class='ocrx_word' id='word_1_108' title='bbox 1424 866 1493 908; x_wconf 90' lang='lat' dir='ltr'>de·</span> 
     </span>
     <span class='ocr_line' id='line_1_17' title="bbox 158 925 1495 981; baseline -0.001 -14"><span class='ocrx_word' id='word_1_109' title='bbox 158 927 317 981; x_wconf 75' lang='lat' dir='ltr'>legisti,</span> <span class='ocrx_word' id='word_1_110' title='bbox 347 941 454 981; x_wconf 87' lang='lat' dir='ltr'>quos</span> <span class='ocrx_word' id='word_1_111' title='bbox 486 926 647 967; x_wconf 84' lang='lat' dir='ltr'>Romae</span> <span class='ocrx_word' id='word_1_112' title='bbox 679 926 952 980; x_wconf 85' lang='lat' dir='ltr'>relinqueres,</span> <span class='ocrx_word' id='word_1_113' title='bbox 985 939 1090 979; x_wconf 88' lang='lat' dir='ltr'>quos</span> <span class='ocrx_word' id='word_1_114' title='bbox 1116 928 1257 967; x_wconf 88' lang='lat' dir='ltr'>tecum</span> <span class='ocrx_word' id='word_1_115' title='bbox 1284 925 1495 980; x_wconf 86' lang='lat' dir='ltr'>educeres,</span> 
     </span>
     <span class='ocr_line' id='line_1_18' title="bbox 159 984 1494 1039; baseline -0.001 -13"><span class='ocrx_word' id='word_1_116' title='bbox 159 985 413 1039; x_wconf 83' lang='lat' dir='ltr'>discripsisti</span> <span class='ocrx_word' id='word_1_117' title='bbox 453 985 571 1026; x_wconf 89' lang='lat' dir='ltr'>urbis</span> <span class='ocrx_word' id='word_1_118' title='bbox 614 987 758 1039; x_wconf 86' lang='lat' dir='ltr'>partes</span> <span class='ocrx_word' id='word_1_119' title='bbox 797 984 850 1025; x_wconf 87' lang='lat' dir='ltr'>ad</span> <span class='ocrx_word' id='word_1_120' title='bbox 887 984 1098 1037; x_wconf 85' lang='lat' dir='ltr'>incendia,</span> <span class='ocrx_word' id='word_1_121' title='bbox 1145 984 1411 1026; x_wconf 87' lang='lat' dir='ltr'>confirmasti</span> <span class='ocrx_word' id='word_1_122' title='bbox 1450 986 1494 1025; x_wconf 88' lang='lat' dir='ltr'>te</span> 
     </span>
     <span class='ocr_line' id='line_1_19' title="bbox 158 1042 1588 1097; baseline 0 -13"><span class='ocrx_word' id='word_1_123' title='bbox 158 1044 299 1097; x_wconf 89' lang='lat' dir='ltr'>ipsum</span> <span class='ocrx_word' id='word_1_124' title='bbox 343 1044 430 1085; x_wconf 91' lang='lat' dir='ltr'>iam</span> <span class='ocrx_word' id='word_1_125' title='bbox 474 1058 565 1084; x_wconf 90' lang='lat' dir='ltr'>esse</span> <span class='ocrx_word' id='word_1_126' title='bbox 610 1043 841 1096; x_wconf 81' lang='lat' dir='ltr'>exiturum,</span> <span class='ocrx_word' id='word_1_127' title='bbox 885 1042 1029 1083; x_wconf 85' lang='lat' dir='ltr'>dixisti</span> <span class='ocrx_word' id='word_1_128' title='bbox 1067 1043 1242 1096; x_wconf 88' lang='lat' dir='ltr'>paulum</span> <span class='ocrx_word' id='word_1_129' title='bbox 1284 1043 1366 1084; x_wconf 89' lang='lat' dir='ltr'>tibi</span> <span class='ocrx_word' id='word_1_130' title='bbox 1404 1056 1495 1084; x_wconf 87' lang='lat' dir='ltr'>esse</span> <span class='ocrx_word' id='word_1_131' title='bbox 1516 1052 1551 1078; x_wconf 87' lang='lat'>15</span> <span class='ocrx_word' id='word_1_132' title='bbox 1584 1059 1588 1062; x_wconf 76' lang='grc'><strong>’</strong></span> 
     </span>
     <span class='ocr_line' id='line_1_20' title="bbox 160 1101 1497 1156; baseline -0.001 -13"><span class='ocrx_word' id='word_1_133' title='bbox 160 1102 289 1143; x_wconf 89' lang='lat' dir='ltr'>etiam</span> <span class='ocrx_word' id='word_1_134' title='bbox 327 1117 438 1143; x_wconf 89' lang='lat' dir='ltr'>nunc</span> <span class='ocrx_word' id='word_1_135' title='bbox 470 1115 634 1154; x_wconf 84' lang='lat' dir='ltr'>morae,</span> <span class='ocrx_word' id='word_1_136' title='bbox 673 1101 786 1156; x_wconf 86' lang='lat' dir='ltr'>quod</span> <span class='ocrx_word' id='word_1_137' title='bbox 818 1115 897 1156; x_wconf 91' lang='lat' dir='ltr'>ego</span> <span class='ocrx_word' id='word_1_138' title='bbox 930 1102 1127 1143; x_wconf 83' lang='lat' dir='ltr'>viverem.</span> <span class='ocrx_word' id='word_1_139' title='bbox 1188 1101 1365 1156; x_wconf 86' lang='lat' dir='ltr'>Reperti</span> <span class='ocrx_word' id='word_1_140' title='bbox 1397 1103 1497 1142; x_wconf 86' lang='lat' dir='ltr'>sunt</span> 
     </span>
     <span class='ocr_line' id='line_1_21' title="bbox 161 1159 1503 1214; baseline -0.001 -13"><span class='ocrx_word' id='word_1_141' title='bbox 161 1161 241 1201; x_wconf 87' lang='lat' dir='ltr'>duo</span> <span class='ocrx_word' id='word_1_142' title='bbox 286 1161 448 1214; x_wconf 83' lang='lat' dir='ltr'>equites</span> <span class='ocrx_word' id='word_1_143' title='bbox 486 1160 687 1213; x_wconf 83' lang='lat' dir='ltr'>Romani,</span> <span class='ocrx_word' id='word_1_144' title='bbox 730 1160 802 1214; x_wconf 89' lang='lat' dir='ltr'>qui</span> <span class='ocrx_word' id='word_1_145' title='bbox 845 1163 888 1201; x_wconf 88' lang='lat' dir='ltr'>te</span> <span class='ocrx_word' id='word_1_146' title='bbox 926 1159 1009 1201; x_wconf 87' lang='lat' dir='ltr'>ista</span> <span class='ocrx_word' id='word_1_147' title='bbox 1047 1174 1148 1201; x_wconf 87' lang='lat' dir='ltr'>cura</span> <span class='ocrx_word' id='word_1_148' title='bbox 1185 1160 1419 1201; x_wconf 85' lang='lat' dir='ltr'>liberarent</span> <span class='ocrx_word' id='word_1_149' title='bbox 1460 1162 1503 1201; x_wconf 91' lang='lat' dir='ltr'>et</span> 
     </span>
     <span class='ocr_line' id='line_1_22' title="bbox 161 1218 1501 1273; baseline -0.001 -13"><span class='ocrx_word' id='word_1_150' title='bbox 161 1233 252 1260; x_wconf 88' lang='lat' dir='ltr'>sese</span> <span class='ocrx_word' id='word_1_151' title='bbox 298 1219 376 1260; x_wconf 88' lang='lat' dir='ltr'>illa</span> <span class='ocrx_word' id='word_1_152' title='bbox 418 1219 513 1273; x_wconf 85' lang='lat' dir='ltr'>ipsa</span> <span class='ocrx_word' id='word_1_153' title='bbox 556 1221 682 1260; x_wconf 91' lang='lat' dir='ltr'>nocte</span> <span class='ocrx_word' id='word_1_154' title='bbox 724 1219 853 1272; x_wconf 90' lang='lat' dir='ltr'>paulo</span> <span class='ocrx_word' id='word_1_155' title='bbox 899 1221 998 1259; x_wconf 86' lang='lat' dir='ltr'>ante</span> <span class='ocrx_word' id='word_1_156' title='bbox 1041 1218 1179 1260; x_wconf 87' lang='lat' dir='ltr'>lucem</span> <span class='ocrx_word' id='word_1_157' title='bbox 1221 1233 1287 1259; x_wconf 90' lang='lat' dir='ltr'>me</span> <span class='ocrx_word' id='word_1_158' title='bbox 1325 1218 1369 1259; x_wconf 91' lang='lat' dir='ltr'>in</span> <span class='ocrx_word' id='word_1_159' title='bbox 1407 1232 1501 1259; x_wconf 89' lang='lat' dir='ltr'>meo</span> 
     </span>
     <span class='ocr_line' id='line_1_23' title="bbox 161 1275 1500 1332; baseline -0.001 -14"><span class='ocrx_word' id='word_1_160' title='bbox 161 1278 317 1319; x_wconf 83' lang='lat' dir='ltr'>lectulo</span> <span class='ocrx_word' id='word_1_161' title='bbox 360 1277 661 1319; x_wconf 83' lang='lat' dir='ltr'>interfecturos</span> <span class='ocrx_word' id='word_1_162' title='bbox 707 1278 833 1329; x_wconf 91' lang='lat' dir='ltr'>[esse]</span> <span class='ocrx_word' id='word_1_163' title='bbox 877 1277 1193 1332; x_wconf 85' lang='lat' dir='ltr'>pollicerentur.</span> <span class='ocrx_word' id='word_1_164' title='bbox 1260 1275 1377 1318; x_wconf 89' lang='lat' dir='ltr'>Haec</span> <span class='ocrx_word' id='word_1_165' title='bbox 1420 1290 1500 1332; x_wconf 90' lang='lat' dir='ltr'>ego</span> 
     </span>
     <span class='ocr_line' id='line_1_24' title="bbox 162 1335 1555 1389; baseline -0.001 -12"><span class='ocrx_word' id='word_1_166' title='bbox 162 1336 303 1377; x_wconf 87' lang='lat' dir='ltr'>omnia</span> <span class='ocrx_word' id='word_1_167' title='bbox 342 1336 515 1377; x_wconf 84' lang='lat' dir='ltr'>vixdum</span> <span class='ocrx_word' id='word_1_168' title='bbox 557 1336 687 1377; x_wconf 89' lang='lat' dir='ltr'>etiam</span> <span class='ocrx_word' id='word_1_169' title='bbox 729 1338 852 1377; x_wconf 90' lang='lat' dir='ltr'>coetu</span> <span class='ocrx_word' id='word_1_170' title='bbox 892 1339 1033 1377; x_wconf 86' lang='lat' dir='ltr'>vestro</span> <span class='ocrx_word' id='word_1_171' title='bbox 1075 1335 1250 1376; x_wconf 87' lang='lat' dir='ltr'>dimisso</span> <span class='ocrx_word' id='word_1_172' title='bbox 1295 1335 1555 1389; x_wconf 80' lang='lat' dir='ltr'>comperi320</span> 
     </span>
     <span class='ocr_line' id='line_1_25' title="bbox 161 1393 1500 1449; baseline -0.001 -14"><span class='ocrx_word' id='word_1_173' title='bbox 161 1395 332 1436; x_wconf 89' lang='lat' dir='ltr'>domum</span> <span class='ocrx_word' id='word_1_174' title='bbox 370 1409 509 1435; x_wconf 87' lang='lat' dir='ltr'>meam</span> <span class='ocrx_word' id='word_1_175' title='bbox 547 1394 783 1436; x_wconf 86' lang='lat' dir='ltr'>maioribus</span> <span class='ocrx_word' id='word_1_176' title='bbox 825 1394 1049 1449; x_wconf 84' lang='lat' dir='ltr'>praesidiis</span> <span class='ocrx_word' id='word_1_177' title='bbox 1081 1394 1242 1435; x_wconf 89' lang='lat' dir='ltr'>munivi</span> <span class='ocrx_word' id='word_1_178' title='bbox 1273 1396 1400 1449; x_wconf 89' lang='lat' dir='ltr'>atque</span> <span class='ocrx_word' id='word_1_179' title='bbox 1431 1393 1500 1434; x_wconf 90' lang='lat' dir='ltr'>fir-</span> 
     </span>
     <span class='ocr_line' id='line_1_26' title="bbox 160 1453 1501 1507; baseline -0.001 -13"><span class='ocrx_word' id='word_1_180' title='bbox 160 1454 292 1507; x_wconf 85' lang='lat' dir='ltr'>mavi,</span> <span class='ocrx_word' id='word_1_181' title='bbox 336 1453 496 1494; x_wconf 77' lang='lat' dir='ltr'>exclusi</span> <span class='ocrx_word' id='word_1_182' title='bbox 546 1467 637 1505; x_wconf 88' lang='lat' dir='ltr'>eos,</span> <span class='ocrx_word' id='word_1_183' title='bbox 680 1467 786 1507; x_wconf 91' lang='lat' dir='ltr'>quos</span> <span class='ocrx_word' id='word_1_184' title='bbox 823 1455 871 1494; x_wconf 92' lang='lat' dir='ltr'>tu</span> <span class='ocrx_word' id='word_1_185' title='bbox 909 1453 962 1493; x_wconf 91' lang='lat' dir='ltr'>ad</span> <span class='ocrx_word' id='word_1_186' title='bbox 998 1467 1064 1494; x_wconf 89' lang='lat' dir='ltr'>me</span> <span class='ocrx_word' id='word_1_187' title='bbox 1102 1453 1339 1494; x_wconf 87' lang='lat' dir='ltr'>salutatum</span> <span class='ocrx_word' id='word_1_188' title='bbox 1377 1466 1501 1493; x_wconf 86' lang='lat' dir='ltr'>mane</span> 
     </span>
     <span class='ocr_line' id='line_1_27' title="bbox 161 1511 1500 1566; baseline -0.001 -13"><span class='ocrx_word' id='word_1_189' title='bbox 161 1512 350 1566; x_wconf 89' lang='lat' dir='ltr'>miseras,</span> <span class='ocrx_word' id='word_1_190' title='bbox 384 1526 480 1553; x_wconf 92' lang='lat' dir='ltr'>cum</span> <span class='ocrx_word' id='word_1_191' title='bbox 512 1511 578 1552; x_wconf 91' lang='lat' dir='ltr'>illi</span> <span class='ocrx_word' id='word_1_192' title='bbox 609 1511 693 1566; x_wconf 88' lang='lat' dir='ltr'>ipsi</span> <span class='ocrx_word' id='word_1_193' title='bbox 725 1511 953 1565; x_wconf 84' lang='lat' dir='ltr'>venissent,</span> <span class='ocrx_word' id='word_1_194' title='bbox 986 1525 1091 1565; x_wconf 88' lang='lat' dir='ltr'>quos</span> <span class='ocrx_word' id='word_1_195' title='bbox 1124 1525 1202 1566; x_wconf 89' lang='lat' dir='ltr'>ego</span> <span class='ocrx_word' id='word_1_196' title='bbox 1235 1511 1319 1552; x_wconf 88' lang='lat' dir='ltr'>iam</span> <span class='ocrx_word' id='word_1_197' title='bbox 1348 1511 1500 1552; x_wconf 87' lang='lat' dir='ltr'>multis</span> 
     </span>
     <span class='ocr_line' id='line_1_28' title="bbox 162 1569 1501 1625; baseline -0.001 -14"><span class='ocrx_word' id='word_1_198' title='bbox 162 1585 210 1612; x_wconf 87' lang='lat' dir='ltr'>ac</span> <span class='ocrx_word' id='word_1_199' title='bbox 255 1570 430 1611; x_wconf 87' lang='lat' dir='ltr'>summis</span> <span class='ocrx_word' id='word_1_200' title='bbox 473 1570 576 1611; x_wconf 84' lang='lat' dir='ltr'>viris</span> <span class='ocrx_word' id='word_1_201' title='bbox 621 1569 674 1611; x_wconf 89' lang='lat' dir='ltr'>ad</span> <span class='ocrx_word' id='word_1_202' title='bbox 717 1584 784 1611; x_wconf 88' lang='lat' dir='ltr'>me</span> <span class='ocrx_word' id='word_1_203' title='bbox 827 1570 870 1611; x_wconf 91' lang='lat' dir='ltr'>id</span> <span class='ocrx_word' id='word_1_204' title='bbox 916 1570 1121 1625; x_wconf 88' lang='lat' dir='ltr'>temporis</span> <span class='ocrx_word' id='word_1_205' title='bbox 1163 1572 1365 1611; x_wconf 90' lang='lat' dir='ltr'>venturos</span> <span class='ocrx_word' id='word_1_206' title='bbox 1409 1583 1501 1611; x_wconf 86' lang='lat' dir='ltr'>esse</span> 
     </span>
     <span class='ocr_line' id='line_1_29' title="bbox 161 1629 1554 1683; baseline -0.001 -14"><span class='ocrx_word' id='word_1_207' title='bbox 161 1629 465 1683; x_wconf 82' lang='lat' dir='ltr'>praedixeram.</span> <span class='ocrx_word' id='word_1_208' title='bbox 1520 1637 1554 1664; x_wconf 79' lang='lat'>25</span> 
     </span>
     <span class='ocr_line' id='line_1_30' title="bbox 250 1685 1501 1743; baseline -0.001 -16"><span class='ocrx_word' id='word_1_209' title='bbox 250 1686 365 1734; x_wconf 79' lang='lat' dir='ltr'>Quae</span> <span class='ocrx_word' id='word_1_210' title='bbox 398 1702 493 1728; x_wconf 88' lang='lat' dir='ltr'>cum</span> <span class='ocrx_word' id='word_1_211' title='bbox 525 1687 587 1728; x_wconf 87' lang='lat' dir='ltr'>ita</span> <span class='ocrx_word' id='word_1_212' title='bbox 619 1687 723 1740; x_wconf 88' lang='lat' dir='ltr'>sint,</span> <span class='ocrx_word' id='word_1_213' title='bbox 766 1685 972 1741; x_wconf 82' lang='lat' dir='ltr'>Catilina,</span> <span class='ocrx_word' id='word_1_214' title='bbox 1009 1700 1157 1742; x_wconf 83' lang='lat' dir='ltr'>perge,</span> <span class='ocrx_word' id='word_1_215' title='bbox 1195 1700 1277 1740; x_wconf 89' lang='lat' dir='ltr'>quo</span> <span class='ocrx_word' id='word_1_216' title='bbox 1309 1685 1501 1743; x_wconf 87' lang='lat' dir='ltr'>coepisti,</span> 
     </span>
     <span class='ocr_line' id='line_1_31' title="bbox 162 1744 1500 1801; baseline -0.001 -16"><span class='ocrx_word' id='word_1_217' title='bbox 162 1746 375 1799; x_wconf 75' lang='lat' dir='ltr'>egredere¹</span> <span class='ocrx_word' id='word_1_218' title='bbox 402 1745 630 1799; x_wconf 86' lang='lat' dir='ltr'>aliquando</span> <span class='ocrx_word' id='word_1_219' title='bbox 676 1760 726 1786; x_wconf 85' lang='lat' dir='ltr'>ex</span> <span class='ocrx_word' id='word_1_220' title='bbox 774 1747 898 1795; x_wconf 81' lang='lat' dir='ltr'>urbe3</span> <span class='ocrx_word' id='word_1_221' title='bbox 938 1748 1088 1801; x_wconf 90' lang='lat' dir='ltr'>patent</span> <span class='ocrx_word' id='word_1_222' title='bbox 1124 1749 1292 1800; x_wconf 83' lang='lat' dir='ltr'>portae3</span> <span class='ocrx_word' id='word_1_223' title='bbox 1334 1744 1500 1798; x_wconf 90' lang='lat' dir='ltr'>profici-</span> 
     </span>
     <span class='ocr_line' id='line_1_32' title="bbox 164 1801 1500 1858; baseline 0 -15"><span class='ocrx_word' id='word_1_224' title='bbox 164 1817 291 1844; x_wconf 88' lang='lat' dir='ltr'>scere.</span> <span class='ocrx_word' id='word_1_225' title='bbox 341 1802 533 1844; x_wconf 82' lang='lat' dir='ltr'>Nimium</span> <span class='ocrx_word' id='word_1_226' title='bbox 565 1804 636 1845; x_wconf 92' lang='lat' dir='ltr'>diu</span> <span class='ocrx_word' id='word_1_227' title='bbox 668 1807 711 1845; x_wconf 86' lang='lat' dir='ltr'>te</span> <span class='ocrx_word' id='word_1_228' title='bbox 742 1804 1045 1858; x_wconf 87' lang='lat' dir='ltr'>imperatorem</span> <span class='ocrx_word' id='word_1_229' title='bbox 1076 1807 1151 1844; x_wconf 86' lang='lat' dir='ltr'>tua</span> <span class='ocrx_word' id='word_1_230' title='bbox 1177 1803 1255 1844; x_wconf 86' lang='lat' dir='ltr'>illa</span> <span class='ocrx_word' id='word_1_231' title='bbox 1280 1801 1500 1843; x_wconf 85' lang='lat' dir='ltr'>Manliana</span> 
     </span>
     <span class='ocr_line' id='line_1_33' title="bbox 163 1861 1500 1914; baseline 0 -12"><span class='ocrx_word' id='word_1_232' title='bbox 163 1864 304 1902; x_wconf 86' lang='lat' dir='ltr'>castra</span> <span class='ocrx_word' id='word_1_233' title='bbox 341 1861 593 1910; x_wconf 89' lang='lat' dir='ltr'>desiderant.</span> <span class='ocrx_word' id='word_1_234' title='bbox 655 1862 774 1904; x_wconf 86' lang='lat' dir='ltr'>Educ</span> <span class='ocrx_word' id='word_1_235' title='bbox 805 1867 946 1904; x_wconf 88' lang='lat' dir='ltr'>tecum</span> <span class='ocrx_word' id='word_1_236' title='bbox 979 1863 1110 1903; x_wconf 87' lang='lat' dir='ltr'>etiam</span> <span class='ocrx_word' id='word_1_237' title='bbox 1142 1875 1289 1903; x_wconf 89' lang='lat' dir='ltr'>omnes</span> <span class='ocrx_word' id='word_1_238' title='bbox 1320 1863 1431 1914; x_wconf 83' lang='lat' dir='ltr'>tuos,</span> <span class='ocrx_word' id='word_1_239' title='bbox 1463 1861 1500 1902; x_wconf 88' lang='lat' dir='ltr'>si</span> 
     </span>
     <span class='ocr_line' id='line_1_34' title="bbox 163 1918 1553 1976; baseline -0.001 -16"><span class='ocrx_word' id='word_1_240' title='bbox 163 1919 324 1972; x_wconf 90' lang='lat' dir='ltr'>minus,</span> <span class='ocrx_word' id='word_1_241' title='bbox 369 1934 495 1973; x_wconf 89' lang='lat' dir='ltr'>quam</span> <span class='ocrx_word' id='word_1_242' title='bbox 539 1920 765 1974; x_wconf 69' lang='lat' dir='ltr'>plurimos,</span> <span class='ocrx_word' id='word_1_243' title='bbox 815 1935 953 1976; x_wconf 88' lang='lat' dir='ltr'>purga</span> <span class='ocrx_word' id='word_1_244' title='bbox 996 1920 1154 1961; x_wconf 89' lang='lat' dir='ltr'>urbem.</span> <span class='ocrx_word' id='word_1_245' title='bbox 1227 1918 1387 1974; x_wconf 89' lang='lat' dir='ltr'>Magno</span> <span class='ocrx_word' id='word_1_246' title='bbox 1430 1933 1497 1960; x_wconf 90' lang='lat' dir='ltr'>me</span> <span class='ocrx_word' id='word_1_247' title='bbox 1518 1930 1553 1956; x_wconf 83' lang='lat'>30</span> 
     </span>
     <span class='ocr_line' id='line_1_35' title="bbox 164 1977 1498 2032; baseline 0 -14"><span class='ocrx_word' id='word_1_248' title='bbox 164 1980 281 2019; x_wconf 89' lang='lat' dir='ltr'>metu</span> <span class='ocrx_word' id='word_1_249' title='bbox 318 1977 540 2030; x_wconf 85' lang='lat' dir='ltr'>liberabis,</span> <span class='ocrx_word' id='word_1_250' title='bbox 579 1978 677 2020; x_wconf 89' lang='lat' dir='ltr'>dum</span> <span class='ocrx_word' id='word_1_251' title='bbox 716 1979 841 2020; x_wconf 87' lang='lat' dir='ltr'>modo</span> <span class='ocrx_word' id='word_1_252' title='bbox 873 1979 986 2020; x_wconf 89' lang='lat' dir='ltr'>inter</span> <span class='ocrx_word' id='word_1_253' title='bbox 1016 1992 1082 2019; x_wconf 87' lang='lat' dir='ltr'>me</span> <span class='ocrx_word' id='word_1_254' title='bbox 1114 1980 1244 2032; x_wconf 88' lang='lat' dir='ltr'>atque</span> <span class='ocrx_word' id='word_1_255' title='bbox 1275 1980 1318 2018; x_wconf 88' lang='lat' dir='ltr'>te</span> <span class='ocrx_word' id='word_1_256' title='bbox 1353 1992 1498 2018; x_wconf 88' lang='lat' dir='ltr'>murus</span> 
     </span>
     <span class='ocr_line' id='line_1_36' title="bbox 162 2034 1500 2089; baseline 0.001 -13"><span class='ocrx_word' id='word_1_257' title='bbox 162 2036 342 2077; x_wconf 84' lang='lat' dir='ltr'>intersit.</span> <span class='ocrx_word' id='word_1_258' title='bbox 386 2034 623 2076; x_wconf 85' lang='lat' dir='ltr'>Nobiscum</span> <span class='ocrx_word' id='word_1_259' title='bbox 649 2038 809 2078; x_wconf 87' lang='lat' dir='ltr'>versari</span> <span class='ocrx_word' id='word_1_260' title='bbox 834 2037 920 2079; x_wconf 88' lang='lat' dir='ltr'>iam</span> <span class='ocrx_word' id='word_1_261' title='bbox 946 2037 1106 2078; x_wconf 89' lang='lat' dir='ltr'>diutius</span> <span class='ocrx_word' id='word_1_262' title='bbox 1132 2050 1218 2077; x_wconf 89' lang='lat' dir='ltr'>non</span> <span class='ocrx_word' id='word_1_263' title='bbox 1244 2038 1385 2089; x_wconf 78' lang='lat' dir='ltr'>potes3</span> <span class='ocrx_word' id='word_1_264' title='bbox 1412 2050 1500 2077; x_wconf 90' lang='lat' dir='ltr'>non</span> 
     </span>
     <span class='ocr_line' id='line_1_37' title="bbox 164 2094 1499 2149; baseline 0 -15"><span class='ocrx_word' id='word_1_265' title='bbox 164 2094 318 2148; x_wconf 78' lang='lat' dir='ltr'>feram,</span> <span class='ocrx_word' id='word_1_266' title='bbox 347 2108 434 2135; x_wconf 91' lang='lat' dir='ltr'>non</span> <span class='ocrx_word' id='word_1_267' title='bbox 464 2094 616 2148; x_wconf 87' lang='lat' dir='ltr'>patiar,</span> <span class='ocrx_word' id='word_1_268' title='bbox 647 2109 733 2136; x_wconf 89' lang='lat' dir='ltr'>non</span> <span class='ocrx_word' id='word_1_269' title='bbox 767 2096 916 2138; x_wconf 88' lang='lat' dir='ltr'>sinam.</span> <span class='ocrx_word' id='word_1_270' title='bbox 976 2094 1136 2149; x_wconf 86' lang='lat' dir='ltr'>Magna</span> <span class='ocrx_word' id='word_1_271' title='bbox 1167 2094 1231 2134; x_wconf 90' lang='lat' dir='ltr'>dis</span> <span class='ocrx_word' id='word_1_272' title='bbox 1264 2094 1499 2135; x_wconf 86' lang='lat' dir='ltr'>inmortali-</span> 
     </span>
     <span class='ocr_line' id='line_1_38' title="bbox 162 2151 1498 2207; baseline 0 -14"><span class='ocrx_word' id='word_1_273' title='bbox 162 2153 241 2194; x_wconf 88' lang='lat' dir='ltr'>bus</span> <span class='ocrx_word' id='word_1_274' title='bbox 279 2151 475 2193; x_wconf 79' lang='lat' dir='ltr'>habenda</span> <span class='ocrx_word' id='word_1_275' title='bbox 515 2154 579 2193; x_wconf 89' lang='lat' dir='ltr'>est</span> <span class='ocrx_word' id='word_1_276' title='bbox 617 2155 744 2207; x_wconf 87' lang='lat' dir='ltr'>atque</span> <span class='ocrx_word' id='word_1_277' title='bbox 782 2154 880 2196; x_wconf 89' lang='lat' dir='ltr'>huic</span> <span class='ocrx_word' id='word_1_278' title='bbox 917 2153 1002 2207; x_wconf 91' lang='lat' dir='ltr'>ipsi</span> <span class='ocrx_word' id='word_1_279' title='bbox 1038 2152 1131 2194; x_wconf 91' lang='lat' dir='ltr'>Iovi</span> <span class='ocrx_word' id='word_1_280' title='bbox 1170 2151 1349 2205; x_wconf 81' lang='lat' dir='ltr'>Statori,</span> <span class='ocrx_word' id='word_1_281' title='bbox 1392 2152 1498 2194; x_wconf 85' lang='lat' dir='ltr'>anti-</span> 
     </span>
     <span class='ocr_line' id='line_1_39' title="bbox 165 2210 1551 2266; baseline 0 -15"><span class='ocrx_word' id='word_1_282' title='bbox 165 2211 369 2264; x_wconf 86' lang='lat' dir='ltr'>quissimo</span> <span class='ocrx_word' id='word_1_283' title='bbox 401 2210 568 2252; x_wconf 90' lang='lat' dir='ltr'>custodi</span> <span class='ocrx_word' id='word_1_284' title='bbox 599 2210 724 2252; x_wconf 88' lang='lat' dir='ltr'>huius</span> <span class='ocrx_word' id='word_1_285' title='bbox 757 2212 893 2265; x_wconf 89' lang='lat' dir='ltr'>urbis,</span> <span class='ocrx_word' id='word_1_286' title='bbox 933 2211 1091 2266; x_wconf 83' lang='lat' dir='ltr'>gratia,</span> <span class='ocrx_word' id='word_1_287' title='bbox 1125 2210 1235 2264; x_wconf 90' lang='lat' dir='ltr'>quod</span> <span class='ocrx_word' id='word_1_288' title='bbox 1267 2211 1377 2251; x_wconf 88' lang='lat' dir='ltr'>hanc</span> <span class='ocrx_word' id='word_1_289' title='bbox 1407 2213 1497 2251; x_wconf 87' lang='lat' dir='ltr'>tam</span> <span class='ocrx_word' id='word_1_290' title='bbox 1515 2220 1551 2246; x_wconf 82' lang='lat'>³⁵</span> 
     </span>
     <span class='ocr_line' id='line_1_40' title="bbox 164 2268 1497 2324; baseline -0.001 -14"><span class='ocrx_word' id='word_1_291' title='bbox 164 2271 357 2323; x_wconf 86' lang='lat' dir='ltr'>taetram,</span> <span class='ocrx_word' id='word_1_292' title='bbox 388 2271 478 2310; x_wconf 89' lang='lat' dir='ltr'>tam</span> <span class='ocrx_word' id='word_1_293' title='bbox 509 2268 757 2310; x_wconf 87' lang='lat' dir='ltr'>horribilem</span> <span class='ocrx_word' id='word_1_294' title='bbox 789 2272 962 2324; x_wconf 86' lang='lat' dir='ltr'>tamque</span> <span class='ocrx_word' id='word_1_295' title='bbox 988 2268 1188 2310; x_wconf 86' lang='lat' dir='ltr'>infestam</span> <span class='ocrx_word' id='word_1_296' title='bbox 1215 2268 1277 2310; x_wconf 91' lang='lat' dir='ltr'>rei</span> <span class='ocrx_word' id='word_1_297' title='bbox 1302 2268 1497 2322; x_wconf 87' lang='lat' dir='ltr'>publicae</span> 
     </span>
     <span class='ocr_line' id='line_1_41' title="bbox 163 2326 1498 2383; baseline -0.001 -15"><span class='ocrx_word' id='word_1_298' title='bbox 163 2330 328 2381; x_wconf 85' lang='lat' dir='ltr'>pestem</span> <span class='ocrx_word' id='word_1_299' title='bbox 371 2327 529 2369; x_wconf 84' lang='lat' dir='ltr'>totiens</span> <span class='ocrx_word' id='word_1_300' title='bbox 572 2326 657 2367; x_wconf 88' lang='lat' dir='ltr'>iam</span> <span class='ocrx_word' id='word_1_301' title='bbox 705 2327 942 2383; x_wconf 87' lang='lat' dir='ltr'>effugimus.</span> <span class='ocrx_word' id='word_1_302' title='bbox 1008 2326 1108 2369; x_wconf 88' lang='lat' dir='ltr'>Non</span> <span class='ocrx_word' id='word_1_303' title='bbox 1146 2329 1212 2368; x_wconf 81' lang='lat' dir='ltr'>est</span> <span class='ocrx_word' id='word_1_304' title='bbox 1250 2327 1417 2382; x_wconf 88' lang='lat' dir='ltr'>saepius</span> <span class='ocrx_word' id='word_1_305' title='bbox 1453 2326 1498 2367; x_wconf 89' lang='lat' dir='ltr'>in</span> 
     </span>
    </p>
   </div>
  </div>
 </body>
</html>
