1687 2533
229 66 316 109 406
599 67 692 102 PRO
719 67 758 102 L.
784 66 970 103 FLACCO
999 65 1186 102 ORATIO.

231 164 322 205 sine
349 163 534 219 quinque
559 163 843 218 praetoribus,
869 164 1008 205 tribus
1029 162 1340 218 quaestoribus,
1366 165 1571 218 quattuor

231 222 469 276 mensariis,
502 222 574 277 qui
606 222 719 277 apud
749 221 847 264 illos
881 237 906 263 a
936 222 1096 277 populo
1129 223 1338 263 creantur.
1392 221 1459 263 Ex
1488 221 1570 264 hoc

230 283 354 323 tanto
385 295 563 322 numero
596 280 800 322 deductus
832 283 899 322 est
923 295 1059 334 nemo,
1091 282 1146 335 et,
1178 295 1274 322 011111
1298 280 1421 321 1110111
1445 295 1570 334 pecu-

229 341 347 382 niam
371 339 625 381 nominatim
646 339 797 381 Flacco
825 339 972 381 datam
990 340 1191 393 referant,
1216 339 1420 381 maiorem
1441 339 1570 380 aliam

231 414 327 441 cum
358 399 457 440 huic
488 398 624 439 eidem
657 398 819 453 darent,
849 398 895 440 in
926 398 1072 440 aedem
1107 412 1273 440 sacram
1298 397 1568 440 reficiendam
1587 408 1604 434 ⁵

232 472 276 499 se
308 457 609 512 perscripsisse
641 456 799 511 dicunt,
830 457 942 512 quod
974 457 1150 498 minime
1182 456 1395 498 convenit.
1455 455 1570 498 Nam

232 519 307 558 aut
333 517 476 557 omnia
502 515 666 557 occulte
693 516 916 557 referenda
940 516 1114 557 fuerunt
1139 518 1215 557 aut
1241 517 1389 570 aperte
1415 515 1569 557 omnia.

233 575 340 617 Cum
366 574 636 628 perscribunt
660 573 813 616 Flacco
839 574 1105 628 nominatim,
1136 574 1245 615 nihil
1271 574 1438 629 timent,
1462 574 1570 616 nihil

230 636 448 687 verentur-3
486 648 581 674 cum
621 634 738 688 operi
775 634 948 688 publico
985 632 1195 687 referunt,
1233 633 1345 674 idem
1375 633 1570 674 homines

231 693 373 735 subito
400 692 591 746 eundem,
624 707 748 747 quem
775 694 1133 747 contempserant,
1164 691 1482 745 pertimescunt.
1524 689 1570 733 Si
1589 703 1622 728 1⁰

230 754 406 806 praetor
437 751 564 801 dedit,
595 753 644 792 ut
676 753 741 792 est
773 751 990 805 scriptum,
1018 765 1042 792 a
1067 753 1293 804 quaestore
1317 750 1570 804 numeravit,

232 814 434 865 quaestor
467 825 491 851 a
523 824 671 851 mensa
701 810 883 864 publica,
915 823 1062 851 mensa
1091 812 1166 850 aut
1191 823 1242 850 ex
1267 808 1471 875 vectigali
1497 783 1571 850 0111

232 885 282 911 ex
313 870 490 910 tiibuto.
551 867 798 923 Numquam
830 870 912 910 erit
941 869 1052 909 istuc
1084 868 1222 909 simile
1254 867 1455 921 miminis,
1485 867 1571 909 nisi

230 929 341 969 hanc
366 928 472 968 mihi
497 930 637 968 totam
663 927 873 969 lationem
901 926 1017 968 omni
1042 928 1084 967 et
1109 941 1388 981 peimsonaium
1415 940 1570 982 genere

233 990 275 1028 et
307 987 551 1027 litterarum
584 986 821 1039 explicaris.
1588 996 1623 1021 15

161 1052 205 1083 45
321 1045 401 1086 Vel
435 1044 548 1099 quod
580 1046 646 1085 est
678 1045 721 1084 in
753 1044 900 1086 eodem
927 1044 1095 1086 decreto
1123 1045 1344 1098 scriptum,
1376 1043 1570 1085 homines

233 1104 495 1147 clarissimos
534 1102 721 1144 civitatis
761 1103 1038 1159 amplissimis
1075 1117 1177 1144 usos
1215 1102 1450 1144 honoribus
1490 1102 1571 1144 hoc

232 1165 430 1217 praetore
463 1162 788 1215 circumventos,
820 1176 894 1204 cur
924 1162 970 1202 hi
1001 1176 1136 1216 neque
1161 1162 1205 1202 in
1230 1161 1387 1202 iudicio
1415 1160 1571 1202 adsunt

231 1236 367 1276 neque
399 1221 444 1261 in
476 1220 643 1262 decreto
675 1221 981 1262 nominantur?
1026 1219 1124 1261 Non
1149 1219 1261 1261 enim
1287 1219 1411 1261 credo
1438 1219 1571 1274 signi-

232 1281 349 1322 ficari
376 1279 461 1320 isto
482 1279 577 1320 loco
598 1279 734 1333 illum,
761 1279 833 1333 qui
854 1293 898 1321 se
919 1279 1060 1334 erigit,
1084 1277 1369 1319 Heraclidam.
1412 1276 1570 1319 Utrum
1590 1289 1624 1313 20

232 1340 346 1380 enim
379 1341 444 1379 est
469 1338 514 1379 in
539 1337 788 1379 clarissimis
821 1339 984 1380 civibus
1010 1338 1060 1391 is,
1093 1351 1217 1391 quem
1242 1336 1477 1378 iudicatum
1501 1336 1571 1377 hic

233 1399 353 1439 duxit
384 1396 666 1452 Hermippus,
704 1397 776 1452 qui
816 1397 926 1438 hanc
957 1398 1097 1450 ipsam
1127 1395 1404 1450 legationem,
1442 1410 1570 1449 quam

231 1457 380 1510 habet,
420 1470 507 1497 non
545 1456 708 1510 accepit
747 1470 772 1497 a
811 1456 897 1497 suis
930 1456 1110 1508 civibus,
1148 1454 1220 1496 sed
1250 1468 1383 1508 usque
1415 1453 1568 1495 Tmolo

231 1516 403 1570 petivit,
441 1515 508 1556 cui
544 1514 687 1555 nullus
724 1514 860 1556 honos
898 1515 943 1555 in
982 1528 1060 1555 sua
1091 1513 1264 1554 civitate
1295 1512 1470 1554 habitus
1503 1515 1570 1553 est

232 1588 454 1628 umquam,
492 1587 560 1614 res
601 1575 745 1614 autem
784 1588 850 1627 ea,
887 1587 994 1627 quae
1031 1571 1297 1614 tenuissimis
1329 1571 1566 1613 committe·
1585 1581 1618 1607 25

232 1633 380 1686 batur,
417 1632 514 1673 111110
551 1646 636 1672 11110
674 1632 719 1672 111
749 1633 845 1673 vita
876 1631 1105 1673 commissa
1136 1630 1229 1671 sola
1259 1629 1353 1671 est?
1415 1628 1569 1671 Custos

233 1691 281 1731 T.
314 1690 483 1731 Aufidio
520 1693 718 1745 praetore
755 1692 800 1731 in
835 1689 1051 1731 frumento
1083 1689 1255 1744 publico
1288 1690 1354 1730 001
1382 1688 1568 1742 Ρο011110;

231 1764 310 1803 pro
355 1763 437 1803 quo
475 1763 570 1790 cum
610 1764 634 1790 a
671 1748 716 1792 P.
740 1748 919 1790 Varinio
957 1750 1156 1803 praetore
1193 1746 1417 1802 pecuniam
1455 1760 1568 1788 acce-

233 1808 381 1862 pisset,
414 1807 570 1848 celavit
602 1821 700 1849 suos
733 1808 837 1849 civis
863 1808 1062 1861 ultroque
1087 1807 1139 1847 iis
1166 1807 1384 1858 sumptum
1409 1804 1568 1846 intulit.

235 1865 357 1914 Quod
386 1868 670 1920 posteaquam
695 1866 846 1907 Temni
877 1866 1034 1907 litteris
1066 1879 1092 1906 a
1115 1863 1295 1905 Varinio
1327 1863 1471 1904 missis
1503 1877 1565 1904 co·
1588 1873 1623 1898 3⁰

234 1926 403 1979 gnitum
446 1926 573 1978 atque
610 1925 872 1978 patefactum
910 1927 994 1978 est,
1038 1936 1215 1977 cumque
1253 1921 1400 1962 eadem
1437 1921 1488 1962 de
1524 1935 1570 1962 re

234 1982 308 2025 Cn.
339 1982 566 2036 Lentulus,
605 1984 676 2036 qui
709 1997 858 2025 censor
888 1982 988 2036 fuit,
1024 1981 1319 2022 Temnitarum
1349 1982 1568 2034 patronus,

233 2042 401 2083 litteras
428 2041 628 2094 misisset,
654 2041 926 2083 Heraclidam
951 2041 1082 2082 istum
1102 2038 1254 2080 Temni
1273 2042 1425 2093 postea
1443 2051 1568 2079 nemo

161 2110 206 2141 46
232 2100 351 2142 vidit.
399 2099 543 2154 Atque
574 2101 622 2140 111
654 2101 744 2141 01110
775 2099 1084 2155 impudentiam
1114 2097 1356 2152 perspicere
1379 2097 1569 2150 possitis,

233 2173 406 2200 causam
449 2159 605 2212 ipsam,
650 2172 758 2212 quae
802 2158 1021 2199 levissumi
1064 2156 1250 2197 hominis
1295 2155 1486 2196 animum
1522 2155 1619 2195 11135

162 2217 218 2258 20
231 2217 430 2259 Flaccum
467 2216 680 2268 incitavit,
719 2231 896 2270 quaeso,
935 2215 1192 2270 cognoscite.
1257 2212 1452 2255 Fundum
1489 2211 1568 2266 Cy-

233 2290 401 2317 maeum
442 2275 603 2317 Romae
649 2277 861 2315 mercatus
906 2277 972 2315 001
1016 2273 1067 2314 (10
1109 2272 1275 2327 pupillo
1316 2270 1567 2313 Meculonio.
