1687 2533
216 94 302 135 418
592 93 685 128 PRO
712 93 750 127 L.
778 92 962 129 FLACCO
991 92 1186 129 ORATIO.

216 194 265 233 tu
293 191 511 244 afferebas,
531 189 875 243 repudiaverunt.
908 189 954 230 P.
977 189 1145 242 Orbius,
1165 189 1295 232 homo
1317 192 1359 231 et
1379 191 1566 246 prudens

147 251 203 292 32
219 253 261 291 et
291 250 510 303 innocens,
542 253 692 290 contra
723 251 766 289 te
799 249 945 289 omnia
983 248 1181 289 decrevit.
1232 249 1359 304 Apud
1391 249 1436 290 Ρ.
1465 249 1566 291 Glo-

218 310 382 362 bulum,
416 322 557 349 meum
589 307 900 361 necessarium,
931 306 1054 348 fuisti
1087 307 1330 362 gratiosior.
1387 308 1567 350 Utinam

147 378 233 425 (32)
247 382 384 422 neque
415 367 557 421 ipsum
588 381 725 420 neque
758 380 825 406 me
857 366 1113 419 paeniteret!
1175 365 1378 408 Flaccum
1410 367 1566 409 iniuria

148 439 190 471 77
219 427 457 468 decrevisse
477 426 521 465 111
542 427 618 465 tua
638 439 683 465 re
704 424 827 478 dieis3
849 425 1047 480 adiungis
1063 439 1213 466 causas
1228 425 1565 481 inimicitiarum,
1584 442 1601 469 5

219 485 332 541 quod
356 484 472 540 patri
501 482 548 525 L.
576 483 718 526 Flacci
751 483 876 525 aedili
911 484 1048 524 curuli
1079 486 1203 538 pater
1234 487 1333 526 tuus
1366 485 1566 526 tribunus

217 544 355 600 plebis
402 543 513 584 diem
552 542 717 584 dixerit.
780 542 840 583 At
876 542 991 584 istud
1028 557 1081 584 ne
1120 543 1203 596 ipsi
1245 543 1415 598 quidem
1452 545 1568 599 patri

217 603 360 645 Flacci
403 602 527 643 valde
565 601 796 643 molestum
835 616 926 642 6336
965 601 1129 656 debuit,
1175 603 1432 656 praesertim
1470 618 1567 645 cum

218 663 311 716 ille,
350 661 417 703 cui
457 661 545 701 dies
580 660 695 701 dicta
733 664 816 713 est,
853 663 1029 715 praetor
1067 664 1219 715 postea
1254 661 1395 703 factus
1435 662 1493 703 sit
1524 665 1568 703 et

219 721 388 775 consul,
425 720 516 774 ille,
549 719 622 774 qui
655 719 766 759 diem
800 719 923 774 dixit,
954 734 1042 760 non
1073 720 1263 774 potuerit
1294 720 1490 776 privatus
1522 721 1567 762 in
1587 738 1621 763 ιο

220 781 396 822 civitate
429 778 676 820 consistere.
740 776 822 819 Sed
853 778 891 820 si
921 779 1056 819 iustas
1089 778 1338 820 inimicitias
1370 780 1568 834 putabas,

220 854 305 891 cur,
331 853 427 880 cum
447 838 646 879 tribunus
667 837 854 878 militum
874 837 1051 879 Flaccus
1073 840 1198 891 esset,
1223 838 1269 879 in
1289 838 1377 879 eius
1398 839 1568 894 legione

220 898 344 939 miles
383 896 524 951 fuisti,
563 911 659 937 cum
699 896 815 948 [tibi]
855 910 932 951 per
970 897 1087 951 leges
1130 897 1340 938 militares
1381 898 1568 953 effugere

219 957 369 998 liceret
412 955 687 1009 iniquitatem
731 955 924 996 tribuni?
995 956 1079 996 Cur
1118 959 1263 997 autem
1301 959 1476 1010 praetor
1511 959 1569 1011 te,

219 1015 441 1057 inimicum
490 1016 739 1069 paternum.
798 1014 842 1054 in
891 1014 1120 1055 consilium
1169 1015 1370 1056 vocavit?
1451 1015 1568 1064 Quae
1589 1031 1622 1058 15

222 1075 394 1130 quidem
421 1088 549 1128 quam
577 1076 725 1113 sancte
753 1072 882 1113 solita
903 1072 990 1113 sint
1010 1073 1242 1128 observari,
1269 1074 1388 1115 scitis
1410 1089 1570 1116 omnes.

150 1145 194 1176 78
220 1134 346 1175 Nunc
377 1146 627 1173 accusamur
660 1131 713 1172 ab
744 1131 809 1183 iis,
842 1131 913 1185 qui
944 1131 987 1173 in
1021 1132 1200 1174 consilio
1231 1133 1357 1174 nobis
1383 1133 1570 1175 fuerunt.

150 1192 233 1250 (78)
249 1191 463 1233 ‘Decrevit
495 1188 700 1231 Flaccus5
763 1189 879 1231 Num
912 1190 1040 1245 aliud,
1072 1193 1200 1246 atque
1233 1191 1452 1245 oportuit?
1502 1192 1570 1234 ‘In

222 1249 410 1292 liberos?
462 1248 578 1290 Num
612 1249 738 1290 aliter
770 1249 935 1290 censuit
967 1250 1168 1291 senatus?
1220 1248 1286 1292 ‘In
1318 1250 1568 1293 absentem?

221 1309 442 1362 Decrevit,
475 1323 570 1349 cum
601 1307 761 1348 ibidem
794 1322 925 1362 esses,
959 1322 1054 1349 cum
1086 1309 1258 1363 prodire
1289 1309 1444 1363 nolles3
1482 1325 1569 1352 non
1588 1326 1623 1351 20

223 1371 288 1410 est
320 1368 403 1409 hoc
433 1367 479 1408 in
511 1367 745 1420 absentem,
778 1366 852 1407 sed
878 1368 923 1408 in
948 1367 1154 1408 latentem
1179 1382 1311 1409 reum.
1357 1367 1568 1411 SENATUS

223 1438 498 1470 CONSULTUM
529 1438 588 1466 ET
620 1437 873 1467 DECRETUM
903 1424 1086 1467 FLACCI.
1144 1425 1283 1475 Quid?
1317 1427 1353 1468 si
1383 1442 1471 1469 non
1503 1428 1569 1470 de-

223 1486 439 1538 crevisset,
472 1485 545 1526 sed
572 1484 786 1538 edixisset,
813 1484 908 1539 quis
933 1488 1083 1539 posset
1108 1499 1205 1526 vere
1231 1486 1568 1540 reprehendere?

220 1545 336 1586 Num
379 1544 509 1585 etiam
547 1543 696 1584 fratris
736 1544 819 1584 mei
858 1544 1027 1584 litteras
1068 1543 1341 1599 plenissimas
1374 1545 1569 1587 humani-

221 1604 326 1645 tatis
366 1605 409 1644 et
448 1602 678 1657 aequitatis
716 1601 1051 1656 reprehensurus
1090 1603 1162 1644 es‘?
1194 1603 1225 1657 †
1257 1618 1362 1658 quas
1401 1605 1569 1646 easdem
1589 1619 1623 1646 25

224 1662 393 1703 mulieri
419 1677 444 1703 6
470 1676 538 1702 me
565 1661 688 1702 datas
716 1660 828 1715 apud
852 1660 1093 1703 Pataranos
1119 1662 1357 1717 requisivit.
1407 1663 1569 1706 Recita.

151 1733 195 1764 79
221 1720 458 1762 LITTERAE
491 1719 538 1768 Q.
572 1718 834 1761 CICERONIS.
897 1718 1036 1769 Quid?
1074 1721 1179 1762 haec
1210 1721 1569 1776 Apollonidenses

221 1781 249 1831 ’ἰ-
276 1780 496 1821 occasione
521 1778 638 1820 facta
665 1779 719 1819 ad
744 1778 942 1820 Flaccum
975 1780 1229 1834 detulerunt,
1257 1780 1369 1835 apud
1389 1780 1569 1823 Orbium

225 1840 321 1879 acta
357 1852 444 1879 non
482 1841 599 1891 sunt,
637 1837 690 1879 ad
722 1837 958 1879 Globulum
997 1837 1140 1879 delata
1178 1853 1266 1880 non
1303 1839 1432 1880 sunt?
1500 1840 1569 1881 Ad

224 1898 422 1938 senatum
458 1899 655 1937 nostrum
695 1910 762 1937 me
800 1897 973 1938 consule
1010 1911 1149 1939 nonne
1181 1897 1316 1952 legati
1347 1898 1623 1952 Apolloni-30

223 1955 374 1996 denses
425 1956 571 1995 omnia
620 1955 842 2009 postulata
892 1955 942 1996 de
993 1955 1161 1997 iniuriis
1214 1956 1338 1997 unius
1388 1956 1570 1999 Deciani

225 2014 499 2056 detulerunt‘.>
561 2014 621 2054 At
658 2014 763 2055 haec
799 2014 975 2068 praedia
1011 2015 1179 2066 [etiam]
1213 2015 1256 2055 in
1296 2029 1425 2057 censu
1457 2016 1569 2057 dedi-

225 2073 390 2114 cavisti.
440 2071 581 2125 Mitto,
615 2073 728 2126 quod
761 2073 913 2126 aliena,
947 2073 1086 2125 mitto,
1119 2073 1232 2127 quod
1262 2088 1463 2128 possessa
1493 2089 1570 2128 per

224 2133 324 2185 vim,
356 2131 496 2185 mitto,
527 2131 640 2184 quod
672 2131 868 2172 convicta
894 2132 947 2173 ab
975 2131 1396 2187 Apollonidensibus,
1429 2133 1569 2187 mitto,

226 2190 340 2244 quod
379 2205 403 2231 a
440 2189 718 2244 Pergamenis
758 2190 1001 2244 repudiata,
1039 2191 1165 2232 mitto
1206 2191 1354 2244 etiam,
1392 2192 1506 2245 quod
1545 2202 1622 2233 a35

224 2249 386 2290 nostris
433 2248 764 2303 magistratibus
809 2251 854 2289 in
898 2249 1115 2304 integrum
1165 2250 1386 2304 restituta,
1429 2251 1569 2302 mitto,

155 2317 199 2350 80
227 2308 339 2362 quod
371 2307 489 2349 nullo
521 2307 611 2348 iure
643 2321 779 2361 neque
806 2321 850 2348 re
877 2322 1012 2362 neque
1038 2308 1311 2363 possessione
1338 2310 1430 2362 tua3
1463 2309 1569 2350 illud
