1687 2533
252 109 341 150 410
625 110 719 146 PRO
746 111 786 146 L.
813 110 997 146 FLACCO
1024 110 1213 147 ORATIO.

252 207 530 261 putaverunt,
569 206 765 248 desinant
801 210 954 261 putare
992 207 1293 249 auctoritatem
1331 221 1423 249 esse
1459 208 1504 249 in
1540 222 1590 250 eo

182 264 237 306 23
252 264 523 319 testimonio,
556 265 674 307 cuius
707 268 855 307 auctor
886 266 1085 308 inventus
1118 268 1184 307 est
1214 280 1351 308 nemo.
1413 264 1495 308 Sed
1526 281 1592 308 ex-

183 451 227 481 54

177 1684 220 1716 56

174 2126 232 2167 24

175 2178 218 2209 57

252 338 429 379 ponam,
467 323 568 379 quid
600 324 644 365 in
675 338 721 365 re
753 324 828 378 sit,
859 326 925 377 ut,
956 339 1084 379 quam
1116 324 1171 367 ob
1203 339 1294 366 rem
1324 326 1410 366 ista
1440 325 1591 367 civitas

251 397 388 437 neque
428 397 572 424 severe
607 382 808 424 Flaccum
847 383 1105 437 oppugnarit
1141 398 1277 438 neque
1309 384 1492 440 benigne
1524 383 1591 426 de·

253 441 453 495 fenderit,
492 441 598 483 scire
636 442 826 496 possitis.
892 442 1001 484 Erat
1039 443 1077 483 ei
1115 441 1381 484 Castriciano
1418 443 1627 484 nomine5

252 500 382 554 irata,
421 500 471 542 de
513 515 601 555 quo·
634 502 728 542 toto
766 501 988 554 respondit
1018 500 1294 555 Hortensius3
1330 501 1467 543 invita
1505 502 1591 544 sol-

251 562 373 600 verat
417 558 624 600 Castricio
673 560 899 614 pecuniam
948 560 1035 601 iam
1085 559 1156 601 diu
1209 559 1409 603 debitam.
1480 559 1592 602 Hinc

250 620 391 659 totum
424 617 581 672 odium⁷
611 617 712 660 hinc
744 619 882 660 omnis
910 619 1097 660 offensio.
1154 618 1247 668 Quo
1279 634 1375 660 cum
1405 619 1593 661 venisset

251 675 420 717 Laelius
453 676 506 717 acl
534 677 669 718 iratos
695 679 737 718 et
763 676 869 718 illud
895 676 1209 719 Castricianum
1234 678 1388 720 vulnus
1415 677 1589 720 dicendo

250 734 526 789 refricuisset,
559 736 769 777 siluerunt
800 736 1012 791 principes
1043 750 1180 791 neque
1211 737 1255 778 in
1286 737 1363 778 illa
1394 738 1590 779 contione
1610 747 1645 773 1⁰

252 794 480 835 adfuerunt
517 808 654 849 neque
691 794 817 836 istius
855 795 1013 836 decreti
1049 810 1096 836 ac
1127 795 1364 837 testimonii
1396 798 1589 838 auctores

251 867 343 894 esse
375 853 614 895 voluerunt.
663 852 811 908 Usque
843 853 947 895 adeo
974 854 1078 895 orba
1103 853 1187 895 fuit
1213 855 1266 896 ab
1293 855 1588 909 optumatibus

248 910 324 952 illa
362 912 524 966 contio,
561 914 610 953 ut
649 912 847 967 princeps
884 913 1125 968 principum
1157 916 1269 954 esset
1300 912 1590 967 Maeandrius3

250 970 367 1012 cuius
418 970 569 1026 lingua
618 971 741 1025 quasi
789 971 959 1013 flabello
1005 971 1227 1014 seditionis
1271 972 1347 1013 illa
1389 975 1481 1013 tum
1525 974 1590 1014 est

250 1029 468 1084 egentium
507 1030 651 1071 contio
688 1030 908 1072 ventilata.
969 1031 1117 1085 Itaque
1156 1031 1343 1072 civitatis
1378 1031 1589 1085 pudentis,
1609 1040 1642 1066 15

249 1091 297 1128 ut
322 1102 402 1143 ego
431 1102 598 1141 semper
624 1089 880 1143 existimavi,
912 1091 955 1130 et
980 1090 1137 1144 gravis,
1169 1092 1217 1130 ut
1242 1090 1324 1143 ipsi
1351 1090 1589 1131 existimari

248 1146 410 1199 volunt,
441 1146 604 1187 iustum
630 1146 822 1188 dolorem
849 1147 1142 1202 querellasque
1169 1149 1426 1202 cognoscite.
1471 1147 1588 1196 Quae

248 1204 430 1259 pecunia
466 1204 597 1246 fuerit
635 1205 747 1259 apud
786 1221 829 1247 se
868 1206 1009 1248 Flacci
1046 1207 1181 1261 patris
1218 1206 1390 1248 nomine
1428 1222 1453 1248 a
1491 1207 1588 1248 civi·

247 1263 422 1313 tatibus,
454 1263 564 1305 hanc
597 1278 622 1305 a
654 1278 698 1305 se
730 1278 822 1306 esse
855 1265 1045 1306 ablatam
1072 1268 1317 1320 queruntur.
1366 1265 1467 1307 Alio
1494 1266 1587 1307 loco

249 1336 464 1375 quaeram,
497 1322 598 1376 quid
630 1323 800 1364 licuerit
830 1322 1003 1378 Flacco;
1034 1338 1146 1365 nunc
1177 1327 1348 1365 tantum
1380 1339 1406 1365 a
1437 1323 1588 1365 Tralli·
1607 1334 1642 1360 2⁰

249 1381 341 1422 anis
368 1381 551 1435 requiro,
578 1396 708 1435 quam
733 1382 956 1435 pecuniam
984 1383 1037 1423 ab
1065 1397 1109 1424 se
1130 1383 1321 1424 ablatam
1343 1385 1588 1437 queruntur,

248 1453 424 1481 suamne
469 1439 632 1494 dicant,
675 1440 759 1481 sibi
797 1456 822 1482 a
860 1442 1105 1483 civitatibus
1143 1442 1346 1483 collatam
1382 1442 1427 1483 in
1463 1456 1588 1483 usum

248 1512 383 1539 suum.
445 1496 581 1553 Cupio
621 1499 778 1540 audire.
835 1499 977 1554 ‘Non’‚
1014 1500 1173 1555 inquit⁷
1205 1499 1427 1542 ‘dicimus'
1478 1499 1587 1549 Quid

246 1556 407 1611 igitur?
475 1556 691 1598 ‘Delatam
730 1557 782 1598 ad
820 1572 916 1613 nos,
964 1559 1167 1600 creditam
1204 1560 1329 1601 nobis
1367 1558 1412 1600 L.
1444 1558 1587 1601 Flacci

245 1615 418 1656 nomine
456 1615 509 1657 ad
548 1615 637 1657 eius
671 1616 759 1657 dies
790 1616 922 1659 festos
950 1619 1076 1672 atque
1108 1617 1259 1659 ludos²
1321 1617 1432 1667 Quid
1463 1617 1585 1659 tum?
1605 1626 1639 1653 2⁵

247 1673 386 1715 ‘Hanc
417 1673 490 1728 te',
521 1674 672 1729 inquit,
706 1674 871 1730 ‘capere
901 1691 989 1718 non
1020 1675 1168 1718 licuit?
1231 1676 1323 1718 Iam
1354 1677 1398 1718 id
1428 1676 1585 1730 videro,

248 1732 321 1773 sed
358 1732 543 1785 primum
581 1733 689 1775 illud
727 1734 893 1776 tenebo.
950 1733 1151 1783 Queritur
1183 1735 1345 1790 gravis,
1383 1735 1585 1789 locuples,

247 1792 400 1831 ornata
438 1792 606 1845 civitas,
647 1792 759 1846 quod
797 1807 882 1834 non
920 1794 1077 1834 retinet
1110 1793 1315 1847 alienum3
1354 1794 1585 1848 spoliatam

246 1862 292 1890 se
323 1848 437 1903 dicit,
470 1850 581 1903 quod
607 1850 651 1892 id
680 1865 767 1892 non
792 1851 935 1902 habet,
967 1853 1079 1907 quod
1106 1853 1196 1894 eius
1221 1867 1306 1894 non
1332 1852 1425 1893 fuit.
1475 1851 1585 1900 Quid

244 1906 326 1949 hoc
357 1908 648 1960 impudentius
680 1909 763 1951 dici
795 1913 869 1951 aut
899 1910 1005 1966 fingi
1036 1911 1208 1965 potest?
1269 1910 1493 1952 Delectum
1518 1913 1585 1953 est
1603 1920 1638 1946 ³⁰

247 1965 469 2020 oppidum,
502 1981 584 2020 quo
618 1968 662 2008 in
695 1968 851 2022 oppido
883 1983 967 2010 uno
998 1969 1179 2024 pecunia
1212 1984 1237 2010 a
1267 1972 1363 2010 tota
1393 1969 1500 2010 Asia
1531 1969 1584 2010 ad

245 2024 429 2065 honores
466 2023 512 2066 L.
542 2024 685 2066 Flacci
722 2030 962 2080 poneretur.
1029 2027 1146 2069 Haec
1181 2028 1361 2082 pecunia
1396 2030 1491 2070 tota
1528 2028 1582 2069 ab

245 2083 480 2124 honoribus
512 2084 725 2125 translata
750 2088 816 2126 est
840 2085 885 2126 in
911 2088 1135 2140 quaestum
1161 2089 1204 2127 et
1227 2085 1582 2141 faenerationem3

246 2143 495 2196 recuperata
527 2144 592 2182 est
624 2143 770 2183 multis
803 2146 902 2198 post
934 2144 1068 2186 annis.
1123 2142 1239 2193 Quae
1271 2145 1438 2187 civitati
1467 2144 1583 2186 facta

246 2202 312 2240 est
352 2200 538 2241 iniuria?
607 2201 666 2243 At
707 2202 888 2243 moleste
924 2202 1009 2243 fert
1046 2202 1209 2244 civitas.
1277 2203 1430 2258 Credo3
1468 2204 1635 2245 avul-35

245 2272 340 2298 sum
372 2260 438 2300 est
471 2259 582 2300 enim
607 2261 780 2313 praeter
806 2274 938 2315 spem,
971 2260 1083 2315 quod
1112 2264 1205 2303 erat
1231 2276 1306 2316 spe
1331 2262 1582 2304 devoratum

243 2315 422 2358 lucrum.
489 2317 550 2358 At
595 2317 797 2372 queritur.
865 2318 1139 2374 Impudenter
1180 2319 1302 2375 facit3
1339 2334 1426 2362 non
1469 2320 1582 2361 enim
