1687 2533
232 57 318 99 386
357 57 450 92 PRO
478 56 660 92 ARCHIA
684 56 843 91 POETA
870 55 1056 90 ORATIO.
1097 55 1198 90 CAP.
1227 60 1269 90 12
1296 60 1315 98 ξ
1341 60 1396 100 31,
1423 62 1479 94 32.

231 169 381 195 verum
425 153 559 194 etiam
597 152 742 193 divina
778 151 824 192 in
861 151 994 193 tantis
1032 151 1218 206 ingeniis
1257 153 1574 195 commendatio

233 213 360 254 debet
392 227 501 264 esse,
533 214 581 252 ut
612 226 721 264 eum,
753 210 827 264 qui
856 224 946 264 vos,
979 211 1051 265 qui
1082 213 1249 252 vestros
1280 211 1575 266 imperatores,

233 271 306 326 qui
348 271 498 326 populi
534 270 719 311 Romani
762 283 830 310 res
875 271 1019 324 gestas
1066 283 1232 323 semper
1270 271 1457 325 ornavit,
1503 271 1576 325 qui

234 330 367 372 etiam
416 329 483 370 his
535 328 776 370 recentibus
825 327 988 368 nostris
1037 328 1278 382 vestrisque
1328 328 1574 371 domesticis

233 388 432 444 periculis
484 390 705 428 aeternum
757 400 801 427 se
850 386 1146 427 testimonium
1190 386 1329 428 laudis
1375 387 1609 429 daturum5

235 462 326 488 esse
360 447 587 500 profitetur
606 448 767 499 estque
801 459 851 486 ex
877 459 925 486 eo
951 460 1140 498 numero,
1173 446 1244 499 qui
1271 460 1437 501 semper
1463 446 1576 500 apud

236 520 383 548 omnes
417 505 555 546 sancti
588 506 688 544 sunt
719 503 859 544 habiti
891 503 1037 557 itaque
1070 504 1184 558 dicti,
1218 504 1278 546 sic
1309 505 1354 546 in
1384 508 1575 547 vestram

236 564 457 619 accipiatis
494 563 640 617 fidem,
677 564 726 603 ut
756 562 1024 603 humanitate
1055 566 1202 604 vestra
1232 563 1399 605 levatus
1431 564 1575 618 potius

240 638 368 678 quam
395 622 627 664 acerbitate
660 621 847 662 violatus
880 635 972 662 esse
1003 621 1211 663 videatur.

326 680 442 729 Quae
476 681 526 722 de
559 695 688 722 causa
712 694 789 733 pro
816 693 912 720 mea
937 681 1239 722 consuetudine
1264 680 1452 722 breviter
1479 680 1574 721 sim·
1597 691 1632 716 10

237 741 490 795 pliciterque
524 739 627 791 dixi,
664 739 841 789 iudices,
874 753 923 779 ea
954 739 1118 780 confido
1151 740 1335 794 probata
1367 753 1458 780 esse
1491 754 1578 780 om-

237 799 383 852 nibus3
416 813 522 853 quae
556 813 581 839 a
611 797 774 839 forensi
806 797 946 838 aliena
970 797 1244 852 iudicialique
1272 798 1577 840 consuetudine

239 861 282 898 et
321 858 370 898 de
407 857 594 898 hominis
632 856 805 912 ingenio
838 858 880 896 et
912 857 1193 898 communiter
1226 857 1276 898 de
1307 857 1402 911 ipso
1437 856 1578 898 studio

238 916 407 958 locutus
441 931 547 970 sum,
580 930 640 969 ea,
672 915 843 968 iudices,
876 929 900 955 a
926 914 1047 955 vobis
1082 929 1206 969 speio
1234 930 1325 956 esse
1351 915 1397 956 in
1422 915 1579 957 bonam

240 978 408 1030 paitem
436 977 621 1029 accepta,
648 974 700 1015 ab
729 988 789 1028 eo,
816 973 888 1027 qui
913 972 1115 1015 iudicium
1137 977 1315 1029 exercet
1341 976 1458 1016 celto
1479 973 1633 1016 scio.15
