1619 2542
573 147 675 182 CAP.
705 151 736 190 3,
763 151 784 181 4
810 150 829 189 ς
854 150 979 182 8-13.
1361 146 1445 186 237

107 245 152 286 in
177 244 401 286 consulatu
428 257 521 284 meo
550 242 791 284 carnificem
818 242 867 284 de
893 243 999 297 foro,
1026 257 1192 285 crucem
1219 243 1269 284 de
1295 257 1446 297 campo

108 302 366 344 sustulisse?
429 300 511 342 Sed
548 302 634 343 ista
670 302 764 342 laus
803 301 988 356 primum
1028 305 1094 343 est
1131 302 1343 343 maiorum
1373 316 1447 342 no-

108 365 314 415 strorum,
364 360 569 413 Quirites,
619 361 690 414 qui
744 361 930 414 expulsis
975 361 1149 416 regibus
1193 361 1360 402 nullum
1404 360 1449 401 in

108 421 244 462 libero
271 420 429 475 populo
449 419 679 473 vestigium
706 419 972 460 crudelitatis
997 420 1140 474 regiae
1166 420 1447 469 retinuerunt,

72 492 89 516 5
110 480 259 520 deinde
291 479 524 519 multorum
556 478 746 519 virorum
776 478 966 532 fortium,
999 480 1072 532 qui
1103 481 1291 520 vestram
1323 478 1448 519 liber-

108 541 243 579 tatem
274 552 361 579 non
392 536 624 578 acerbitate
658 537 963 591 suppliciorum
994 537 1207 592 infestam,
1240 537 1314 578 sed
1343 537 1447 578 leni-

108 599 198 638 tate
230 597 375 651 legum
408 595 618 637 munitam
651 610 742 636 esse
775 596 1015 637 voluerunt.

196 654 333 703 Quam
364 655 416 696 ob
450 669 541 695 rem
574 658 667 695 uter
698 657 899 697 nostrum.
923 655 1112 708 tandem,
1144 654 1343 708 Labiene,
1376 670 1447 709 po·
1473 641 1502 712 24

108 714 271 768 pularis
311 717 394 765 est,
438 716 561 767 tune,
605 713 676 767 qui
718 713 880 754 civibus
919 713 1125 755 Romanis
1163 714 1209 754 in
1250 714 1447 755 contione

56 786 89 810 10
108 773 201 827 ipsa
248 772 506 821 carnificem,
550 772 622 825 qui
660 772 802 813 vincla
841 772 1031 813 adhiberi
1072 775 1199 826 putas
1239 775 1448 826 oportere,

109 832 182 886 qui
211 832 256 872 in
288 846 437 885 campo
463 830 621 872 Martio
654 831 838 872 comitiis
872 831 1121 872 centuriatis
1155 831 1377 885 auspicato
1403 831 1448 872 in

107 891 202 932 loco
241 905 407 932 crucem
445 889 498 931 ad
529 889 686 931 civium
718 890 977 944 supplicium
1009 890 1136 944 defigi
1168 892 1211 930 et
1243 890 1448 931 constitui

108 950 247 1001 iubes,
291 964 345 990 an
391 962 489 1004 ego,
534 949 607 1002 qui
650 948 860 989 funestari
904 949 1146 990 contionem
1192 949 1448 1004 contagione

108 1007 316 1049 carnificis
356 1010 474 1060 veto,
512 1007 585 1061 qui
623 1007 879 1061 expiandum
910 1007 1052 1049 forum
1084 1007 1233 1062 populi
1264 1007 1449 1049 Romani

57 1079 90 1104 15
110 1067 163 1108 ab
195 1067 284 1107 illis
315 1066 469 1107 nefarii
501 1066 675 1107 sceleris
708 1067 903 1122 vestigiis
931 1081 1022 1107 esse
1049 1066 1154 1120 dico,
1187 1066 1260 1120 qui
1285 1070 1449 1108 castam

109 1126 369 1178 contionem,
410 1127 605 1166 sanctum
638 1139 855 1180 campum,
887 1126 1143 1166 inviolatum
1175 1139 1328 1179 corpus
1361 1140 1447 1166 om-

107 1185 227 1225 nium
278 1184 431 1225 civium
481 1183 791 1239 Romanorum,
850 1184 1068 1239 integrum
1117 1185 1183 1225 ius
1232 1184 1447 1225 libertatis

109 1242 287 1284 defendo
336 1243 497 1284 servari
541 1243 769 1296 oportere?
840 1242 1068 1297 Popularis
1110 1257 1210 1284 vero
1249 1243 1447 1284 tribunus

108 1302 166 1356 pl.
216 1304 358 1344 custos
412 1300 692 1355 defensorque
742 1301 847 1343 iuris
897 1304 941 1342 et
989 1301 1223 1342 libertatis!
1296 1301 1448 1342 Porcia

56 1372 90 1397 20
109 1361 177 1401 lex
220 1360 362 1415 virgas
408 1361 461 1401 ab
506 1360 696 1400 omnium
740 1361 896 1402 civium
933 1360 1225 1401 Romanorum
1269 1374 1447 1415 corpore

111 1419 290 1471 amovit,
337 1418 408 1459 hic
450 1418 691 1459 misericors
736 1419 913 1473 flagella
955 1419 1144 1471 rettulit3
1186 1418 1338 1460 Porcia
1381 1420 1448 1460 lex

110 1478 353 1518 libertatem
386 1477 541 1518 civium
574 1477 719 1518 lictori
751 1477 926 1531 eripuit,
958 1476 1183 1526 Labienus,
1215 1477 1343 1518 homo
1376 1492 1448 1531 po-

110 1536 284 1590 pularis,
316 1535 503 1576 carnifici
534 1535 730 1589 tradidit3
763 1534 806 1576 C.
828 1534 1043 1576 Gracchus
1078 1535 1220 1590 legem
1250 1536 1364 1585 tulit,
1396 1550 1448 1576 ne

113 1594 162 1635 de
182 1594 321 1648 capite
343 1594 497 1634 civium
518 1593 810 1634 Romanorum
830 1593 994 1634 iniussu
1013 1597 1157 1634 vestro
1177 1593 1448 1647 iudicaretur,

58 1664 92 1689 25
112 1653 181 1694 hic
211 1652 431 1707 popularis
464 1666 489 1692 a
521 1651 755 1693 duumviris
787 1652 951 1692 iniussu
984 1655 1127 1692 vestro
1159 1666 1245 1693 non
1269 1652 1448 1694 iudicari

112 1711 161 1752 de
203 1711 292 1752 cive
330 1710 542 1763 Romano,
580 1710 652 1751 sed
689 1710 849 1751 indicta
881 1724 1007 1751 causa
1040 1710 1173 1751 civem
1204 1710 1448 1753 Romanum

112 1769 265 1824 capitis
293 1769 565 1810 condemnari
599 1769 749 1822 coegit.
811 1768 876 1809 Tu
907 1768 1013 1809 mihi
1045 1769 1175 1810 etiam
1206 1769 1315 1825 legis
1347 1770 1447 1811 Por-

113 1829 213 1881 ciae,
244 1831 289 1869 tu
319 1827 363 1869 C.
391 1826 584 1880 Gracchi,
615 1830 664 1868 tu
688 1827 841 1868 horum
866 1827 1093 1881 libertatis,
1125 1830 1172 1868 tu
1197 1830 1448 1882 cuiusquam

115 1887 292 1940 denique
331 1886 517 1927 hominis
550 1886 770 1940 popularis
803 1886 1065 1927 mentionem
1096 1886 1220 1940 facis,
1259 1887 1332 1942 qui
1362 1902 1449 1929 non

61 1956 95 1981 30
115 1945 240 1986 modo
272 1945 492 1999 suppliciis
517 1944 764 1997 invisitatis,
797 1944 869 1985 sed
895 1945 1025 1985 etiam
1051 1945 1280 1987 verborum
1307 1947 1449 1988 crude·

116 2003 237 2044 litate
269 2004 460 2044 inaudita
490 2003 653 2044 violare
684 2003 930 2044 libertatem
961 2003 1087 2044 huius
1119 2005 1280 2058 populi,
1312 2008 1446 2059 temp-

116 2065 209 2102 tare
248 2062 632 2114 mansuetudinem,
670 2064 932 2102 commutare
971 2061 1239 2117 disciplinam
1272 2067 1447 2104 conatus

118 2120 190 2161 es?
240 2119 436 2174 Namque
469 2121 572 2161 haec
603 2122 689 2173 tua,
723 2134 830 2173 quae
861 2123 915 2173 te,
946 2120 1163 2162 hominem
1195 2122 1448 2163 clementem

117 2178 462 2232 popularemque,
495 2179 722 2220 delectant:
756 2177 802 2229 eI,
834 2189 1016 2234 LICTOR,
1042 2191 1241 2221 COLLIGA
1266 2180 1447 2233 MANUS’,

64 2247 98 2273 35
120 2237 261 2291 [quae]
305 2251 392 2277 non
433 2237 557 2278 modo
601 2237 725 2277 huius
769 2237 981 2278 libertatis
1025 2238 1447 2292 mansuetudinisque

117 2309 204 2336 non
241 2298 355 2348 sunt,
394 2295 466 2336 sed
502 2310 554 2336 ne
592 2295 764 2336 Romuli
802 2296 971 2349 quidem
1009 2300 1082 2337 aut
1118 2296 1286 2337 Numae
1323 2297 1447 2337 Pom-

118 2353 212 2409 pili3
252 2352 473 2407 Tarquini,
512 2353 807 2409 superbissimi
844 2357 971 2410 atque
1009 2354 1290 2397 crudelissimi
1321 2356 1447 2410 regis,

1477 695 1515 724 41

1476 1783 1516 1813 13
