1687 2533
510 86 610 121 CAP.
639 89 753 120 7—10
780 89 798 128 ἓ
823 89 969 120 17—23.
1316 84 1400 125 397

59 183 179 224 nullo
216 183 465 237 impellente
496 182 722 236 fallebant,
760 196 831 223 eos
863 184 1042 236 urgente
1073 180 1220 223 Laelio
1253 181 1299 222 in
1332 181 1402 221 ab·

61 244 226 284 sentem
264 245 306 283 et
343 242 386 283 in
417 241 464 283 L.
494 240 695 283 Flaccum
728 243 802 282 aut
832 240 1006 282 timidos
1038 239 1170 281 fuisse
1203 242 1277 281 aut
1308 240 1401 280 reli-

62 301 206 356 giosos
232 303 446 355 putamus.
491 298 572 341 Sed
598 299 757 341 fuerint
783 300 1057 354 incorruptae
1077 299 1247 340 litterae
1269 298 1401 352 domi3
1430 311 1467 341 21

61 374 172 401 nunc
203 373 303 401 vero
337 374 463 414 quam
495 359 653 400 habere
686 358 987 400 auctoritatem
1020 360 1095 399 aut
1121 371 1249 412 quam
1275 357 1402 397 fidem

26 419 272 472 5possunt‘?
334 417 492 459 Triduo
530 418 597 458 lex
637 417 689 459 ad
726 419 968 471 praetorem
1007 416 1178 469 deferri,
1215 416 1403 458 iudicum

63 477 197 531 signis
235 476 456 532 obsignari
493 476 628 530 iubet3
671 476 889 517 tricesimo
929 475 994 516 die
1032 475 1103 516 vix
1142 474 1401 516 deferuntur.

61 535 127 576 Ne
164 532 379 590 corrumpi
416 535 589 576 tabulae
621 534 746 576 facile
777 535 964 589 possint,
1002 534 1158 575 idcirco
1192 534 1261 575 lex
1294 534 1402 574 obsi-

64 597 218 649 gnatas
238 595 283 635 111
303 594 472 648 publico
492 594 594 649 poni
613 594 769 648 voluit3
791 596 835 634 at
856 593 1142 648 obsignantur
1163 594 1401 647 corruptae.

63 652 172 702 Quid
205 653 336 694 refert
360 653 506 708 igitur,
537 655 660 694 tanto
686 655 786 707 post
813 652 866 693 ad
892 652 1050 693 iudices
1078 651 1324 692 deferantur
1350 665 1403 692 an

10 725 43 751 10
64 713 237 753 omnino
269 726 355 753 non
387 711 660 752 deferantur?
907 745 909 747 .

152 770 289 819 Quid?
316 770 353 812 si
377 770 554 812 testium
581 770 768 811 studium
795 785 890 811 cum
917 772 1165 812 accusatore
1192 768 1403 810 sociatum
1421 772 1475 813 10

64 832 146 883 est,
183 832 382 871 tamenne
419 829 492 870 isti
523 831 656 870 testes
688 829 991 870 habebuntur?
1057 827 1141 869 Ubi
1173 830 1240 868 est
1271 827 1404 881 igitur

63 888 139 929 illa
171 888 449 943 exspectatio,
483 902 590 942 quae
621 889 783 929 versari
815 888 861 928 111
891 886 1056 928 iudiciis
1090 886 1227 928 solet‘?
1289 885 1403 927 Nam

64 949 208 1001 antea,
251 961 346 988 cum
384 946 548 988 dixerat
585 949 810 988 accusator
847 947 1003 987 acriter
1042 948 1083 986 et
1120 945 1404 997 vehementer,

12 1019 44 1044 15
65 1020 243 1060 cumque
281 1005 477 1047 defensor
516 1005 766 1060 suppliciter
806 1005 1073 1058 demisseque
1111 1003 1404 1058 responderat,

65 1066 216 1106 tertius
259 1065 331 1106 ille
376 1067 469 1105 erat
513 1067 783 1118 exspectatus
823 1064 940 1105 locus
978 1063 1174 1115 testium,
1218 1062 1291 1116 qui
1331 1064 1404 1102 aut

65 1123 154 1164 sine
191 1123 281 1164 ullo
320 1123 460 1164 studio
494 1122 691 1164 dicebant
722 1125 796 1164 aut
828 1137 922 1164 cum
957 1121 1297 1163 dissimulatione
1331 1121 1405 1161 ali-

66 1196 149 1236 qua
181 1182 440 1237 cupiditatis,
495 1181 588 1223 Hoc
621 1196 721 1223 vero
755 1181 855 1236 quid
889 1181 981 1222 est‘?
1032 1179 1130 1221 Una
1162 1180 1322 1234 sedent,
1355 1194 1405 1220 ex
1432 1193 1474 1223 ‘22

66 1243 361 1282 accusatorum
395 1240 610 1282 subselliis
645 1243 844 1295 surgunt,
876 1254 963 1281 non
995 1238 1286 1289 dissimulant,
1317 1252 1405 1279 non

12 1313 47 1338 20
66 1302 275 1341 verentur.
319 1299 383 1340 De
410 1299 627 1340 subselliis
655 1313 825 1352 queror3
851 1313 936 1339 una
957 1312 1007 1339 ex
1028 1298 1153 1338 domo
1174 1297 1405 1351 prodeunt3

66 1358 103 1398 si
133 1358 264 1399 verbo
296 1357 589 1410 titubaverint,
622 1372 705 1411 quo
738 1359 1023 1410 revertantur,
1055 1370 1142 1396 non
1172 1355 1405 1396 habebunt.

66 1416 136 1456 An
167 1416 391 1470 quisquam
423 1430 515 1457 esse
546 1416 672 1456 testis
704 1417 866 1469 potest,
902 1429 1027 1469 quem
1060 1416 1282 1455 accusator
1315 1414 1405 1454 sine

67 1489 168 1515 cura
197 1474 436 1529 interroget
466 1488 543 1515 nec
575 1477 752 1527 metuat,
782 1487 834 1514 ne
861 1473 943 1514 sibi
971 1472 1143 1527 aliquid,
1176 1471 1325 1526 quod
1314 1486 1406 1526 ipse

67 1533 195 1587 nolit,
231 1533 516 1588 respondeat?
579 1532 665 1574 Ubi
704 1535 770 1573 est
805 1532 940 1587 igitur
978 1531 1053 1572 illa
1085 1531 1178 1572 laus
1212 1530 1408 1582 oratoris,

15 1604 49 1630 25
71 1606 176 1647 quae
213 1591 282 1632 vel
318 1592 364 1632 in
396 1594 641 1633 accusatore
675 1593 799 1632 antea
830 1590 896 1630 vel
929 1590 974 1631 in
1005 1592 1187 1644 patrono
1221 1564 1408 1644 spectari

70 1651 254 1693 solebat:
299 1649 430 1691 ‘Bene
474 1652 628 1690 testem
672 1649 974 1704 interrogavit3
1019 1648 1173 1689 callide
1215 1648 1406 1701 accessit,

68 1708 357 1764 repreliendit3
390 1723 472 1762 quo
505 1708 654 1761 voluit,
686 1707 877 1758 adduxit3
911 1706 1095 1748 convicit
1127 1710 1169 1748 et
1194 1707 1407 1761 elinguem

69 1767 297 1810 reddidit’?
343 1767 454 1817 Quid
479 1769 527 1808 tu
553 1767 682 1808 istum
708 1780 845 1821 roges,
877 1765 1008 1819 Laeli,
1040 1765 1124 1819 qui,
1155 1765 1405 1820 priusquam

70 1828 152 1869 hoc
189 1826 268 1867 ‘TE
307 1826 447 1868 ROGO’
493 1825 665 1878 dixeris,
707 1825 832 1879 plura
870 1825 1000 1865 etiam
1038 1824 1242 1876 effundet,
1280 1839 1408 1878 quam

18 1897 53 1923 30
73 1889 120 1926 tu
151 1885 189 1926 ei
221 1885 334 1926 domi
368 1888 466 1926 ante
498 1883 853 1939 praescripseris?
910 1883 1017 1931 Quid
1050 1897 1129 1938 ego
1163 1885 1307 1924 autem
1341 1883 1409 1924 de-

71 1944 216 1985 fensor
246 1944 423 1998 rogem‘?
485 1942 596 1984 Nam
635 1946 708 1983 aut
747 1941 884 1983 oratio
916 1942 1093 1982 testium
1125 1941 1263 1982 refelli
1298 1941 1408 1982 solet

74 2005 147 2043 aut
182 2003 273 2043 vita
310 2002 433 2043 laedi.
495 2000 587 2049 Qua
620 2001 908 2055 disputatione
941 2001 1180 2041 orationem
1212 2000 1409 2040 refellam

74 2060 176 2114 eius,
196 2060 269 2114 qui
288 2060 404 2101 dicit:
428 2059 724 2113 ‘Dedimus⁷,
743 2059 851 2099 nihil
871 2058 1084 2114 amplius?
1122 2058 1171 2099 In
1190 2058 1409 2099 hominem

75 2119 296 2160 dicendum
324 2121 388 2160 est
413 2119 557 2173 igitur,
591 2133 685 2159 cum
713 2117 850 2159 oratio
879 2117 1297 2172 argumentationem
1323 2130 1411 2156 non

21 2188 56 2214 35
75 2177 217 2218 habet.
261 2176 369 2225 Quid
402 2177 539 2218 dicam
570 2177 614 2217 in
645 2177 870 2230 ignotum?
916 2176 1182 2224 Querendum
1217 2177 1281 2215 est
1307 2187 1409 2229 ergo

76 2238 118 2276 et
157 2235 480 2290 deplorandum,
518 2236 561 2276 id
595 2235 705 2288 quod
737 2235 822 2275 iam
855 2234 1011 2275 dudum
1041 2234 1172 2287 facio,
1211 2233 1261 2274 de
1294 2232 1411 2273 omni

76 2293 358 2335 accusationis
396 2294 641 2348 iniquitate,
685 2294 869 2348 primum
909 2293 958 2334 de
999 2291 1215 2334 communi
1256 2305 1410 2346 genere

1433 1778 1452 1807 [θ

1457 1778 1475 1808 02
