1619 2542
145 94 201 137 28
505 95 600 130 PRO
627 95 676 130 M.
703 93 915 130 FONTEIO
943 92 1133 130 011ΑΤ10.

146 191 190 233 111
228 191 488 233 testimoniis
527 189 713 232 dicendis
746 189 1006 232 commoveri
1038 190 1339 232 arbitramini?
1381 205 1488 246 quae

146 252 316 291 tantum
349 265 374 291 a
405 252 644 292 ceterarum
683 248 875 304 gentium
917 262 1035 290 more
1067 263 1114 290 ac
1145 252 1301 290 natura
1332 248 1488 291 dissen-

147 309 276 350 tiunt:
326 308 440 363 quod
477 310 643 350 ceterae
681 322 759 362 pro
798 307 1080 363 religionibus
1120 307 1206 348 suis
1254 308 1367 349 bella
1399 321 1487 349 sus-

147 367 323 422 cipiunt,
353 367 462 408 istae
489 369 639 408 contra
668 366 858 407 omnium
883 366 1129 420 religiones3
1161 366 1264 408 illae
1289 367 1333 407 in
1361 366 1486 407 bellis

148 425 343 481 gerendis
369 426 421 466 ab
448 425 512 466 dis
538 425 856 466 immortalibus
882 439 1031 479 pacem
1057 439 1105 466 ac
1130 425 1300 466 veniam
1325 427 1488 479 petunt,
1508 435 1524 461 5

146 485 257 526 istae
307 499 402 526 cum
452 484 558 538 ipsis
609 483 673 525 dis
724 483 1044 525 immortalibus
1095 484 1208 525 bella
1253 486 1490 539 gesserunt.

82 542 133 583 14
151 544 242 596 [10]
277 542 368 584 Hae
403 545 502 583 sunt
528 543 738 600 nationes,
771 557 878 597 quae
906 542 1120 596 quondam
1152 546 1242 584 tam
1253 518 1402 598 elonga
1435 542 1489 584 ab

149 602 237 643 suis
279 602 449 643 sedibus
491 596 685 655 Delphos
729 615 862 655 usque
907 601 959 641 ad
1000 600 1249 655 Apollinem
1286 601 1490 655 Pythium

149 664 276 714 atque
309 660 362 702 ad
388 660 607 701 oraculum
639 659 754 701 orbis
786 664 925 701 terrae
953 660 1188 701 vexandum
1222 674 1271 701 ac
1302 659 1490 714 spolian-

149 719 248 760 dum
280 718 497 774 profectae
524 721 636 761 sunt.
696 719 764 759 Ab
794 718 929 759 isdem
956 718 1157 773 gentibus
1185 719 1344 760 sanctis
1372 721 1415 759 et
1445 718 1490 759 in
1511 730 1543 755 10

148 777 396 819 testimonio
435 777 648 832 religiosis
691 777 914 819 obsessum
956 776 1218 831 Capitolium
1259 780 1325 818 est
1362 780 1491 831 atque

148 836 220 877 ille
253 836 459 891 Iuppiter,
492 836 610 878 cuius
637 835 808 877 nomine
833 836 1017 877 maiores
1050 835 1189 877 nostri
1215 836 1401 877 vinctam
1432 838 1492 877 te-

149 895 450 936 stimoniorum
496 894 624 935 fidem
670 908 763 936 esse
811 895 1050 936 voluerunt.
1131 896 1212 946 [⁶21]
1267 894 1490 936 Postremo

150 953 217 995 1113
245 953 474 1009 quicquam
500 956 695 995 sanctum
721 968 769 994 ac
795 953 1046 1008 religiosum
1070 953 1206 994 videri
1230 955 1393 1008 potest,
1419 953 1492 1007 qui

151 1012 321 1054 etiamsi
358 1012 527 1066 quando
570 1012 713 1066 aliquo
754 1014 870 1053 metu
912 1011 1083 1053 adducti
1120 1012 1219 1053 deos
1260 1011 1490 1066 placandos
1512 1022 1543 1048 1⁵

151 1085 243 1113 esse
276 1071 552 1125 arbitrantur,
584 1070 782 1112 humanis
814 1070 970 1112 hostiis
1001 1085 1148 1111 eorum
1181 1085 1276 1112 aras
1311 1085 1358 1112 ac
1389 1074 1492 1112 tem-

150 1131 230 1195 pla.
253 1129 492 1183 funestam,
525 1133 572 1171 ut
597 1144 650 1171 ne
676 1129 930 1184 religionem
953 1129 1123 1183 quidem
1150 1130 1286 1170 colere
1312 1129 1492 1195 possint,

150 1188 234 1229 nisi
276 1202 368 1229 eam
410 1188 547 1242 ipsam
587 1189 706 1242 prius
752 1165 908 1229 scelere
948 1187 1181 1229 violarint?
1244 1187 1347 1236 Quis
1380 1188 1492 1229 enim

150 1247 324 1301 ignorat
356 1261 428 1287 eos
454 1261 588 1300 usque
621 1246 673 1287 ad
701 1246 812 1288 hanc
844 1246 954 1287 diem
982 1246 1163 1287 retinere
1194 1246 1354 1287 illam
1343 1261 1491 1288 imma-

149 1320 248 1346 nem
280 1319 327 1346 ao
364 1304 595 1346 barbaram
627 1304 975 1346 consuetudinem
1014 1305 1236 1346 hominum
1267 1305 1490 1346 immolan-
1510 1316 1544 1341 20

152 1363 330 1405 dorum?
381 1361 519 1412 Quam
546 1363 600 1404 ob
633 1378 723 1404 rem
753 1363 868 1418 quali
893 1363 986 1416 fide,
1018 1363 1134 1417 quali
1162 1362 1321 1417 pietate
1348 1363 1491 1404 existi-

151 1422 279 1464 matis
313 1436 405 1463 esse
433 1436 517 1476 eos,
550 1422 623 1476 qui
648 1422 779 1463 etiam
812 1422 912 1463 deos
942 1422 1201 1463 immortalis
1229 1422 1493 1463 arbitrentur

151 1480 374 1523 hominum
406 1480 565 1522 scelere
597 1483 640 1522 et
672 1481 879 1535 sanguine
910 1480 1113 1522 facillime
1145 1494 1270 1535 posse
1302 1480 1492 1535 placari?

152 1539 260 1580 Cum
300 1539 367 1581 1113
407 1553 482 1582 vos
521 1539 706 1581 testibus
750 1541 939 1581 vestram
977 1539 1229 1593 religionem
1267 1539 1493 1595 coniunge-

150 1598 227 1651 tis,
275 1598 330 1639 ab
375 1598 442 1640 his
487 1598 715 1653 quicquam
763 1600 909 1639 sancte
954 1600 1027 1638 aut
1069 1598 1287 1639 moderate
1331 1597 1491 1639 dictum
1512 1609 1545 1634 25

83 1683 98 1697 J
152 1656 388 1709 putabitis?
470 1657 552 1708 [22]
608 1656 702 1699 Hoc
757 1659 924 1698 vestrae
986 1659 1150 1698 mentes
1201 1658 1290 1698 tam
1336 1658 1492 1709 castae,

150 1718 242 1755 tam
278 1714 472 1770 integrae
513 1714 594 1756 sibi
639 1716 889 1769 suscipient,
931 1717 997 1766 ut,
1040 1729 1135 1757 cum
1174 1729 1320 1756 omnes
1358 1714 1492 1768 legati

149 1772 306 1826 nostri,
346 1774 417 1827 qui
454 1773 531 1815 illo
569 1773 755 1815 triennio
794 1773 838 1815 in
870 1773 1057 1815 Galliam
1088 1775 1312 1826 venerunt,
1343 1787 1490 1814 omnes

152 1832 317 1886 equites
350 1832 551 1885 Romani,
583 1832 655 1887 qui
686 1832 732 1873 in
762 1832 838 1873 illa
870 1832 1091 1887 provincia
1121 1831 1310 1884 fuerunt,
1343 1845 1489 1872 omnes

150 1889 444 1944 negotiatores
477 1890 566 1932 eius
592 1891 848 1945 provinciae,
882 1890 1060 1945 denique
1088 1904 1247 1942 omneS‚
1279 1890 1323 1930 in
1348 1888 1491 1931 Gallia
1511 1901 1545 1927 so

153 1948 226 2003 qui
264 1950 364 1989 sunt
402 1948 506 1989 socii
544 1950 691 2004 populi
728 1949 913 1990 Romani
950 1953 1076 2003 atque
1115 1948 1257 2001 amici,
1299 1947 1353 1989 M.
1384 1947 1492 1990 Fon-

151 2007 285 2048 teium
316 2006 571 2048 incolumem
604 2022 694 2048 esse
725 2007 912 2062 cupiant,
944 2007 1073 2048 iurati
1104 2006 1308 2060 privatlm
1346 2009 1389 2048 et
1419 2021 1492 2060 pu-

151 2065 259 2107 blice
291 2064 484 2117 laudent,
515 2079 591 2106 vos
623 2068 769 2106 tamen
796 2081 891 2107 cum
919 2064 1053 2106 Gallis
1078 2065 1274 2120 iugulare
1300 2065 1491 2106 malitis?

152 2123 261 2173 Quid
281 2126 329 2165 ut
348 2122 486 2166 secuti
506 2137 598 2164 esse
617 2123 876 2165 videamini?
895 2124 1219 2165 voluntatemne
1238 2123 1490 2165 hominum?

154 2182 327 2237 gravior
364 2181 497 2237 igitur
531 2181 653 2223 vobis
693 2182 774 2223 erit
805 2181 996 2223 hostium
1033 2182 1231 2223 voluntas
1271 2197 1400 2236 quam
1436 2183 1491 2226 oi·
1510 2193 1543 2219 85

152 2240 297 2282 vium?
353 2240 422 2282 An
454 2239 710 2295 dignitatem
742 2240 949 2281 testium?
987 2240 1170 2294 potestis
1208 2240 1342 2295 igitur
1373 2240 1490 2296 igno—

151 2301 220 2340 tos
251 2298 377 2353 notis,
410 2298 579 2352 iniquos
607 2298 766 2352 aequis,
799 2297 1062 2352 alienigenas
1090 2298 1348 2353 domesticis,
1378 2298 1491 2353 cupi-
