1619 2542
59 2060 113 2101 37

113 89 199 131 332
483 88 576 124 PRO
603 88 641 123 L.
668 87 874 124 MURENA
901 87 1094 123 ORATIO.

113 189 327 228 terrarum
365 186 610 240 imperium,
647 184 722 225 ubi
758 184 831 224 ille
874 186 998 225 esset.
1059 181 1199 224 Huius
1235 183 1282 224 in
1317 185 1457 224 morte

115 244 370 287 celebranda
401 244 591 299 graviter
622 243 724 284 tulit
755 242 940 297 populus
972 241 1195 283 Romanus
1226 241 1338 283 hanc
1361 255 1457 296 per—

115 318 284 346 versam
300 303 556 358 sapientiam
570 300 821 355 Tuberonis,
840 301 984 354 itaque
997 300 1127 342 homo
1142 299 1457 355 integerrimus,

117 362 221 404 civis
255 363 462 417 optimus,
496 376 591 402 cum
624 363 738 402 esset
767 359 813 401 L.
845 359 969 400 Pauli
993 374 1145 414 nepos,
1176 359 1220 400 P.
1253 358 1457 413 Africani,

116 425 166 463 ut
197 421 301 474 dixi,
334 421 493 462 sororis
524 419 658 473 filius,
688 418 756 460 his
787 417 980 460 haedinis
1013 418 1224 472 pelliculis
1256 420 1458 473 praetura

118 480 305 522 deiectus
344 482 421 521 est.
483 478 583 520 Odit
620 478 805 533 populus
837 477 1057 518 Romanus
1089 476 1304 532 privatam
1336 476 1459 518 luxu-

117 538 238 592 riam,
271 538 489 594 publicam
522 536 889 592 magnificentiam
920 535 1081 590 diligit3
1111 550 1198 577 non
1223 537 1341 576 amat
1365 549 1460 589 pro-

118 597 237 639 fusas
277 597 444 651 epulas,
483 596 628 638 sordes
667 598 710 636 et
740 594 1100 636 inhumanitatem
1134 595 1269 635 multo
1301 593 1460 647 minus3

119 656 350 711 distinguit
392 656 559 696 ratione
606 654 842 696 officiorum
882 668 930 694 ac
968 656 1211 708 temporum
1249 652 1459 694 vicissitu-

119 715 260 756 dinem
292 714 454 756 laboris
487 728 535 756 ac
567 712 813 767 voluptatis.
876 711 989 753 Nam
1023 712 1136 766 quod
1169 712 1231 753 ais
1262 711 1384 753 nulla
1414 725 1459 752 re

120 773 235 815 allici
290 773 512 815 hominum
579 774 744 813 mentes
807 773 1003 826 oportere
1054 771 1107 812 ad
1156 770 1461 825 magistratum

121 832 412 873 mandandum
437 831 520 872 nisi
547 831 767 886 dignitate,
798 829 880 871 hoc
906 832 953 870 tu
979 830 1082 884 ipse,
1114 829 1158 870 in
1185 844 1267 884 quo
1294 843 1462 871 summa

121 894 187 932 est
226 891 432 946 dignitas,
477 904 564 930 non
602 904 758 931 servas.
826 887 912 930 Cur
950 889 1061 929 enim
1102 902 1378 942 quemquam,
1413 890 1462 929 ut

122 949 291 992 studeat
321 949 419 1001 tibi,
451 951 500 989 ut
530 951 573 989 te
606 948 797 1001 adiuvet,
830 947 986 1002 rogas?
1047 946 1194 1001 Rogas
1225 949 1273 988 tu
1305 961 1383 1000 me,
1413 948 1463 987 ut

122 1009 228 1049 mihi
247 1008 424 1063 praesis,
448 1010 497 1048 ut
517 1008 786 1048 committam
808 1020 887 1060 ego
909 1020 976 1046 me
995 1005 1088 1046 tibi.
1129 1003 1238 1052 Quid
1257 1005 1461 1046 tandem?

121 1068 232 1108 istuc
264 1081 331 1107 me
363 1065 507 1120 rogari
540 1067 711 1120 oportet
743 1065 818 1106 abs
850 1068 892 1105 te
925 1078 979 1105 an
1009 1067 1051 1105 te
1082 1064 1227 1118 potius
1254 1078 1279 1105 a
1304 1079 1384 1116 me,
1414 1066 1464 1104 ut

122 1140 200 1181 pro
227 1140 323 1166 mea
349 1125 488 1166 salute
514 1124 706 1165 laborem
732 1123 1052 1178 periculumque
1072 1122 1309 1177 suscipias?
1342 1121 1463 1175 Quid,

124 1184 237 1238 quod
275 1183 408 1224 habes
447 1181 843 1224 nomenclatorem?
881 1181 926 1222 in
964 1196 1013 1223 eo
1056 1181 1226 1234 quidem
1266 1180 1382 1222 fallis
1420 1184 1464 1222 et

124 1242 295 1297 decipis.
356 1240 488 1295 Nam,
530 1241 566 1282 si
601 1241 773 1282 nomine
806 1240 1016 1295 appellari
1049 1240 1125 1281 abs
1157 1242 1200 1281 te
1232 1239 1335 1281 civis
1367 1242 1464 1281 tuos

122 1302 352 1343 honestum
409 1303 491 1352 est,
540 1302 665 1354 turpe
715 1301 780 1340 est
833 1313 904 1340 eos
953 1298 1143 1340 notiores
1198 1312 1290 1339 esse
1340 1312 1461 1340 servo

123 1363 199 1402 tuo
250 1374 378 1413 quam
428 1358 520 1400 tibi.
601 1358 692 1409 Sin,
743 1357 873 1399 etiam
921 1359 958 1399 .ςὶ
1006 1371 1089 1398 non
1137 1357 1271 1410 noris,
1319 1358 1466 1398 tamen

124 1434 200 1473 per
232 1418 490 1460 monitorem
523 1416 769 1472 appellandi
801 1419 913 1468 sunt,
943 1415 974 1469 †
1005 1431 1149 1457 curam
1181 1417 1305 1470 petis,
1337 1430 1465 1471 quam

124 1477 361 1519 inceravit?
424 1475 552 1528 Quid,
585 1475 709 1530 quod,
741 1490 835 1517 cum
868 1475 1127 1527 admoneris,
1156 1477 1312 1528 tamen,
1344 1476 1466 1530 quasi

124 1540 218 1578 tute
257 1536 391 1589 noris,
429 1535 492 1576 ita
530 1534 722 1576 salutas?
785 1533 912 1588 Quid,
948 1535 1070 1588 quod,
1108 1536 1390 1588 posteaquam
1420 1548 1464 1574 es

127 1595 389 1650 designatiiS,
421 1593 558 1635 multo
592 1593 755 1634 salutas
787 1592 1115 1649 neglegentius?
1171 1591 1289 1633 Haec
1321 1592 1465 1633 omnia

127 1653 181 1695 ad
219 1653 429 1694 rationem
462 1652 650 1693 civitatis
683 1652 719 1693 si
751 1651 938 1706 derigas,
975 1653 1091 1693 recta
1122 1653 1238 1705 sunt3
1277 1650 1344 1691 sin
1374 1665 1465 1705 per-

125 1711 310 1767 pendere
355 1711 408 1752 ad
454 1710 702 1765 disciplinae
749 1713 978 1764 praecepta
1022 1710 1147 1763 velis,
1197 1709 1465 1763 reperiantur

126 1769 393 1825 pravissima.
434 1768 572 1817 Quare
598 1783 675 1810 nec
701 1768 817 1823 plebi
837 1768 1056 1810 Romanae
1076 1766 1282 1823 eripiendi
1300 1766 1464 1809 fructus

127 1828 202 1870 isti
246 1830 345 1869 sunt
388 1827 604 1880 ludorum,
652 1827 958 1883 gladiatorum,
1003 1826 1312 1878 conviviorum,
1356 1839 1464 1880 quae

129 1886 273 1930 omnia
311 1887 493 1927 maiores
533 1887 671 1927 nostri
711 1889 1083 1940 comparaverunt,
1120 1899 1196 1926 nec
1227 1883 1497 1926 candidatiss

127 1947 214 1987 ista
238 1945 483 1999 benignitas
511 1944 734 1985 adimenda
760 1947 837 1998 est,
863 1958 969 1999 quae
994 1943 1298 1985 liberalitatem
1326 1943 1465 1999 magis

130 2004 344 2060 significat
375 2017 502 2057 quam
534 2003 819 2058 largitionem.

221 2063 277 2103 At
320 2062 432 2103 enim
469 2064 512 2102 te
554 2062 607 2102 ad
644 2061 928 2103 accusandum
966 2075 1032 2101 res
1069 2060 1242 2115 publica
1279 2060 1464 2101 adduxit.

59 2113 103 2143 78
130 2121 279 2175 Credo,
312 2119 433 2173 Cato,
463 2122 505 2160 te
536 2119 621 2160 isto
655 2120 797 2162 animo
829 2123 957 2173 atque
983 2133 1033 2160 ea
1058 2118 1255 2171 opinione
1281 2119 1465 2173 venisse3

131 2180 205 2221 sed
236 2183 284 2221 tu
315 2178 604 2233 imprudentia
635 2177 805 2220 laberis.
865 2177 960 2233 Ego
992 2177 1103 2231 quod
1134 2176 1262 2230 facio,
1294 2177 1464 2230 iudices,
1485 2188 1499 2212 3

131 2253 227 2280 cum
266 2237 480 2279 amicitiae
518 2236 826 2290 dignitatisque
858 2236 903 2278 L.
935 2234 1139 2277 Murenae
1172 2235 1312 2290 gratia
1342 2235 1465 2286 facio,

130 2300 223 2338 tum
250 2311 317 2338 me
341 2296 474 2352 pacis,
506 2295 595 2348 otii,
621 2295 882 2349 concordiae,
908 2293 1135 2345 libertatis,
1162 2294 1326 2343 salutis,
1350 2293 1466 2336 vitae

1480 722 1516 748 10

1483 1015 1518 1042 15

1483 1310 1518 1334 20

1484 1602 1518 1628 25
