1619 2542
161 93 248 129 XVI
575 92 852 128 ADNOTATIO
880 93 1080 129 CRITICA.

163 186 272 232 Kays.
299 187 344 222 cf.
370 198 405 232 p.
433 192 494 229 57,
527 192 565 229 93
598 187 646 221 ad
670 199 706 232 p.
736 192 789 223 39.
820 192 872 222 15.
899 208 942 213 -
968 187 1006 222 P.
1034 192 1088 223 57.
1115 192 1136 223 3
1163 189 1225 232 qui
1256 189 1410 224 deiectus
1433 194 1494 234 est,

163 239 303 269 tantam
331 236 403 269 vim
433 234 523 269 Bak.
555 234 626 269 Mn.
655 234 742 268 VIII
772 247 805 279 p.
835 238 918 277 185,
953 236 1098 270 eandem
1130 234 1200 269 del.
1234 235 1434 270 Francken.
1459 247 1495 281 p.

165 285 242 316 266.
265 302 307 306 -
328 280 365 315 Ρ.
389 285 443 316 57.
465 285 484 326 9
510 282 550 316 id
575 281 658 316 add.
680 281 816 326 plures,
844 283 930 315 ante
950 283 1074 325 quaeri
1095 282 1274 325 Schuetz„
1301 284 1386 326 post
1403 284 1498 328 quod

165 339 260 362 suas.
281 327 388 371 Iord.,
409 327 503 363 Bait.
524 340 558 373 p.
582 331 682 371 1438,
704 339 770 362 scr.
791 328 913 372 Kays„
933 327 1050 364 Klotz,
1071 349 1114 354 —
1135 328 1174 364 P.
1195 333 1249 364 57.
1274 334 1315 363 10
1335 331 1498 364 deiecerit

163 375 287 420 potius
313 386 424 419 quam
449 376 570 416 fecerit
595 375 673 418 all.,
700 374 819 408 Klotz.
846 394 890 400 —
916 374 955 408 P.
983 379 1038 409 57.
1060 379 1101 410 16
1128 377 1160 410 ei
1184 375 1304 410 Halm.
1331 388 1365 420 p.
1396 380 1496 419 1438,

164 421 384 457 Hirschfeld.
412 421 591 457 Fleckeis.
625 433 708 455 ann.
744 425 831 455 1871
863 433 898 465 p.
925 425 992 456 203
1019 433 1071 465 sq.
1099 423 1178 464 (aut
1200 423 1269 465 hi),
1302 422 1428 466 Kays,
1466 427 1498 458 et

165 469 291 513 codd,
316 468 431 511 Bait.;
462 471 554 504 servi
580 468 650 503 del.
680 468 797 512 vulg,
830 467 949 502 Klotz.
977 479 1042 502 scr.
1069 472 1203 510 tamen,
1233 473 1275 504 ut
1298 471 1371 513 ipsi
1394 471 1497 512 servi,

165 520 258 551 tuae.
287 536 329 541 -—
356 516 394 550 P.
423 519 477 550 57.
505 520 547 550 37
575 516 612 549 et
638 519 691 550 58.
720 520 751 558 6,
779 519 857 549 214.
886 519 940 559 13,
967 519 1044 550 217.
1073 519 1127 557 33,
1153 519 1233 550 218.
1260 520 1315 559 28,
1341 520 1418 551 228.
1443 520 1496 558 17,

166 562 270 597 Verr.
297 561 348 596 III
377 566 428 597 11.
457 566 501 597 28
528 573 580 597 ex.
608 563 718 607 ylaeb.
746 561 881 605 Klotz.,
909 561 1015 596 codd.
1041 572 1234 605 nusquam.
1260 583 1306 587 —
1330 562 1368 596 P.
1395 566 1449 598 58.
1477 567 1497 597 3

166 611 282 645 verbis
307 620 373 654 pro
400 610 544 647 vocibus
568 608 676 652 Bak.‚
702 607 829 652 Kays.;
855 620 887 642 v.
908 608 1013 643 Varr.
1040 608 1063 643 l.
1090 610 1130 643 L.
1157 608 1208 642 IX
1233 612 1276 642 42
1304 619 1370 652 ex„
1396 609 1427 643 X
1453 613 1497 644 29

166 667 219 692 ex.
248 676 291 682 —
318 656 356 690 P.
384 660 439 691 58.
466 660 486 690 6
513 657 656 700 cespites
682 655 787 690 codd.
813 655 890 695 TE,
916 654 1011 689 Bait.
1033 676 1075 680 —
1096 655 1134 690 P.
1163 659 1215 690 58.
1239 659 1281 689 16
1307 657 1497 699 armatas,

167 704 213 738 de
238 714 311 747 quo
338 703 549 737 dubitatum
575 713 653 737 esse
679 701 800 746 video,
827 702 948 736 adfert
971 703 1125 747 August.
1146 701 1187 736 in
1212 704 1291 736 arte
1311 702 1344 736 V
1361 714 1395 747 p.
1417 706 1497 737 495.

167 755 209 786 12
230 749 273 785 K.
295 771 337 775 —
358 749 395 784 P.
418 754 472 784 58.
495 754 537 784 26
559 761 611 793 sq.
632 750 749 795 [quod
770 770 811 774 —
832 750 1105 795 iudicaremur]
1123 749 1232 793 Kays.
1255 770 1297 774 —
1318 749 1356 784 P.
1377 752 1432 785 58.
1452 753 1497 784 29

165 798 413 832 iudicaretur
440 796 536 831 ‘edd
564 796 730 830 Venetae
756 795 948 840 antiquiss.
975 797 1080 839 tres’,
1112 795 1209 831 Bait.
1238 816 1280 821 —-
1306 796 1344 830 P.
1371 799 1427 831 58.
1453 800 1498 831 34

166 845 240 880 alio
272 845 412 878 auxilio
437 843 527 878 Bak.
554 843 628 878 Mn.
656 843 742 877 VIII
772 855 805 887 p.
835 847 916 886 185,
950 844 1022 878 alio
1054 844 1173 886 modo,
1207 844 1356 878 consilio
1381 843 1498 878 eodem

165 891 369 936 [periculo]
393 890 504 934 Kays.
524 911 570 916 —
588 890 627 924 P.
649 894 702 924 59.
719 894 739 924 8
767 901 818 934 sq.
845 891 939 925 iuris
963 891 1017 925 vis
1041 893 1146 934 atque
1171 891 1369 925 auctoritas
1392 891 1496 926 retin.

166 937 367 972 Francken.
400 949 434 982 p.
469 941 546 972 266.
574 957 617 962 —
644 936 682 970 P.
716 941 770 971 59.
804 941 847 971 32
882 948 958 981 sqq.
992 938 1203 980 defendant,
1233 938 1267 972 si
1298 940 1423 972 contra
1453 957 1496 962 —

166 986 412 1021 contenditur:
444 988 519 1019 tum
551 985 662 1019 solent
688 998 752 1025 —‚·
783 988 858 1018 tum
889 984 982 1019 illud
1013 984 1122 1028 Kays.
1149 1004 1191 1009 —
1218 983 1257 1018 P.
1285 988 1338 1018 60.
1367 988 1386 1018 2
1419 983 1498 1018 sine

166 1042 272 1066 cruce
291 1031 421 1074 Klotz„
443 1032 527 1066 boni
553 1031 624 1065 duo
645 1030 749 1065 codd.
770 1030 890 1074 Vind,
912 1030 1018 1075 Bait,
1039 1031 1237 1076 [bonique]
1250 1031 1373 1075 Kays„
1393 1032 1499 1075 aequi

167 1080 318 1123 bonique
349 1079 414 1112 aut
445 1079 529 1113 boni
560 1079 732 1122 aequique
763 1078 856 1112 coni.
889 1077 984 1112 Bait.
995 1087 1006 1121 ,⁴
1034 1078 1117 1112 fort.
1149 1079 1286 1113 honesti
1315 1079 1388 1112 viri
1419 1078 1499 1121 (aut

165 1127 333 1169 hominis)
360 1126 425 1159 aut
449 1126 534 1160 boni
552 1126 624 1159 viri
648 1129 753 1168 atque
774 1126 971 1169 (aequique)
991 1126 1141 1163 iudicis:
1169 1125 1216 1158 ad
1233 1136 1268 1169 p.
1289 1128 1367 1159 234.
1385 1128 1438 1158 12.
1454 1144 1498 1150 ——

166 1172 204 1207 P.
227 1177 280 1207 60.
297 1176 317 1207 9
343 1173 428 1206 haec
454 1171 532 1206 cod.
553 1171 595 1212 E,
620 1171 728 1213 Bait,
755 1173 818 1207 hoc
842 1171 934 1214 rell,
959 1171 1081 1216 Kays.,
1108 1171 1244 1214 Klotz.;
1273 1171 1321 1205 ad
1338 1183 1373 1215 p.
1395 1174 1426 1205 8.
1441 1175 1496 1205 32.

167 1240 208 1244 -—
230 1219 283 1253 Ib.
298 1220 528 1254 interdictum
550 1219 616 1261 (sic
637 1217 758 1262 codd.)
778 1238 821 1244 —
841 1219 1080 1253 vindicat-isse
1098 1218 1264 1252 Momms.
1281 1219 1376 1253 auct.
1391 1217 1497 1260 Bait,

164 1267 350 1313 vindicavi
374 1265 492 1308 codd,
518 1266 701 1300 vindicari
726 1264 805 1300 cod.
831 1265 912 1299 Par.
935 1276 963 1308 e,
990 1264 1129 1307 Lamb.,
1156 1265 1328 1300 Wesenb.
1349 1264 1434 1299 Obs.
1460 1264 1499 1298 in

166 1313 259 1347 Sest.
281 1325 316 1357 p.
337 1317 381 1347 26
409 1323 473 1356 sq.,
500 1312 620 1346 Madv.
648 1311 826 1346 Fleckeis.
848 1322 929 1346 ann.
953 1316 1042 1346 1856
1067 1323 1102 1356 p.
1126 1315 1204 1352 122,
1229 1311 1351 1355 Kays„
1378 1311 1497 1346 Klotz.

167 1380 210 1385 —
236 1359 274 1394 P.
303 1363 356 1394 60.
387 1363 429 1393 14
461 1363 628 1403 oportere.
678 1358 791 1400 Bait.;
833 1359 879 1392 ad
910 1371 944 1403 p.
973 1362 1028 1392 40.
1055 1362 1086 1392 3.
1120 1379 1163 1383 —
1196 1357 1233 1392 Ρ.
1261 1362 1316 1392 60.
1345 1362 1388 1393 17
1419 1368 1499 1392 cum

166 1408 258 1442 idem
271 1405 383 1450 vulg,
405 1407 498 1450 quod
512 1407 603 1441 idem
618 1405 734 1448 codd.‚
754 1405 861 1448 Bait,
882 1405 1004 1450 Kays,
1018 1404 1150 1446 Klotz,
1166 1404 1213 1438 a‘d
1225 1416 1260 1448 p.
1275 1408 1330 1439 49.
1347 1408 1378 1447 2,
1395 1407 1449 1439 80.
1465 1408 1497 1447 3,

169 1458 245 1488 179.
268 1458 322 1495 31,
351 1458 428 1487 337.
456 1456 516 1495 24,
543 1456 622 1487 464.
650 1457 692 1487 35
720 1453 787 1486 cet.
815 1473 858 1477 —
884 1452 935 1486 lb.
963 1464 1014 1496 sq.
1040 1453 1087 1487 id
1111 1453 1237 1496 aliqua
1262 1471 1304 1476 -
1330 1455 1372 1485 tu
1395 1451 1500 1486 ‘nulla

166 1500 294 1544 Kays.;
322 1499 428 1544 Seyff.
455 1499 552 1534 Lael.
579 1511 612 1543 p.
643 1503 720 1543 179,
748 1498 813 1534 Off.
841 1499 858 1532 I
886 1502 938 1533 18.
961 1504 1003 1533 61
1031 1498 1087 1533 ed.
1110 1502 1211 1541 1882,
1238 1498 1286 1532 ad
1310 1510 1345 1542 p.
1366 1501 1421 1532 31.
1444 1501 1497 1532 19.

167 1568 210 1573 —
237 1547 275 1581 P.
304 1551 357 1582 60.
385 1550 428 1581 25
454 1547 518 1581 hoc
542 1548 604 1591 qui
629 1546 707 1581 cod.
734 1545 773 1589 T,
800 1545 932 1589 Klotz.,
959 1546 1022 1590 qui
1045 1546 1110 1580 hoc
1133 1544 1232 1589 vulg.
1254 1565 1297 1570 —
1317 1544 1357 1579 P.
1379 1548 1433 1579 60.
1454 1548 1498 1578 27

166 1605 240 1629 non
264 1605 357 1628 unus
385 1593 463 1628 cod.
489 1593 677 1638 interpol.,
709 1592 846 1637 Naug.‚
873 1604 936 1627 nee
961 1592 1083 1635 codd,
1108 1592 1131 1626 i.
1159 1602 1188 1626 e.
1217 1588 1323 1634 οὐδέ,
1357 1590 1500 1635 ‘quidni

166 1641 264 1675 enim
290 1640 388 1674 idem
414 1640 562 1674 licuerit
580 1639 775 1682 Ciceroni',
801 1640 923 1684 inquit
940 1639 1096 1682 Iordan.,
1125 1638 1239 1683 ‘quod
1258 1639 1296 1672 et
1315 1637 1382 1673 alii
1399 1636 1498 1681 iique

165 1687 257 1722 boni
283 1687 480 1731 scriptores
505 1687 708 1721 fecerunt?
738 1686 882 1721 Klotzio
911 1687 1039 1721 ‘satius
1066 1696 1145 1720 esse
1170 1685 1317 1720 videtur
1336 1685 1499 1718 statuere

168 1734 347 1769 excidisse
384 1733 472 1768 hinc
508 1733 648 1777 aliquid
681 1744 790 1777 quam
820 1745 883 1769 nec
913 1744 980 1778 pro
1011 1744 1086 1768 non
1117 1733 1195 1767 sine
1224 1732 1359 1766 idonea
1389 1741 1500 1765 causa

167 1781 348 1826 scriptum
381 1780 487 1814 esse.'
540 1780 663 1825 Neque
692 1791 758 1825 pro
790 1791 864 1815 non
893 1780 1002 1814 multi
1035 1779 1139 1814 codd.
1175 1778 1264 1812 dett.
1291 1777 1432 1811 habent
1461 1789 1497 1822 p.

167 1832 245 1863 284.
275 1833 305 1871 1,
332 1831 410 1862 395.
437 1831 457 1862 3
483 1838 546 1862 ‘nec
577 1838 702 1862 omnes
728 1828 872 1872 praeter
898 1827 1010 1861 schol.
1037 1846 1081 1851 —
1107 1825 1145 1859 P.
1173 1829 1226 1859 60.
1253 1828 1297 1866 37
1324 1835 1376 1868 sq.
1396 1824 1498 1869 quip—

164 1876 268 1920 piam
292 1874 371 1909 cod.
397 1873 441 1917 T,
468 1874 596 1917 Kays.‚
622 1873 757 1917 Klotz.,
784 1875 971 1919 quidpiam
995 1872 1090 1907 Iord.
1118 1874 1155 1906 et
1179 1870 1274 1906 Bait.
1299 1872 1370 1905 tac.
1420 1869 1498 1913 Quo

167 1932 240 1956 uno
266 1925 460 1967 praeterea
486 1920 566 1955 loco
593 1920 731 1965 legitur
749 1921 787 1954 in
806 1921 876 1955 hoc
894 1919 976 1963 vol.,
1002 1930 1037 1963 p.
1059 1923 1137 1953 326.
1160 1922 1212 1961 13,
1234 1917 1338 1952 codd.
1359 1916 1500 1951 habent

166 1970 299 2013 quippe
328 1970 418 2012 iam3
451 1967 498 2002 ad
523 1967 625 2002 Vei-r.
659 1979 693 2012 p.
726 1971 804 2002 228.
840 1972 892 2002 19.
920 1987 963 1993 —-
988 1965 1026 2000 P.
1061 1969 1114 1999 61.
1144 1970 1160 1999 1
1193 1975 1267 1999 non
1299 1963 1397 1998 ‘add
1424 1963 1501 1998 iam

167 2015 249 2050 Nic.
270 2015 394 2059 Ang.’,
415 2025 483 2049 om.
499 2013 618 2049 Klotz.
639 2025 717 2058 pos.
737 2015 912 2058 interrog.
933 2014 1038 2057 signo
1057 2013 1143 2057 post
1161 2023 1194 2046 v.
1213 2012 1431 2053 iudicatum3
1451 2009 1500 2044 ad

166 2074 201 2107 p.
223 2067 277 2097 33.
299 2067 354 2097 26.
370 2082 412 2087 -
426 2061 477 2095 Ib.
500 2073 551 2105 sq.
567 2065 739 2097 statutum
759 2065 807 2095 est
826 2061 957 2103 Klotz.,
976 2058 1097 2093 Madv.
1119 2058 1210 2093 Adv.
1226 2057 1278 2092 ΙΠ
1295 2069 1328 2101 p.
1347 2060 1413 2091 123
1433 2067 1498 2100 sq„

167 2113 333 2144 statuunt
352 2108 469 2151 codd,
490 2107 598 2152 Bait,
617 2111 820 2143 statuerunt
837 2107 960 2142 Madv.
974 2105 1151 2140 Fleckeis.
1168 2116 1249 2139 ann.
1266 2108 1355 2139 1856
1369 2115 1404 2148 p.
1422 2107 1499 2146 122,

167 2157 371 2201 [statuunt‚
401 2156 454 2201 si]
488 2154 598 2199 Kays.
627 2175 668 2180 —
694 2154 731 2189 P.
765 2159 818 2190 61.
852 2159 872 2189 2
899 2154 994 2199 plac.
1029 2153 1156 2187 Mucio
1188 2150 1266 2187 cod.
1299 2150 1343 2195 T,
1376 2149 1498 2194 Kaya,

167 2202 304 2246 Klotz.;
330 2215 363 2238 v.
390 2206 434 2238 27
461 2213 514 2246 sq.
534 2212 641 2236 nemo
668 2212 712 2235 ex
736 2201 764 2235 T
790 2212 856 2236 scr.
877 2203 954 2236 eius
977 2200 1075 2234 modi
1098 2199 1190 2233 m'hiz
1215 2201 1264 2233 est
1287 2208 1355 2232 nec
1381 2201 1426 2232 34
1445 2207 1497 2241 sq.

168 2261 364 2295 ‘numquam
394 2250 531 2292 factum
562 2259 631 2284 esse
657 2250 704 2292 (p.
735 2252 822 2283 1439
851 2247 924 2292 Or.)
948 2257 1015 2281 nec
1041 2249 1096 2281 51.
1123 2249 1167 2280 25
1193 2248 1225 2279 et
1249 2245 1378 2279 occisio
1402 2254 1498 2278 exer-

169 2297 261 2332 citus
292 2297 467 2332 maximos
497 2296 597 2340 fac-ta
627 2306 701 2330 tnon
731 2296 799 2330 erit
828 2305 888 2340 spe
919 2304 983 2330 uos
1002 2293 1128 2338 pulsos
1153 2302 1220 2327 nec
1245 2294 1300 2326 56.
1329 2294 1371 2326 17
1397 2290 1498 2326 modo
