1687 2533
28 423 46 448 5

12 716 45 740 10

11 1009 43 1034 15

10 1303 44 1327 20

10 1596 43 1621 25

10 1888 44 1913 30

10 2181 44 2206 35

488 80 587 116 CAP.
615 84 752 116 39—42
781 84 799 122 ξ
829 85 1022 116 104—110.
1320 81 1406 122 497

65 176 265 218 voluntas
306 177 480 218 deorum
513 177 823 218 immortalium
856 191 948 218 esse
980 177 1193 230 videatur3
1231 191 1307 218 nec
1341 180 1407 219 est

64 236 154 277 ulla
193 249 294 290 erga
332 236 432 277 deos
469 235 607 290 pietas
647 236 735 277 sine
767 236 950 277 honesta
980 236 1029 277 de
1054 236 1226 277 numine
1260 251 1406 277 eorum

66 309 113 335 ac
155 297 297 336 mente
336 294 552 348 opinione,
589 297 636 335 ut
675 295 815 349 expeti
852 295 961 336 nihil
1003 295 1055 336 ab
1094 295 1166 348 iis,
1205 295 1317 349 quod
1350 295 1406 336 sit

64 353 270 394 iniustum
313 355 440 407 atque
478 353 770 407 inhonestum,
806 354 874 406 fas
911 367 991 395 esse
1030 354 1249 395 arbitrere.
1317 353 1404 395 Ho-

66 412 223 453 minem
261 412 450 453 invenire
488 412 574 454 ista
613 413 731 453 labes
763 415 874 464 tum,
913 427 1008 454 cum
1042 412 1184 453 omnia
1216 413 1403 467 tenebat,

63 470 272 512 neminem
301 471 452 525 potuit,
479 470 546 512 cui
571 485 687 512 meas
716 471 831 512 aedis
859 470 1084 524 addiceret,
1111 471 1177 512 cui
1203 471 1403 525 traderet,

64 529 130 571 cui
162 529 357 583 donaret,
394 530 484 583 ipse
517 544 610 571 cum
644 530 726 571 loci
757 530 885 584 illius,
918 545 1012 571 cum
1047 530 1213 571 aedium
1247 530 1403 585 cupidi-

63 591 154 629 tate
190 588 395 644 flagraret
433 589 487 630 ob
526 603 702 642 eamque
744 603 916 630 causam
955 604 1084 630 unam
1121 588 1294 630 funesta
1326 589 1403 630 illa

63 647 289 702 rogatione
328 661 405 688 sua
441 647 506 688 vir
542 647 680 688 bonus
719 647 937 689 dominum
977 662 1020 688 se
1059 648 1102 688 in
1134 648 1239 689 meis
1273 648 1397 689 bonis

65 720 156 747 esse
189 706 412 759 voluisset,
445 708 588 747 tamen
619 706 696 747 illo
728 706 821 760 ipso
854 707 897 747 in
928 706 1072 748 furore
1106 721 1181 748 suo
1213 721 1302 748 non
1335 709 1400 748 est

65 779 191 806 ausus
242 779 380 806 meam
431 764 620 818 domum,
670 765 788 806 cuius
834 765 1064 820 cupiditate
1108 765 1401 806 inflammatus

64 826 173 877 erat,
222 823 455 878 possidere3
505 824 605 865 deos
655 824 912 865 immortalis
958 824 1233 878 existimatis,
1284 824 1401 866 cuius

63 883 212 924 labore
244 884 286 924 et
318 881 495 924 consilio
529 897 605 924 sua
636 883 719 937 ipsi
751 883 915 937 templa
946 885 1195 936 tenuerunt,
1235 883 1278 924 in
1312 883 1401 924 eius

64 941 237 983 domum
270 941 485 982 adflictam
517 943 559 982 et
591 955 781 982 eversam
809 956 884 996 per
911 941 1033 994 [vim]
1061 941 1247 982 hominis
1275 941 1401 983 scele-

64 1000 270 1041 ratissimi
320 1000 528 1041 nefarium
578 1000 850 1042 latrocinium
900 1000 1133 1055 inmigrare
1183 1000 1398 1042 voluisse?

64 1058 178 1100 Civis
218 1062 283 1100 est
322 1073 447 1100 nemo
484 1061 606 1100 tanto
643 1059 686 1100 in
719 1059 878 1114 populo
912 1062 1032 1100 extra
1065 1059 1471 1101 contaminatammS

62 1118 181 1159 illam
214 1120 256 1159 et
287 1121 505 1159 cruentam
537 1117 583 1158 P.
605 1116 726 1159 Clodi
758 1133 944 1171 manum,
977 1118 1049 1172 qui
1075 1132 1164 1158 rem
1189 1118 1323 1159 ullam
1350 1117 1400 1158 de

63 1177 167 1218 meis
199 1177 321 1218 bonis
356 1176 574 1231 adtigerit,
607 1177 677 1230 qui
710 1191 795 1218 non
828 1191 906 1231 pro
940 1177 1027 1217 suis
1061 1174 1213 1230 opibus
1246 1176 1291 1217 in
1323 1176 1400 1218 illa

62 1238 318 1290 tempestate
361 1249 428 1276 me
472 1235 717 1278 defenderit.
785 1235 843 1276 At
882 1235 953 1288 qui
992 1235 1136 1288 aliqua
1175 1249 1219 1276 se
1258 1237 1399 1276 conta—

65 1294 189 1347 gione
221 1293 421 1348 praedae,
454 1294 690 1347 societatis,
723 1293 952 1348 emptionis
985 1293 1399 1347 contaminaverunt,

61 1353 222 1393 nullius
266 1366 401 1405 neque
445 1352 603 1406 privati
645 1366 780 1406 neque
824 1352 985 1406 publici
1028 1352 1172 1393 iudicii
1215 1367 1399 1406 poenam

63 1412 247 1466 effugere
284 1413 527 1465 potuerunt.
593 1410 659 1451 Ex
696 1411 763 1451 his
802 1411 935 1465 igitur
973 1410 1115 1463 bonis,
1158 1424 1206 1451 ex
1244 1411 1398 1464 quibus

61 1484 186 1510 nemo
212 1483 302 1510 rem
327 1469 461 1510 ullam
489 1469 648 1523 attigit,
675 1471 746 1523 qui
772 1484 857 1510 non
883 1469 1075 1510 omnium
1095 1469 1250 1510 iudicio
1273 1470 1398 1510 scele-

62 1528 304 1569 ratissimus
353 1528 600 1581 haberetur,
649 1527 691 1568 di
734 1528 998 1569 immortales
1044 1527 1216 1569 domum
1260 1543 1399 1569 meam

64 1586 423 1640 concupiverunt?
472 1586 562 1628 Ista
587 1589 662 1627 tua
680 1586 859 1641 pulchra
878 1586 1076 1627 Libertas
1100 1586 1199 1628 deos
1219 1589 1397 1640 penates

64 1648 105 1686 et
135 1645 370 1686 familiares
403 1659 519 1686 meos
551 1645 662 1686 lares
695 1645 869 1699 expulit,
901 1647 948 1686 ut
981 1659 1024 1685 se
1058 1646 1150 1698 ipsa
1175 1647 1396 1699 tamquam

62 1706 107 1746 in
156 1704 335 1758 captivis
387 1703 558 1744 sedibus
603 1703 860 1745 collocaret?
934 1702 1043 1751 Quid
1088 1706 1152 1744 est
1197 1704 1467 1758 sanctius,109

64 1763 163 1816 quid
190 1762 306 1804 omni
330 1761 536 1816 religione
562 1762 766 1803 munitius
794 1776 920 1816 quam
947 1762 1096 1803 domus
1116 1762 1241 1803 unius
1262 1763 1397 1804 cuius-

64 1836 143 1876 que
175 1821 358 1863 civium‘?
420 1820 501 1861 Hic
534 1835 630 1862 arae
663 1823 772 1873 sunt,
804 1821 874 1861 hio
906 1820 1001 1872 foci,
1032 1820 1100 1861 hic
1133 1820 1175 1861 di
1206 1824 1396 1876 penates,

64 1879 132 1921 hic
157 1894 288 1934 Sacra,
313 1879 557 1935 religiones,
581 1878 862 1920 caerimoniae
888 1879 1177 1932 continentur3
1204 1880 1285 1920 hoc
1305 1894 1395 1934 per-

62 1937 229 1992 fugium
266 1941 331 1979 est
368 1938 430 1979 ita
466 1941 659 1979 sanctum
693 1938 907 1990 omnibus,
945 1940 994 1978 ut
1025 1938 1120 1978 inde
1154 1938 1294 1992 abripi
1325 1952 1394 1978 ne·

63 1996 220 2037 minem
252 1996 318 2038 fas
351 1997 418 2038 sit.
469 1996 559 2045 Quo
592 1996 730 2051 magis
758 1998 822 2036 est
847 1996 970 2037 istius
996 1995 1114 2037 furor
1141 1997 1193 2036 ab
1222 1996 1394 2037 auribus
1409 1996 1465 2038 42

63 2055 218 2096 vestris
250 2055 535 2109 repellendus,
575 2056 663 2109 qui,
702 2069 808 2109 quae
842 2054 1023 2096 maiores
1056 2054 1194 2095 nostri
1226 2054 1395 2108 religio-

63 2112 187 2153 nibus
219 2116 314 2154 tuta
343 2114 466 2154 nobis
494 2116 536 2154 et
563 2116 712 2154 sancta
738 2127 829 2154 esse
855 2113 1093 2166 voluerunt,
1126 2127 1174 2153 ea
1199 2113 1282 2153 iste
1308 2127 1394 2154 non

66 2171 203 2212 solum
235 2173 384 2212 contra
409 2172 658 2227 religionem
684 2171 972 2225 labefactavit,
1004 2171 1076 2212 sed
1103 2170 1233 2212 etiam
1258 2171 1392 2225 ipsius

64 2229 286 2284 religionis
318 2230 487 2271 nomine
520 2231 684 2272 evertit.

153 2289 212 2328 At
250 2302 355 2341 quae
394 2287 471 2329 dea
508 2289 599 2330 est‘?
639 2289 805 2330 Bonam
843 2303 933 2329 esse
966 2290 1152 2342 oportet,
1191 2288 1462 2341 quoniamllo

134 2361 205 2387 cre.
225 2363 264 2387 11.
286 2364 309 2387 2,
1136 2359 1178 2390 32
