1687 2533
160 203 203 234 27

230 97 314 138 468
424 95 486 131 DE
515 96 650 131 DOMO
678 96 769 131 sUA
795 96 858 130 AD
883 96 1161 131 PONTIFICES
1189 96 1375 133 ORATIO.

231 193 325 243 Qua
357 193 526 247 quidem
557 193 602 233 in
627 193 842 233 sententia
868 192 903 232 si
930 191 1002 234 Cn.
1023 192 1201 247 Pompei
1226 193 1413 248 dignitas
1440 196 1565 235 aucta¹

233 255 298 292 est
330 252 556 293 coniuncta
587 266 680 292 cum
713 251 900 292 utilitate
933 251 1157 305 communi,
1188 255 1301 293 certe
1327 251 1562 293 laudandus

233 324 382 363 essem,
413 310 451 350 si
482 311 570 350 eius
603 309 805 364 dignitati
837 309 1094 364 suffragatus
1127 309 1309 363 viderer,
1342 309 1414 365 qui
1445 325 1563 351 meae

165 369 214 410 11
233 368 362 409 saluti
395 383 518 422 opem
552 371 593 409 et
625 368 830 409 auxilium
861 368 1044 409 tulisset.
1106 367 1336 421 Desinant,
1368 368 1563 410 desinant

160 964 203 995 28

160 1548 203 1578 29

161 2190 204 2220 30

230 427 424 468 homines
456 427 590 467 isdem
623 426 832 467 machinis
864 441 1033 480 sperare
1066 441 1134 467 me
1165 427 1412 468 restitutum
1436 442 1562 482 posse

231 485 501 539 labefactari,
535 485 687 539 quibus
721 487 847 526 antea
879 487 1066 526 stantem
1097 486 1380 539 perculerunt.
1442 485 1563 534 Quod

231 544 343 585 enim
386 558 465 598 par
509 543 722 584 amicitiae
766 543 1001 585 consularis
1044 543 1127 584 fuit
1170 559 1372 598 umquam
1408 544 1453 585 in
1483 544 1564 586 hac

231 603 406 644 civitate
450 602 734 657 coniunctius,
778 617 905 656 quam
950 602 1106 643 fuimus
1144 603 1256 643 inter
1292 617 1370 644 nos
1409 617 1488 658 ego
1521 605 1564 644 et

232 660 305 702 Cn.
327 661 583 715 Pompeius?
617 660 709 714 quis
737 661 849 715 apud
874 661 1079 714 populum
1105 661 1346 702 Romanum
1372 661 1421 702 de
1446 661 1563 702 illius

234 719 445 774 dignitate
477 719 711 773 inlustrius,
745 720 838 773 quis
870 721 915 760 in
949 722 1099 761 senatu
1132 720 1300 774 saepius
1327 719 1461 761 dixit?
1493 720 1564 774 qui

230 781 377 819 tantus
403 778 484 818 fuit
511 778 645 831 labor,
679 792 785 832 quae
811 778 1020 830 simultas,
1048 793 1154 832 quae
1182 778 1410 831 contentio,
1436 793 1563 832 quam

231 850 310 892 ego
348 851 433 878 non
471 851 547 891 pro
580 836 697 877 illius
730 836 939 891 dignitate
973 837 1259 891 susceperim?
1298 837 1369 891 qui
1401 837 1455 878 ab
1486 837 1562 878 illo

230 895 274 935 in
306 910 373 936 me
404 895 554 947 honos,
586 909 694 949 quae
719 895 979 949 praedicatio
1007 895 1057 935 de
1084 910 1177 936 mea
1204 895 1340 949 laude,
1372 909 1477 950 quae
1504 910 1564 936 re-

231 954 469 995 muneratio
507 954 820 994 benivolentiae
852 953 1152 1007 praetermissa
1185 954 1278 995 est‘?
1338 953 1460 995 Hanc
1492 968 1564 995 no·

232 1015 366 1053 stram
386 1013 738 1065 coniunctionem,
759 1012 869 1053 hanc
890 1012 1248 1066 conspirationem
1268 1013 1313 1054 in
1333 1027 1378 1053 re
1391 1012 1563 1067 publica
1599 1025 1616 1050 5

230 1071 336 1111 bene
351 1071 548 1126 gerenda,
569 1071 677 1111 hanc
690 1070 1038 1111 iucundissimam
1055 1071 1166 1111 vitae
1183 1074 1309 1124 atque
1325 1071 1563 1112 officiorum

230 1129 419 1170 omnium
455 1129 701 1170 societatem
730 1129 834 1170 certi
863 1129 1055 1169 homines
1084 1129 1194 1170 fictis
1226 1130 1492 1171 sermonibus
1521 1132 1564 1170 et

229 1187 350 1228 falsis
372 1187 619 1229 criminibus
641 1187 912 1239 diremerunt,
933 1202 1025 1228 cum
1047 1187 1158 1228 idem
1178 1188 1315 1241 illum,
1335 1190 1384 1228 ut
1398 1202 1463 1229 me
1478 1202 1563 1228 me-

229 1248 378 1300 tueret,
405 1260 471 1286 me
497 1248 677 1297 caveret,
702 1248 935 1298 monerent,
959 1246 1071 1286 idem
1097 1246 1208 1300 apud
1229 1261 1295 1287 me
1316 1246 1423 1287 mihi
1440 1246 1563 1287 illum

229 1304 302 1344 uni
330 1318 421 1345 esse
450 1304 790 1345 inimicissimum
819 1304 1022 1357 dicerent,
1054 1307 1102 1345 ut
1125 1319 1260 1359 neque
1287 1318 1366 1360 ego
1394 1305 1446 1346 ab
1473 1305 1562 1358 illo,
1582 1318 1597 1342 ε)

229 1377 336 1416 quae
363 1361 468 1403 mihi
488 1362 670 1417 petenda
690 1365 843 1416 essent,
871 1362 975 1403 satis
996 1363 1211 1404 audaciter
1230 1366 1373 1418 petere
1392 1377 1563 1418 possem

229 1435 364 1475 neque
388 1421 460 1462 ille
481 1424 548 1462 tot
563 1421 875 1474 suspicionibus
890 1425 1101 1462 certorum
1116 1422 1335 1463 hominum
1350 1424 1392 1462 et
1408 1424 1563 1463 scelere

231 1480 508 1532 exulceratus,
530 1494 636 1534 quae
658 1495 798 1520 meum
818 1482 986 1534 tempus
1007 1480 1260 1535 postularet,
1281 1480 1386 1522 satis
1399 1480 1562 1534 prolixe

232 1538 336 1578 mihi
362 1538 648 1592 polliceretur.
695 1538 807 1579 Data
835 1553 993 1579 merces
1022 1541 1087 1579 est
1112 1539 1265 1580 erroris
1293 1539 1375 1580 mei
1395 1552 1564 1594 magna,

229 1597 472 1650 pontifices,
510 1599 557 1637 ut
594 1611 660 1637 me
698 1612 784 1637 non
823 1597 961 1638 solum
999 1597 1144 1652 pigeat
1182 1597 1562 1651 stultitiae'meae,

231 1655 304 1695 sed
344 1655 471 1696 etiam
504 1655 679 1709 pudeat,
721 1655 810 1709 qui,
848 1670 942 1696 cum
973 1670 1041 1696 me
1071 1670 1157 1697 non
1188 1656 1457 1710 repentinum
1489 1655 1562 1697 ali-

232 1713 343 1766 quod
380 1716 549 1768 tempus
588 1728 745 1768 meum,
784 1714 856 1755 sed
887 1717 1049 1756 veteres
1081 1714 1217 1755 multo
1251 1718 1347 1755 ante
1379 1714 1563 1767 suscepti

231 1774 273 1811 et
309 1772 472 1825 provisi
510 1772 679 1813 labores
717 1786 812 1813 cum
850 1772 940 1813 viro
979 1772 1213 1814 fortissimo
1253 1775 1295 1813 et
1325 1772 1561 1814 clarissimo

231 1829 563 1883 coniunxissent,
602 1831 681 1871 sim
718 1845 870 1885 passus
903 1845 928 1872 a
958 1831 1035 1871 tali
1067 1831 1255 1872 amicitia
1289 1830 1470 1871 distrahi
1501 1844 1564 1872 me

230 1902 366 1941 neque
397 1887 693 1941 intellexerim,
725 1889 877 1943 quibus
911 1892 984 1930 aut
1014 1892 1061 1930 ut
1093 1890 1251 1943 apertis
1282 1889 1464 1930 inimicis
1491 1889 1562 1930 ob-

232 1946 426 1987 sisterem
449 1949 523 1987 aut
543 1950 590 1987 ut
608 1947 824 1988 insidiosis
846 1947 992 1989 amicis
1012 1962 1097 1989 non
1118 1948 1340 1989 crederem.
1380 1946 1562 1988 Proinde

232 2004 429 2045 desinant
455 2005 684 2058 aliquando
712 2021 778 2046 me
804 2006 937 2047 isdem
963 2006 1112 2047 inflare
1137 2006 1295 2047 verbis:
1329 2004 1452 2054 ‘Quid
1480 2005 1561 2047 sibi

230 2063 311 2103 iste
348 2062 471 2104 volt?
515 2063 667 2117 nescit,
711 2067 917 2117 quantum
957 2064 1211 2105 auctoritate
1252 2064 1412 2118 valeat,
1456 2078 1561 2118 quas

231 2135 298 2162 res
325 2121 523 2177 gesserit,
564 2137 645 2176 qua
678 2121 886 2177 dignitate
919 2123 975 2163 sit
1006 2122 1259 2163 restitutus?
1321 2121 1405 2164 Cur
1436 2125 1561 2164 ornat

233 2194 346 2233 eum,
379 2195 403 2220 a
436 2195 518 2234 quo
552 2180 742 2221 desertus
776 2180 885 2222 est‘?'
946 2181 1040 2235 Ego
1073 2195 1171 2222 vero
1203 2195 1338 2235 neque
1371 2195 1437 2222 me
1468 2183 1560 2222 tum

232 2238 445 2279 desertum
470 2240 592 2292 puto,
630 2238 702 2279 sed
736 2253 869 2293 paene
902 2239 1105 2293 deditum,
1136 2253 1229 2294 nec,
1262 2253 1368 2293 quae
1400 2239 1486 2280 sint
1516 2239 1560 2280 in

230 2296 307 2337 illa
344 2296 405 2337 rei
444 2297 639 2351 publicae
677 2296 848 2338 flamma
881 2300 1000 2353 gesta
1034 2299 1182 2338 contra
1213 2312 1280 2339 me
1310 2311 1445 2352 neque
1478 2311 1560 2352 quo

1584 733 1617 757 10

1582 1609 1615 1634 ‘25

1581 1901 1615 1926 30

1580 2191 1613 2218 35
