1619 2542
59 359 116 442 {18

133 99 221 141 334
507 97 600 133 PRO
627 98 668 134 L.
694 96 901 132 MURENA
930 96 1120 132 ORATIO.

135 210 255 238 meae
288 194 555 251 diligentiae,
586 194 721 236 nolite
754 193 941 235 adimere
974 207 1090 247 eum,
1121 193 1188 234 cui
1219 208 1308 235 rem
1339 194 1477 249 publi-

133 269 227 297 cam
266 255 391 309 cupio
429 253 598 295 tradere
635 253 891 294 incolumem
923 251 978 293 ab
1009 251 1076 293 his
1109 252 1243 294 tantis
1275 253 1476 307 periculis

133 313 454 355 defendendam.

220 373 362 426 Atque
407 371 460 412 ad
490 371 596 426 haec
627 370 759 423 mala,
796 368 974 423 iudices,
1012 370 1113 425 quid
1145 369 1318 412 accedat
1348 370 1477 425 aliud,

130 445 218 473 non
260 430 445 471 videtis?
506 429 584 483 Te,
621 431 665 470 te
698 428 889 483 appello,
927 427 1054 482 Cato3
1092 443 1233 471 nonne
1264 429 1512 485 prospiciss

131 491 435 545 tempestatem
475 489 575 530 anni
612 487 707 529 tui?
767 487 858 528 Iam
898 487 1011 528 enim
1043 488 1246 529 hesterna
1277 489 1476 530 contione

130 548 320 590 intonuit
352 562 435 589 vox
461 546 704 601 perniciosa
730 545 943 601 designati
968 546 1146 601 tribuni,
1177 547 1368 602 collegae
1393 547 1476 601 tui3

131 611 281 649 contra
313 621 439 661 quem
472 606 658 647 multum
689 608 766 646 tua
797 619 936 658 mens,
976 606 1162 647 multum
1194 620 1342 648 omnes
1372 605 1477 648 boni

130 665 423 720 providerunt,
445 665 518 720 qui
538 668 581 706 te
602 665 655 706 ad
676 664 921 705 tribunatus
936 664 1191 718 petitionem
1205 667 1475 706 vocaverunt.

59 724 311 777 (82)Omnia,
345 738 453 779 quae
484 738 561 779 per
593 724 674 765 hoc
705 722 938 764 triennium
971 723 1138 778 agitata
1164 726 1276 778 sunt,
1306 723 1394 765 iam
1420 724 1474 765 ab
1495 737 1528 763 ιο

59 908 102 939 82

58 1909 100 1941 83

133 798 182 825 eo
222 786 434 838 tempore,
474 797 556 837 quo
596 798 621 824 a
651 781 697 823 L.
730 780 917 823 Catilina
949 784 992 823 et
1024 780 1098 823 Cn.
1131 782 1287 824 Pisone
1318 782 1475 824 initum

131 842 362 884 consilium
394 844 570 883 senatus
601 840 884 882 interficiendi
916 840 1035 882 scitis
1062 855 1166 894 esse,
1197 841 1242 883 in
1267 841 1348 883 hos
1373 841 1476 896 dies,

130 902 175 942 in
214 901 294 942 hos
328 915 514 954 menses,
551 901 596 941 in
626 900 708 942 hoc
738 902 908 954 tempus
940 903 1182 955 erumpunt.
1243 898 1326 948 Qui
1355 900 1475 943 locus

131 962 207 1010 est,
239 960 412 1010 iudices,
439 959 551 1014 quod
576 961 759 1012 tempus,
791 958 864 1012 qui
890 958 991 1011 dies,
1018 973 1126 1012 quae
1150 973 1247 1011 nox,
1273 973 1368 1001 cum
1394 973 1473 1014 ego

129 1034 216 1060 non
259 1033 310 1060 ex
355 1019 538 1059 istorum
581 1017 748 1058 insidiis
795 1031 842 1059 ac
886 1017 1161 1058 mucronibus
1204 1032 1293 1059 non
1335 1018 1473 1060 solum
1494 1030 1528 1057 15

130 1092 244 1130 meo,
285 1077 359 1119 sed
401 1077 539 1118 multo
580 1076 711 1117 etiam
749 1075 887 1130 magis
925 1075 1068 1118 divino
1107 1076 1285 1117 consilio
1317 1077 1475 1132 eripiar

129 1139 258 1191 atque
291 1135 486 1177 evolem?
531 1134 678 1189 Neque
710 1134 783 1175 isti
809 1149 877 1175 nie
907 1149 1001 1176 meo
1027 1136 1200 1177 nomine
1225 1135 1474 1188 interficere,

131 1195 203 1236 sed
248 1194 505 1250 vigilantem
555 1193 774 1236 consulem
819 1193 869 1234 de
912 1194 975 1234 rei
1016 1193 1214 1249 publicae
1257 1194 1472 1249 praesidio

130 1254 354 1294 demovere
386 1254 555 1306 volunt3
586 1267 663 1294 nec
696 1252 836 1293 minus
868 1252 1044 1305 vellent,
1078 1251 1198 1307 Cato,
1229 1254 1273 1293 te
1305 1267 1473 1307 quoque

129 1313 274 1367 aliqua
299 1312 478 1366 ratione,
511 1313 547 1352 si
574 1314 762 1365 possent,
790 1311 962 1365 tollere3
987 1311 1030 1352 id
1056 1311 1181 1366 quod,
1207 1310 1314 1353 mihi
1339 1312 1472 1363 crede,
1492 1326 1526 1350 20

129 1373 172 1412 et
212 1373 349 1426 agunt
387 1373 430 1412 et
468 1370 715 1412 moliuntur.
782 1368 960 1424 Vident,
1006 1373 1215 1424 quantum
1251 1369 1297 1411 in
1334 1373 1378 1411 te
1415 1370 1473 1411 sit

129 1430 283 1483 animi,
316 1432 523 1484 quantum
562 1429 741 1484 ingenii,
774 1432 981 1483 quantum
1023 1428 1312 1484 auctoritatis,
1344 1443 1472 1484 quan-

128 1491 221 1530 tum
248 1489 309 1529 rei
335 1488 532 1542 publicae
558 1487 777 1542 praesidii3
811 1487 895 1539 sed,
928 1502 1025 1529 cum
1050 1487 1267 1529 consulari
1293 1488 1472 1530 auctori-

128 1551 218 1589 tate
264 1550 307 1589 et
352 1547 509 1589 auxilio
555 1547 787 1600 spoliatam
831 1547 918 1587 vim
963 1547 1238 1588 tribuniciam
1275 1546 1472 1600 viderint,

128 1608 222 1647 tum
258 1620 302 1647 se
328 1605 495 1648 facilius
521 1606 729 1647 inermem
755 1607 798 1647 et
824 1605 1094 1647 debilitatum
1121 1608 1164 1646 te
1190 1619 1470 1660 oppressuros
1490 1617 1524 1644 25

130 1665 408 1706 arbitrantur.
470 1663 602 1719 Nam,
634 1679 687 1705 ne
719 1663 958 1706 sufficiatur
989 1664 1156 1718 consul,
1187 1679 1274 1706 non
1305 1664 1471 1705 timent.

129 1722 290 1764 Vident
320 1724 364 1764 in
395 1726 569 1764 tuorum
601 1725 818 1778 potestate
850 1722 1115 1778 collegarum
1144 1722 1256 1776 fore3
1294 1725 1471 1777 sperant

130 1781 212 1822 sibi
243 1781 300 1823 D.
333 1780 546 1835 Silanum,
579 1783 743 1823 clarum
775 1782 932 1835 virum,
964 1782 1055 1822 sine
1086 1781 1273 1835 collega,
1304 1783 1348 1822 te
1379 1781 1470 1822 sine

129 1839 320 1892 consule,
372 1854 463 1881 rem
512 1840 730 1895 publicam
779 1840 869 1881 sine
916 1839 1131 1894 praesidio
1176 1838 1288 1880 obici
1330 1853 1469 1894 posse.

127 1898 208 1940 His
241 1898 374 1939 tantis
414 1898 459 1939 in
495 1898 621 1940 rebus
659 1899 878 1952 tantisque
914 1899 959 1939 in
994 1897 1193 1953 periculis
1233 1900 1298 1938 est
1335 1903 1524 1952 tuum,so

127 1956 184 2000 M.
218 1955 343 2010 Cato,
382 1956 454 2010 qui
493 1956 599 1997 mihi
639 1972 727 1999 non
766 1957 866 2012 tibi,
910 1956 983 1998 sed
1019 1956 1184 2010 patriae
1214 1958 1343 1997 natus
1377 1970 1469 1998 esse

127 2016 295 2066 videris,
332 2014 491 2068 videre,
531 2015 632 2069 quid
670 2018 844 2070 agatur,
881 2015 1063 2056 retinere
1108 2014 1364 2068 adiutorem,
1401 2015 1469 2056 de-

127 2074 356 2128 fensorem,
388 2073 552 2115 socium
577 2074 620 2114 in
641 2088 686 2115 re
705 2074 890 2129 publica,
916 2073 1133 2115 consulem
1153 2087 1238 2114 non
1258 2072 1469 2128 cupidum,

129 2133 360 2186 consulem,
392 2131 506 2187 quod
538 2132 720 2173 maxime
752 2135 922 2187 tempus
953 2131 1034 2173 hoc
1060 2132 1263 2186 postulat,
1294 2132 1468 2173 fortuna

128 2191 412 2234 constitutum
468 2190 521 2231 ad
581 2191 909 2244 amplexandum
965 2189 1119 2243 otium,
1181 2190 1359 2232 scientia
1415 2190 1467 2231 ad
1487 2200 1520 2227 35

127 2250 292 2292 bellum
348 2248 596 2304 gerendum,
652 2249 796 2290 animo
854 2252 898 2290 et
946 2262 1044 2302 usn,
1098 2248 1151 2289 ad
1201 2248 1314 2303 quod
1361 2248 1467 2290 velis

126 2309 361 2364 negotium.
