1687 2533
523 78 622 115 CAP.
652 82 787 113 13—15
815 83 834 120 ξ
857 82 1008 116 27-32.
1360 80 1445 122 527

106 176 156 217 de
194 176 324 230 ludis,
363 176 457 230 quis
497 178 580 229 est,
618 175 690 229 qui
720 173 764 215 id
794 189 880 216 non
912 177 1053 216 totum
1085 176 1130 216 in
1162 174 1288 216 istius
1321 176 1445 218 ludos

104 235 368 290 praedictum
401 237 444 276 et
474 248 727 289 responsum
759 248 851 275 esse
882 233 1102 275 fateatur?
1463 270 1515 309 14

193 292 394 347 Sequitur
426 293 475 334 de
507 293 612 334 10613
639 292 768 334 sacris
795 292 1023 347 religiosis,
1070 291 1104 334 O
1130 292 1442 347 impudentiam
1469 321 1515 352 30

104 353 273 393 miram!
316 352 366 393 de
407 367 501 393 mea
541 352 666 393 domo
705 351 843 393 dicere
881 351 1040 393 audes?
1103 349 1336 394 Committe
1374 353 1441 395 vel

49 421 67 446 5
103 411 348 453 consulibus
386 412 453 452 vel
491 411 657 451 senatui
694 410 760 451 vel
799 410 981 464 collegio
1019 411 1272 465 pontificum
1310 415 1442 454 tuam.

102 469 166 511 Ac
198 484 292 511 mea
324 470 493 524 quidem
524 469 591 510 his
628 469 767 510 tribus
806 469 1003 510 omnibus
1042 469 1227 523 iudiciis,
1268 472 1315 511 ut
1354 471 1442 512 dixi

102 531 244 582 antea,
277 529 459 570 liberata
490 531 572 582 est3
604 531 649 569 at
678 529 724 569 in
749 528 800 569 iis
828 528 1025 581 aedibus,
1058 543 1162 582 quas
1190 531 1238 569 tu
1264 527 1310 577 Q.
1332 527 1441 582 Seio,

101 588 242 641 equite
262 586 469 640 Romano,
500 587 591 628 viro
625 587 799 641 optimo,
831 602 908 641 per
938 590 982 628 te
1015 588 1285 640 apertissime
1311 588 1440 629 inter-

102 646 211 687 fecto
243 648 375 700 tenes,
407 646 610 688 sacellum
643 646 735 687 dico
767 645 899 687 fuisse
931 649 968 687 et
998 660 1106 686 aras.
1156 646 1333 687 Tabulis
1359 647 1440 688 hoc

49 715 82 740 10
101 705 326 759 censoriis,
384 704 588 746 memoria
644 705 878 746 multorum
928 705 1110 746 firmabo
1162 720 1210 747 ac
1260 706 1438 760 doceb03

100 768 256 818 agatur
286 764 413 805 modo
445 764 550 805 haec
580 778 666 817 reS,
704 763 817 818 quod
849 778 899 805 ex
932 778 980 805 eo
1015 766 1189 805 senatus
1228 765 1439 817 consulto,
1465 775 1507 806 31

101 823 214 876 quod
249 837 385 877 nuper
422 825 488 863 est
523 822 702 875 factum,
743 822 893 863 referri
934 822 987 863 ad
1027 837 1104 864 vos
1144 837 1317 864 necesse
1362 826 1438 875 est,

99 882 251 935 habeo,
284 896 390 935 quae
417 881 466 922 de
492 881 598 922 locis
624 881 838 936 religiosis
871 881 1000 922 velim
1032 881 1180 923 dicere.
1231 881 1339 923 Cum
1371 882 1421 923 de
1435 888 1508 930 (31)

100 940 226 981 domo
258 943 333 981 tua
365 940 529 993 dixero,
561 940 604 980 in
637 955 720 994 qua
751 942 898 981 tamen
929 940 991 981 ita
1023 943 1090 981 est
1121 940 1440 982 inaedificatum

47 1008 80 1034 15
100 999 318 1053 sacellum,
349 1002 397 1040 ut
429 999 537 1039 alius
563 998 724 1052 feeerit,
755 999 835 1039 tibi
861 1001 1032 1039 tantum
1059 999 1185 1041 modo
1212 1000 1269 1040 sit
1295 999 1437 1041 demo-

99 1058 303 1109 liendum,
341 1060 433 1098 tum
471 1057 641 1111 videbo,
679 1072 781 1098 num
819 1057 926 1098 mihi
965 1072 1137 1099 necesse
1171 1058 1227 1098 sit
1259 1058 1309 1100 de
1342 1058 1439 1099 aliis

100 1117 230 1157 etiam
268 1116 430 1170 aliquid
469 1116 616 1157 dicere.
678 1116 840 1157 Putant
876 1117 989 1157 enim
1028 1116 1081 1157 ad
1113 1131 1179 1158 me
1211 1131 1299 1158 non
1328 1117 1439 1158 nulli

98 1175 312 1229 pertinere
351 1175 709 1229 magmentarium
747 1174 932 1216 Telluris
972 1172 1154 1230 aperire.'
1211 1175 1358 1229 Nuper
1395 1175 1438 1216 id

98 1234 290 1288 patuisse
323 1233 480 1286 dicunt,
512 1237 555 1274 et
586 1248 666 1289 ego
698 1234 909 1275 recordor.
965 1232 1089 1275 Nunc
1121 1234 1438 1275 sanctissimam

46 1302 80 1326 20
98 1295 266 1345 partem
305 1307 353 1333 ac
391 1293 534 1333 sedem
571 1292 783 1333 maximae
819 1292 1042 1347 religionis
1080 1292 1251 1345 privato
1293 1292 1440 1334 dicunt

99 1351 315 1391 vestibulo
357 1350 577 1392 contineri.
638 1350 777 1391 Multa
816 1365 882 1391 me
924 1353 1117 1403 movent,
1159 1350 1271 1404 quod
1313 1351 1438 1392 aedes

99 1408 285 1450 Telluris
306 1411 372 1450 est
391 1409 622 1450 curationis
642 1423 774 1462 meae,
795 1409 908 1463 quod
928 1408 977 1463 is,
998 1409 1070 1463 qui
1090 1409 1199 1450 illud
1218 1422 1438 1463 magmen—

97 1468 258 1508 tarium
290 1468 476 1521 sustulit,
508 1482 604 1509 mea
635 1468 760 1509 domo
792 1468 949 1509 iudicio
975 1468 1227 1521 pontificum
1253 1468 1439 1509 liberata

99 1526 329 1567 secundum
354 1525 534 1567 fratrem
560 1540 682 1567 suum
708 1526 943 1568 iudicatum
969 1540 1061 1568 esse
1082 1526 1267 1579 dicebat3
1294 1530 1439 1568 movet

46 1594 79 1619 25
100 1599 166 1625 me
207 1585 336 1626 etiam
374 1585 418 1626 in
456 1585 534 1626 hac
572 1585 751 1626 caritate
790 1599 1001 1639 annonae,
1039 1585 1271 1626 sterilitate
1313 1599 1438 1640 agro-

100 1658 207 1695 rum,
233 1643 377 1697 inopia
401 1643 573 1696 frugum
599 1644 751 1699 religio
778 1643 975 1697 Telluris,
1001 1646 1045 1684 et
1070 1658 1120 1685 eo
1148 1644 1297 1698 magis,
1324 1643 1437 1698 quod

101 1702 250 1743 eodem
282 1704 452 1742 ostento
484 1701 646 1742 Telluri
676 1702 849 1756 postilio
882 1702 1027 1743 deberi
1065 1702 1230 1743 dicitur.
1280 1701 1437 1744 Vetera
1463 1714 1506 1744 32

98 1759 283 1802 fortasse
330 1760 562 1813 loquimur3
613 1775 870 1815 quamquam
922 1760 1003 1801 hoc
1053 1760 1090 1801 31
1138 1760 1277 1802 minus
1322 1761 1438 1803 civili

100 1819 190 1860 iure
230 1818 514 1873 perscriptum
555 1821 636 1871 est,
677 1819 773 1873 lege
813 1821 958 1860 tamen
1000 1821 1180 1860 naturae
1222 1820 1437 1861 communi

46 1877 190 1918 30iure
232 1877 423 1932 gentium
465 1879 658 1918 sanctum
701 1880 783 1931 est,
826 1879 874 1918 ut
913 1877 1021 1918 nihil
1062 1879 1264 1919 mortales
1307 1893 1331 1919 a
1372 1878 1436 1918 dis

100 1935 416 1977 immortalibus
454 1949 533 1976 usu
570 1949 719 1990 capere
757 1935 937 1990 possint.
997 1934 1157 1977 Verum
1187 1939 1334 1977 tamen
1365 1951 1435 1976 an·
1454 1937 1508 1978 15

100 1993 221 2048 tiqua
250 1994 536 2049 neglegimus3
570 1994 754 2035 etiamne
786 2008 836 2035 ea
865 1995 1159 2050 neglegemus,
1195 2009 1303 2049 quae
1328 1994 1437 2035 fiunt

102 2067 198 2094 cum
229 2052 424 2106 maxime,
457 2067 564 2106 quae
595 2052 815 2094 videmus?
864 2051 911 2094 L.
943 2052 1140 2094 Pisonem
1174 2053 1268 2106 quis
1301 2053 1437 2094 nescit

101 2110 168 2152 his
194 2111 459 2164 temporibus
485 2111 589 2164 ipsis
616 2111 848 2152 maximum
870 2114 913 2153 et
932 2112 1249 2153 sanctissimum
1271 2110 1436 2152 Dianae

48 2179 82 2204 35
103 2170 305 2211 sacellum
341 2170 386 2210 in
418 2169 630 2211 Caeliculo
668 2170 922 2212 sustulisse?
984 2171 1156 2211 Adsunt
1188 2169 1314 2211 vicini
1346 2170 1435 2210 eius

102 2227 202 2280 loci3
242 2229 367 2269 multi
407 2231 507 2269 sunt
547 2228 677 2269 etiam
715 2228 760 2269 in
797 2228 879 2270 hoc
916 2229 1080 2282 ordine,
1124 2229 1195 2282 qui
1228 2227 1437 2269 sacrificia

102 2286 322 2341 gentilicia
355 2287 430 2328 illo
467 2286 560 2341 ipso
594 2286 640 2328 in
675 2287 833 2329 sacello
863 2290 978 2329 stato
1014 2288 1108 2328 loco
1145 2287 1436 2327 anniversaria
