1687 2533
142 1001 181 1032 17

144 2111 185 2142 18

211 73 296 115 436
347 72 522 108 ORATIO
549 71 669 107 POST
696 71 913 106 REDITUM
938 70 990 105 IN
1016 71 1206 106 SENATU
1231 71 1423 107 HABITA.

211 171 351 223 oculo,
388 184 475 210 non
512 169 650 210 dicam
688 168 771 209 isto
811 167 973 221 animo,
1010 167 1095 209 ista
1131 166 1290 221 fronte,
1328 182 1414 209 11011
1445 168 1547 221 vita,

210 231 333 270 tanto
361 228 601 283 supercilio,
626 241 712 268 non
738 227 850 267 enim
875 240 1050 279 possum
1077 225 1233 267 dicere:
1258 226 1393 267 tantis
1419 227 1546 268 rebus

211 288 358 342 gestis,
383 301 477 328 cum
498 286 550 327 A.
571 284 755 326 Gabinio
782 284 1026 326 consociare
1046 284 1226 325 consilia
1243 284 1377 338 pestis
1398 285 1546 326 meae?

210 345 309 387 Non
345 348 388 387 te
426 345 541 385 illius
579 347 894 399 unguentorum
927 343 1046 396 odor,
1083 357 1170 384 non
1200 342 1289 383 vini
1320 343 1547 397 anhelitus,

211 419 297 446 non
334 404 452 445 frons
491 402 729 444 calamistri
765 405 917 443 notata
954 401 1148 457 vestigiis
1186 402 1231 442 in
1263 416 1356 442 eam
1388 402 1583 457 cogita-5

210 463 374 504 tionem
415 462 668 514 adducebat,
712 463 778 513 ut,
822 475 917 501 cum
954 460 1069 501 illius
1108 474 1153 501 re
1192 459 1344 501 similis
1381 460 1548 515 fuisses,

210 521 365 563 frontis
404 521 485 561 tibi
523 521 805 574 integimento
845 519 897 560 ad
935 518 1185 560 occultanda
1222 521 1345 560 tanta
1380 519 1549 574 flagitia

211 581 370 621 diutius
410 580 473 620 uti
517 593 602 620 11011
647 578 824 620 liceret?
891 576 999 618 Cum
1042 577 1122 618 hoc
1169 577 1281 618 coire
1324 592 1452 618 ausus
1490 591 1547 631 es,

210 642 259 680 ut
289 638 556 680 consularem
589 637 861 691 dignitatem,
892 638 941 676 ut
972 636 1034 677 rei
1065 636 1261 689 publicae
1294 638 1468 690 statum,
1499 639 1547 677 ut

212 699 383 739 senatus
417 696 737 749 auctoritatem,
769 698 817 736 ut
849 695 951 736 civis
985 695 1145 748 optime
1177 694 1319 735 meriti
1350 695 1545 736 fortunas
1568 706 1600 731 ιο

209 755 527 811 provinciarum
576 754 744 795 foedere
795 753 1038 794 addiceres?
1113 752 1171 793 Te
1221 753 1412 806 consule,
1461 754 1546 794 tuis

211 814 358 855 edictis
410 817 452 854 et
494 813 684 868 imperiis
730 812 897 853 senatui
937 812 1085 866 populi
1128 811 1311 853 Romani
1353 826 1439 853 non
1482 815 1547 853 est

210 873 375 914 licitum
400 887 486 914 non
514 872 639 912 modo
666 871 889 912 sententiis
917 874 1043 924 atque
1070 870 1327 911 auctoritate
1355 886 1442 924 3113,
1475 871 1547 912 sed

209 946 261 972 110
306 932 423 972 luctu
467 930 634 985 quidem
679 944 728 971 30
765 929 925 970 vestitu
962 929 1023 970 rei
1060 929 1254 983 publicae
1293 929 1546 970 subvenire?

211 990 435 1044 Capuaene
460 993 504 1030 te
531 989 726 1043 putabas,
752 989 796 1029 in
823 1003 906 1041 qua
925 988 1028 1028 urbe
1048 988 1310 1029 domicilium
1331 988 1545 1041 quondam
1567 999 1599 1024 15

211 1049 435 1102 superbiae
466 1048 565 1101 fuit,
604 1047 821 1088 consulem
854 1061 962 1099 esse,
994 1046 1106 1087 sicut
1137 1060 1230 1087 eras
1263 1061 1311 1087 οο
1343 1050 1547 1100 tempore,

210 1122 264 1148 an
296 1107 475 1159 Romae,
512 1107 558 1147 in
595 1120 678 1159 qua
718 1106 892 1146 civitate
930 1119 1076 1145 omnes
1115 1107 1214 1145 ante
1246 1119 1321 1146 vos
1352 1106 1546 1146 consules

210 1166 378 1207 senatui
416 1164 679 1219 paruerunt?
748 1163 813 1204 Tu
852 1177 895 1203 es
935 1177 1062 1204 ausus
1101 1163 1145 1203 in
1183 1163 1293 1204 circo
1332 1162 1545 1204 Flaminio

209 1225 439 1278 productus
472 1238 567 1264 cum
600 1226 674 1263 tuo
706 1222 782 1263 illo
815 1237 917 1275 pare
950 1221 1087 1262 dicere
1120 1225 1162 1262 te
1190 1236 1357 1276 semper
1382 1222 1546 1262 miseri-

209 1283 379 1324 cordem
403 1282 566 1323 fuisse?
599 1295 681 1335 quo
708 1281 837 1321 verbo
865 1283 1060 1321 senatum
1088 1283 1214 1334 atque
1241 1280 1380 1321 omnis
1406 1281 1542 1321 bonos
1564 1292 1598 1316 20

209 1347 313 1393 tum,
346 1355 441 1382 cum
474 1355 499 1381 a
529 1340 672 1394 patria
702 1342 867 1393 pestem
892 1339 1139 1391 depellerent,
1171 1338 1350 1379 crudelis
1378 1338 1547 1380 demon-

210 1400 380 1440 strabas
407 1399 550 1440 fuisse.
595 1398 659 1439 Tu
685 1397 926 1439 misericors
952 1412 1031 1450 me,
1058 1397 1241 1438 adfinem
1260 1400 1393 1451 tuum,
1420 1412 1545 1452 quem

210 1458 394 1499 comitiis
441 1458 527 1498 tuis
574 1458 898 1510 praerogativae
940 1456 1126 1509 primum
1168 1456 1385 1497 custodem
1425 1470 1546 1510 prae-

209 1518 383 1569 feceras,
411 1530 535 1570 quem
554 1514 760 1556 Kalendis
781 1515 989 1555 Ianuariis
1016 1514 1144 1555 tertio
1173 1516 1266 1556 loco
1288 1515 1545 1555 sententiam

210 1589 405 1630 rogaras,
450 1574 728 1616 constrictum
766 1573 948 1614 inimicis
986 1574 1047 1613 rei
1085 1573 1281 1626 publicae
1318 1573 1545 1627 tradidisti,
1565 1585 1598 1610 25

209 1638 258 1674 tu
302 1648 441 1674 meum
487 1646 707 1687 generum,
756 1632 1040 1687 propinquum
1086 1638 1225 1685 tuum,
1268 1634 1316 1672 tu
1360 1631 1544 1673 adfinem

209 1696 347 1745 tuam,
397 1691 531 1732 filiam
575 1705 732 1744 meam,
785 1690 1102 1744 superbissimis
1154 1693 1197 1730 et
1240 1689 1544 1731 crudelissimis

211 1750 352 1791 verbis
380 1764 405 1790 a
431 1750 609 1804 genibus
635 1750 722 1790 tuis
748 1749 992 1802 reppulisti,
1028 1748 1221 1802 idemque
1246 1751 1294 1789 tu
1320 1749 1546 1789 clementia

210 1823 259 1850 ac
285 1807 577 1849 misericordia
603 1808 823 1862 singulari,
849 1822 944 1848 cum
971 1820 1050 1861 ego
1077 1822 1161 1847 una
1186 1821 1280 1848 cum
1306 1821 1351 1847 re
1373 1807 1545 1861 publica

210 1881 297 1908 non
333 1866 582 1919 tribunicio,
621 1868 694 1907 sed
726 1865 940 1907 consulari
970 1865 1058 1906 ictu
1089 1865 1383 1918 concidissem,
1421 1867 1544 1906 tanto
1564 1876 1597 1902 30

212 1926 369 1967 scelere
418 1927 623 1978 tantaque
668 1924 1000 1978 intemperantia
1042 1923 1179 1976 fuisti,
1229 1926 1277 1964 ut
1319 1937 1371 1964 ne
1415 1938 1543 1964 unam

212 1984 383 2038 quidem
419 1983 569 2024 horam
608 1983 812 2023 interesse
843 1985 1037 2036 paterere
1068 1983 1180 2023 inter
1210 1996 1349 2022 meam
1381 1986 1544 2036 pestem

212 2046 254 2084 et
278 2045 397 2083 tuam
422 2040 636 2096 praedam,
663 2042 815 2082 saltem
841 2041 941 2081 dum
967 2040 1260 2082 conticisceret
1285 2040 1361 2081 illa
1387 2041 1544 2081 lamen-

211 2101 319 2142 tatio
358 2103 401 2141 et
433 2099 617 2155 gemitus
650 2099 785 2139 urbis!
848 2098 1049 2140 Nondum
1080 2099 1223 2152 palam
1256 2098 1417 2140 factum
1450 2101 1542 2139 erat

212 2158 415 2201 occidisse
447 2172 538 2199 rem
569 2157 796 2211 publicam,
829 2172 923 2198 cum
956 2157 1036 2198 tibi
1069 2157 1246 2198 arbitria
1271 2156 1430 2198 funeris
1458 2157 1542 2198 sol-
1562 2166 1595 2192 35

212 2218 432 2269 vehantur,
465 2230 546 2257 uno
580 2215 810 2269 eodemque
842 2218 1033 2270 tempore
1066 2215 1215 2256 domus
1247 2229 1341 2256 mea
1373 2215 1542 2269 diripie-

211 2277 350 2330 batur,
382 2274 570 2329 ardebat,
602 2275 715 2316 bona
747 2273 799 2315 ad
831 2273 1016 2315 vicinum
1043 2273 1259 2315 consulem
1286 2273 1335 2314 de
1362 2272 1542 2323 Palatio,
