1619 2542
587 75 687 112 CAP.
716 81 746 120 1,
773 80 793 111 2
822 80 840 119 s
869 80 958 111 1—5
1420 77 1446 119 3

105 171 258 226 Itaque
291 171 432 214 animo
465 172 606 214 soluto
639 188 664 214 a
696 187 796 215 cura
829 175 871 214 et
897 188 922 214 a
947 173 1209 229 cogitatione
1234 188 1448 227 veneram,

108 230 221 284 quod
251 230 558 286 intellegebam
582 231 709 273 facile
733 231 778 273 id
804 246 870 273 me
895 233 1078 274 testibus
1105 232 1283 287 planum
1307 232 1447 274 facere

106 302 244 344 posse.
305 288 429 331 Nunc
468 304 569 331 vero
610 293 891 345 posteaquam
930 306 1017 334 non
1057 291 1183 333 modo
1229 292 1447 333 confessus

108 350 173 389 est
203 347 269 389 vir
299 347 543 402 primarius,
575 348 620 390 L.
654 349 870 398 Quinctius
900 382 910 392 .
941 382 951 392 .
983 383 993 392 .

110 429 288 482 [Desunt
322 442 460 471 versus
489 443 558 471 sex
589 433 824 472 octonarum
854 433 1052 474 denarum
1075 433 1161 485 fere
1187 432 1445 484 litterarum..]

71 523 88 548 5
108 511 369 565 laborabam,
400 514 460 564 ut,
493 511 605 565 quod
637 513 885 567 arguebam,
916 514 959 555 id
990 513 1152 555 factum
1184 528 1276 555 esse
1309 516 1447 556 osten-

107 571 267 624 derem3
300 585 412 613 nunc
443 570 489 611 in
520 584 568 612 eo
602 572 889 613 consumenda
922 575 987 614 est
1019 573 1176 626 oratio,
1212 576 1261 614 ut
1292 587 1343 614 ne
1377 573 1446 614 ad-

106 629 302 684 versarii,
347 629 460 685 quod
502 629 680 670 infitiari
722 630 842 672 nullo
888 631 1014 673 modo
1055 634 1306 686 potuerunt,
1350 646 1446 674 cum

106 689 288 729 maxime
320 690 538 743 cuperent,
570 688 614 729 id
645 703 740 730 cum
773 689 956 731 confessi
989 693 1106 742 sunt,
1143 690 1319 732 meliore
1353 691 1446 732 loco

107 761 198 788 esse
235 747 472 789 videantur.
538 746 689 801 Itaque
727 750 820 788 tum
857 751 1050 790 vestrum
1088 749 1304 791 difficilius
1342 748 1447 790 iudi·
1474 760 1494 790 2

54 817 86 842 10
106 805 235 858 cium,
267 821 363 848 mea
394 805 534 847 facilis
567 805 756 848 defensio
788 806 1150 853 forevidebatur.
1205 807 1301 863 Ego
1335 808 1447 850 enim

107 864 250 909 omnia
279 864 325 906 in
356 865 531 906 testibus
563 898 571 906 .
602 897 612 906 .
644 899 653 907 .

430 929 748 982 [Desidermztctr
777 933 924 983 septem
955 932 1122 984 versus]

105 995 206 1050 quid
237 997 303 1037 est
332 994 501 1036 facilius
535 1009 662 1048 quam
695 994 744 1035 de
771 1009 832 1046 eo,
865 994 936 1049 qui
962 995 1200 1049 confitetur,
1230 995 1447 1038 iudicare?

103 1054 211 1096 Mihi
248 1056 392 1095 autem
429 1052 603 1094 difficile
645 1055 710 1094 est
754 1053 860 1095 satis
902 1054 1073 1109 copiose
1115 1054 1164 1095 de
1206 1069 1254 1096 eo
1298 1055 1448 1109 dicere,

106 1113 217 1167 quod
247 1127 324 1154 1166
356 1111 543 1154 atrocius
569 1111 711 1153 verbis
738 1112 1023 1154 demonstrari
1054 1115 1210 1168 potest,
1243 1128 1372 1179 quam
1403 1128 1447 1155 16

53 1181 85 1206 15
104 1173 198 1226 ipsa
225 1174 302 1226 est,
332 1185 468 1225 neque
495 1171 685 1225 apertius
712 1171 905 1212 oratione
931 1186 1027 1212 mea
1051 1172 1156 1225 fieri,
1184 1187 1310 1226 quam
1336 1173 1448 1227 ipso-

104 1245 198 1271 rum
231 1230 496 1272 confessione
527 1229 689 1271 factum
722 1232 798 1271 est.

194 1288 300 1331 Cum
342 1289 381 1329 in
423 1288 504 1330 1136
544 1303 607 1342 16,
649 1303 777 1343 quam
818 1290 1168 1343 commemoravi,
1210 1290 1316 1331 mihi
1357 1305 1446 1332 mu·
1473 1300 1494 1331 3

105 1348 235 1389 tanda
266 1347 377 1389 ratio
411 1346 669 1388 defensionis
702 1380 712 1389 .

430 1405 749 1457 [Desiderantur
779 1409 925 1459 septem
955 1408 1121 1458 versus]

105 1464 246 1506 minus
261 1465 490 1519 diligenter
503 1464 620 1505 illius
636 1464 996 1506 existimationem
1015 1479 1141 1518 quam
1156 1478 1246 1505 rem
1261 1463 1316 1505 M.
1331 1464 1447 1506 Tulli

53 1533 87 1558 20
106 1523 271 1565 viderer
309 1523 542 1564 defendere.
604 1521 728 1564 Nunc
767 1523 968 1577 quoniam
1001 1521 1224 1571 Quinctius
1262 1523 1315 1564 ad
1353 1538 1447 1565 6311-

106 1597 197 1624 sam
230 1583 443 1636 pertinere
474 1581 645 1634 putavit
682 1595 748 1622 res
781 1583 844 1622 ita
875 1582 1057 1635 multas,
1088 1581 1222 1622 falsas
1253 1596 1447 1636 praeser—

106 1641 185 1682 tim
217 1644 260 1681 et
291 1640 434 1693 inique
473 1639 694 1692 confictas,
731 1639 923 1694 proferre
961 1639 1011 1681 de
1048 1640 1138 1681 vita
1176 1643 1218 1681 61
1254 1641 1445 1682 moribus

106 1703 150 1741 61
175 1698 490 1740 existimatione
509 1697 564 1739 M.
585 1697 712 1751 Tulli,
738 1698 884 1739 multis
913 1698 962 1739 de
989 1699 1128 1740 causis
1154 1698 1260 1740 mihi
1284 1698 1444 1740 Fabius

106 1757 278 1799 debebit
298 1758 530 1812 ignoscere,
557 1757 592 1797 si
618 1756 759 1797 minus
787 1756 875 1798 eius
900 1756 1040 1798 famae
1065 1772 1239 1812 parcere
1257 1757 1446 1813 videbor,

53 1827 87 1852 25
108 1831 235 1872 quam
267 1819 394 1858 antea
425 1815 629 1857 consului.
691 1815 763 1856 Pri
795 1849 803 1856 .
837 1849 845 1856 .
878 1848 886 1856 .

468 1874 785 1927 [Desiderantm-
814 1887 883 1915 sea:
913 1876 1078 1927 versus]

148 1967 157 1974 .
189 1948 261 1974 ore
290 1933 461 1988 putavit
494 1932 548 1974 ad
578 1932 767 1974 officium
794 1947 915 1974 suum
948 1934 1163 1988 pertinere
1199 1934 1444 1976 adversario

105 1992 225 2033 nulla
243 1992 289 2032 in
308 2006 353 2032 re
372 2006 560 2046 parcere,
593 1991 693 2046 quid
713 2006 779 2032 me
802 1993 971 2046 oportet
991 1992 1182 2033 Tullium
1201 2007 1279 2047 pro
1301 1992 1443 2034 Tullio

106 2050 262 2104 facere,
304 2049 478 2091 1101111116
520 2051 746 2091 coniuncto
787 2064 953 2092 mecum
993 2065 1078 2092 non
1119 2051 1259 2092 minus
1302 2050 1444 2092 animo

108 2124 237 2163 quam
262 2109 461 2150 nomine?
506 2108 569 2150 Ac
595 2108 701 2149 1111111
727 2108 866 2164 magis
891 2109 998 2150 illud
1025 2109 1307 2150 laborandum
1333 2109 1444 2150 vide-

53 2177 87 2202 30
105 2171 187 2220 tur,
218 2170 550 2221 recuperatores,
582 2170 641 2221 ut,
674 2168 786 2222 quod
819 2169 945 2209 antea
975 2168 1084 2208 nihil
1116 2168 1160 2209 in
1185 2168 1317 2209 istum
1346 2167 1444 2221 dixi,

105 2226 285 2280 probare
307 2226 478 2278 possim,
511 2241 639 2280 quam
670 2240 720 2267 226¹
749 2225 792 2266 in
820 2240 868 2267 eo
894 2227 1194 2281 reprehendar,
1227 2225 1339 2280 quod
1365 2226 1445 2267 1106

105 2288 300 2337 tempore
349 2284 598 2339 respondeo.
670 2284 830 2326 Verum
875 2287 917 2326 et
959 2287 1052 2326 tum
1095 2285 1137 2327 id
1180 2284 1280 2338 feci,
1331 2284 1444 2338 quod
1469 2294 1491 2325 5
1542 2305 1546 2307 -

1187 2352 1233 2387 1*

1470 1802 1497 1842 Ν.)
