1687 2533
243 118 330 159 510
426 118 489 153 DE
514 117 650 152 DOMO
679 117 769 152 SUA
796 116 860 150 AD
886 115 1164 152 PONTIFICES
1192 116 1368 151 ORATIO

244 227 293 255 ac
324 213 563 268 praesidem
595 212 922 254 sceleratissime
954 213 1123 266 pulsum
1155 226 1250 253 cum
1281 212 1490 266 viderent,
1527 227 1578 253 ex

247 272 335 313 suis
367 272 540 327 templis
574 272 618 312 in
651 272 740 312 eius
767 272 890 312 aedes
916 271 1163 325 immigrare
1188 271 1404 325 nolebant,
1435 272 1579 325 itaque

244 332 368 372 istius
407 331 726 372 vaecordissimi
759 332 947 371 mentem
978 344 1079 371 cura
1110 331 1310 384 metuque
1341 329 1578 384 terrebant3

243 404 311 430 res
343 404 443 431 vero
479 389 652 444 publica
686 403 944 442 quamquam
976 391 1067 429 erat
1093 388 1376 430 exterminata
1401 403 1578 443 mecum,

244 451 389 489 tamen
422 448 732 489 obversabatur
764 450 864 488 ante
897 447 1043 489 oculos
1076 447 1325 488 extinctoris
1352 447 1418 488 sui
1449 449 1492 488 et
1523 447 1576 488 ab
1613 458 1630 483 5

243 507 368 548 istius
407 506 674 547 inflammato
714 508 840 560 atque
878 505 1087 547 indomito
1118 505 1261 547 furore
1292 506 1379 547 iam
1410 508 1501 547 tum
1533 520 1578 547 se

243 580 393 619 meque
425 565 656 620 repetebat.
707 563 845 613 Quare
878 564 978 619 quid
1004 567 1068 605 est
1094 564 1261 618 mirum,
1293 566 1330 606 si
1355 566 1436 606 iste
1462 567 1579 606 metu

235 625 493 677 perterritus,
532 624 674 664 furore
714 623 962 677 instinctus,
1008 624 1162 665 scelere
1202 637 1403 678 praeceps
1443 637 1578 677 neque

242 683 465 724 institutas
505 682 784 723 caerimonias
823 682 1019 736 persequi
1055 696 1191 736 neque
1228 683 1405 723 verbum
1441 682 1577 723 ullum

244 741 450 782 sollemne
482 741 624 795 potuit
655 741 802 782 effari?
1596 752 1629 777 10

172 787 228 868 5?
331 799 446 848 Quae
479 814 574 841 cum
599 800 661 840 ita
687 799 783 850 sint,
813 800 1048 854 pontifices,
1079 802 1275 840 revocate
1300 800 1387 840 iam
1413 800 1577 841 animos

175 839 407 900 1‘2vestr0s
446 859 500 899 ab
538 858 618 899 hac
651 858 799 912 suptili
829 861 978 899 nostra
1010 858 1298 912 disputatione
1330 858 1382 899 ad
1412 858 1577 899 univer-

243 932 335 958 sam
377 932 467 958 rem
504 917 740 971 publicam,
783 931 909 970 quam
952 921 1077 957 antea
1117 932 1212 958 cum
1252 917 1354 958 viris
1394 916 1576 958 fortibus

243 977 411 1029 multis,
461 976 506 1016 in
555 975 635 1017 hac
684 990 782 1016 vero
828 990 955 1016 causa
998 975 1100 1016 solis
1140 975 1295 1017 vestris
1345 975 1577 1017 cervicibus

243 1035 476 1076 sustinetis.
519 1033 655 1075 Vobis
680 1034 867 1074 universi
893 1036 1064 1075 senatus
1093 1037 1299 1088 perpetua
1331 1035 1577 1087 auctoritas,
1596 1045 1629 1071 15

243 1094 309 1134 cui
341 1095 507 1135 vosmet
539 1093 623 1147 ipsi
654 1092 1022 1147 praestantissime
1055 1107 1221 1146 semper
1251 1093 1296 1133 in
1326 1107 1422 1134 mea
1449 1106 1578 1134 causa

244 1152 504 1206 praefuistis,
534 1151 653 1192 vobis
679 1150 833 1191 Italiae
861 1151 1310 1205 magnificentissimus
1335 1151 1408 1192 ille
1433 1153 1576 1192 motus

243 1209 656 1264 municipiorumque
678 1224 919 1261 concursus,
945 1210 1066 1251 vobis
1087 1224 1260 1263 campus
1275 1209 1577 1251 centuriarum-

243 1283 323 1323 que
364 1283 448 1309 una
488 1283 570 1309 vox
611 1269 817 1322 omnium,
861 1283 1039 1321 quarum
1079 1283 1154 1309 vos
1195 1268 1407 1322 principes
1449 1271 1576 1323 atque

243 1330 437 1369 auctores
468 1326 630 1380 fuistis,
669 1327 790 1368 vobis
823 1341 968 1368 omnes
1007 1327 1252 1381 societates,
1290 1341 1436 1368 omnes
1467 1326 1629 1368 ordi-20

242 1400 336 1440 nes,
378 1400 542 1439 omnes,
580 1385 652 1439 qui
690 1388 764 1427 aut
802 1399 846 1426 re
886 1388 960 1426 aut
998 1401 1072 1439 spe
1111 1386 1290 1440 denique
1321 1388 1421 1427 sunt
1452 1386 1576 1439 bona,

244 1459 368 1486 omne
406 1459 530 1485 suum
569 1458 671 1498 erga
708 1459 847 1485 meam
886 1444 1141 1499 dignitatem
1182 1444 1369 1486 studium
1401 1446 1443 1485 et
1473 1444 1576 1485 iudi-

243 1504 354 1545 cium
398 1517 485 1544 non
522 1503 648 1544 modo
687 1504 981 1557 commissum,
1018 1518 1163 1544 verum
1201 1503 1330 1544 etiam
1368 1517 1576 1544 commen-

175 1563 392 1604 143datum
419 1576 510 1603 esse
537 1561 871 1602 arbitrabuntur.
909 1562 1102 1616 Denique
1129 1562 1212 1616 ipsi
1235 1561 1277 1602 di
1301 1561 1576 1615 immortales,

245 1622 317 1674 qui
348 1621 457 1662 hanc
488 1620 635 1661 urbem
669 1624 792 1674 atque
819 1620 900 1662 hoc
925 1621 1149 1674 imperium
1175 1623 1360 1672 tuentur,
1390 1623 1439 1661 ut
1463 1622 1576 1661 esset
1595 1631 1628 1656 25

244 1680 440 1720 omnibus
468 1679 667 1734 gentibus
692 1679 1020 1733 posteritatique
1045 1679 1313 1733 perspicuum
1340 1678 1482 1720 divino
1509 1693 1576 1720 me

243 1738 416 1779 numine
444 1751 534 1778 esse
560 1737 622 1778 rei
647 1738 842 1792 publicae
868 1737 1092 1791 redditum,
1122 1737 1277 1779 idcirco
1304 1737 1410 1779 mihi
1434 1737 1576 1778 viden-

244 1801 315 1838 tur
352 1796 537 1837 fructum
574 1796 715 1850 ipsum
756 1796 917 1837 reditus
957 1799 999 1837 et
1037 1796 1340 1851 gratulationis
1371 1810 1491 1837 meae
1523 1795 1576 1837 ad

245 1869 416 1896 suorum
449 1854 721 1895 sacerdotum
751 1857 1009 1909 potestatem
1035 1855 1319 1909 iudiciumque
1343 1868 1575 1896 revocasse.

244 1913 326 1954 Hic
366 1915 431 1954 est
472 1912 583 1953 enim
625 1913 803 1967 reditus,
849 1914 1087 1968 pontifices,
1129 1913 1234 1954 haec
1274 1912 1491 1954 restitutio
1531 1912 1629 1954 in30
1686 1938 1687 1959 1

246 1972 390 2024 domo,
426 1970 471 2012 in
504 1971 692 2025 sedibus,
729 1972 773 2012 in
806 1972 910 2025 aris,
946 1972 990 2013 in
1021 1972 1144 2026 focis,
1181 1972 1224 2012 in
1256 1971 1320 2012 dis
1350 1971 1575 2026 penatibus

244 2029 541 2085 reciperandis.
585 2028 773 2077 Quorum
800 2031 836 2071 si
860 2030 940 2071 iste
966 2031 1053 2072 suis
1081 2029 1420 2072 sceleratissimis
1444 2029 1577 2071 mani-

246 2089 325 2129 bus
369 2091 485 2130 tecta
529 2087 731 2141 sedesque
776 2088 976 2130 convellit
1025 2089 1284 2143 ducibusque
1332 2088 1576 2130 consulibus

245 2150 465 2202 tamquam
501 2145 605 2187 urbe
644 2149 769 2200 capta
806 2147 915 2188 hanc
946 2162 1074 2188 unam
1107 2147 1279 2188 domum
1311 2146 1433 2201 quasi
1465 2161 1575 2188 acer-

245 2206 343 2247 rimi
375 2205 708 2260 propugnatoris
741 2205 822 2246 sibi
853 2206 1074 2247 delendam
1106 2206 1289 2261 putavit,
1320 2206 1406 2246 iam
1436 2205 1502 2246 illi
1534 2203 1576 2246 di
1593 2216 1628 2241 35

246 2267 421 2318 penates
461 2278 510 2305 ac
546 2262 778 2304 familiares
816 2265 898 2304 mei
935 2279 1010 2319 per
1045 2278 1120 2305 vos
1158 2264 1203 2305 in
1235 2278 1372 2305 meam
1405 2263 1575 2305 domum

175 2309 411 2390 {Zemecum
444 2323 568 2363 erunt
597 2321 795 2362 restituti.
851 2321 1055 2370 Quocirca
1080 2325 1135 2378 te,
1166 2321 1420 2378 Capitoline,
1452 2336 1576 2377 quem
