1619 2542
545 140 646 176 CAP.
675 145 764 175 7—9
792 144 811 183 s
841 144 987 175 14—19.
1340 139 1426 181 269

88 238 272 280 maiores
316 238 444 279 etiam
490 237 782 293 possessiones
827 236 1005 290 habent,
1057 250 1236 290 quarum
1282 250 1426 277 amore

89 297 260 339 adducti
286 297 461 338 dissolvi
485 296 602 337 nullo
629 296 755 338 modo
781 298 971 350 possunt.
1012 293 1179 336 Horum
1204 294 1428 336 hominum

91 356 252 410 species
280 358 344 397 est
368 355 674 397 honestissima
700 354 818 409 (sunt
843 354 956 395 enim
980 351 1248 409 locupletes),
1280 354 1427 395 volun-

90 418 157 456 tas
189 429 288 456 vero
321 417 364 455 et
395 428 522 456 causa
551 412 919 468 inpudentissima.
980 412 1045 454 Tu
1076 413 1205 468 agris,
1236 415 1285 454 tu
1314 412 1426 454 aedi-

55 486 71 511 5
91 474 209 528 ficiis,
233 475 281 515 tu
308 477 499 529 argento,
524 475 572 514 tu
596 472 772 525 familia,
798 475 846 513 tu
870 472 998 513 rebus
1024 472 1221 513 omnibus
1248 474 1426 512 ornatus

91 536 135 574 et
171 533 368 586 copiosus
406 532 465 573 sis
504 534 547 572 et
584 531 750 572 dubites
793 531 843 572 de
883 530 1152 585 possessione
1192 530 1428 583 detrahere,

92 591 312 646 adquirere
356 590 408 632 ad
450 590 605 632 fidem‘?
667 588 777 638 Quid
817 589 932 631 enim
971 589 1198 643 expectas?
1237 589 1426 631 bellum?

92 649 201 699 Quid
238 650 370 705 ergo?
407 649 453 690 in
488 648 730 690 vastatione
769 648 961 700 omnium
997 651 1094 689 tuas
1133 648 1427 702 possessiones

92 710 386 751 sacrosanctas
406 708 570 749 futuras
591 707 748 761 putas?
780 708 850 748 An
868 707 1039 748 tabulas
1060 707 1221 748 novas?
1252 706 1427 760 Errant,

38 780 73 805 ιο
92 768 164 823 qui
194 768 300 809 istas
339 782 364 808 a
395 765 581 809 Catilina
611 768 855 821 expectant,
888 781 981 807 meo
1014 766 1220 807 beneficio
1254 766 1427 807 tabulae

91 841 227 868 novae
269 826 555 881 proferentur,
597 840 746 867 verum
783 824 1092 878 auctionariae3
1137 839 1273 879 neque
1313 824 1427 866 enim

91 885 183 939 isti,
221 885 292 939 qui
328 885 618 939 possessiones
655 885 834 934 habent,
872 884 956 925 alia
994 884 1161 925 ratione
1199 884 1288 924 ulla
1321 883 1424 924 salvi

93 958 184 985 esse
231 946 420 998 possunt.
497 942 618 992 Quod
665 943 702 984 si
747 942 957 984 maturius
1005 942 1145 984 facere
1190 942 1429 983 voluissent

92 1017 246 1057 neque,
284 1003 326 1043 id
359 1002 471 1057 quod
502 1001 807 1043 stultissimum
839 1004 921 1056 est,
962 1004 1127 1043 certare
1159 1016 1253 1042 cum
1286 1001 1428 1042 usuris

42 1072 74 1098 15
92 1061 301 1103 fructibus
333 1061 619 1116 praediorum,
658 1063 702 1102 et
733 1060 1084 1116 locupletioribus
1116 1060 1184 1101 his
1211 1063 1253 1101 et
1284 1060 1427 1101 melio·

94 1120 210 1162 ribus
247 1119 411 1162 civibus
449 1122 678 1161 uteremur.
739 1117 822 1160 Sed
858 1119 987 1161 hosce
1023 1119 1218 1160 homines
1252 1119 1429 1159 minime

93 1181 197 1234 puto
243 1178 622 1234 pertimescendos,
668 1179 781 1233 quod
825 1181 900 1219 aut
940 1177 1086 1219 deduci
1127 1177 1178 1218 de
1215 1178 1430 1219 sententia

94 1240 274 1291 possunt
299 1240 384 1291 aut,
411 1238 446 1279 si
471 1238 797 1293 permanebunt,
822 1236 962 1292 magis
983 1236 1087 1277 mihi
1109 1235 1308 1277 videntur
1327 1238 1430 1278 vota

94 1296 245 1338 facturi
278 1299 426 1338 contra
457 1311 545 1337 rem
575 1296 789 1350 publicam
817 1310 945 1350 quam
972 1310 1091 1336 arma
1116 1295 1260 1336 laturi.
1310 1295 1427 1335 Alte-
1455 1281 1500 1361 ᾖ

41 1367 76 1391 20
95 1370 188 1396 rum
220 1369 352 1410 genus
385 1357 452 1396 est
482 1370 638 1409 eorum,
671 1356 744 1409 qui
771 1369 1029 1409 quamquam
1055 1356 1308 1408 premuntur
1334 1367 1429 1394 aere

97 1413 252 1468 alieno,
290 1414 625 1455 dominationem
663 1416 808 1454 tamen
839 1415 1085 1467 expectant,
1123 1427 1265 1453 rerum
1298 1411 1431 1466 potiri

96 1473 260 1524 volunt,
303 1473 505 1522 honores,
552 1486 659 1527 quos
706 1473 850 1526 quieta
889 1485 934 1512 re
975 1471 1147 1526 publica
1190 1471 1431 1524 desperant,

97 1531 348 1584 perturbata
380 1545 424 1572 se
456 1530 659 1584 consequi
683 1545 808 1583 posse
835 1529 1110 1570 arbitrantur.
1161 1527 1322 1576 Quibus
1349 1528 1431 1570 hoe

98 1589 440 1644 praecipiendum
479 1589 665 1641 videtur,
704 1603 837 1629 unum
876 1587 1039 1629 scilicet
1078 1589 1121 1628 et
1160 1586 1273 1628 idem
1318 1586 1432 1641 quod

45 1658 79 1684 25
98 1648 273 1702 reliquis
306 1647 521 1701 omnibus,
558 1650 607 1688 ut
638 1647 863 1701 desperent
894 1660 938 1687 se
969 1645 1030 1700 id,
1067 1645 1179 1700 quod
1211 1648 1431 1699 conantur,

99 1705 299 1760 consequi
336 1720 479 1761 posse3
516 1706 700 1760 primum
739 1705 928 1746 omnium
967 1719 1033 1745 me
1065 1705 1205 1759 ipsum
1236 1704 1431 1759 vigilare,

101 1765 258 1816 adesse,
289 1765 511 1819 providere
542 1764 603 1805 rei
634 1764 845 1818 publicae3
878 1763 1025 1803 deinde
1058 1777 1238 1818 magnos
1265 1763 1431 1804 animos

101 1838 192 1865 esse
228 1823 274 1865 in
309 1824 432 1864 bonis
472 1823 592 1876 viris,
630 1836 829 1877 magnam
869 1821 1138 1863 concordiam
1173 1820 1432 1877 [maxumam

100 1882 447 1935 multitudinem],
472 1895 650 1937 magnas
676 1883 897 1936 praeterea
923 1880 1110 1921 militum
1142 1880 1304 1935 copias3
1331 1880 1432 1922 deos

48 1951 82 1976 80
102 1941 279 1995 denique
327 1940 570 1982 inmortalis
618 1940 717 1981 huic
765 1939 923 1980 invicto
970 1939 1149 1994 populo,
1192 1939 1432 1980 clarissimo

100 1999 290 2054 imperio,
321 1999 631 2054 pulcherrimae
662 1998 758 2039 urbi
783 2000 932 2039 contra
955 2000 1122 2039 tantam
1148 1997 1235 2038 vim
1261 1998 1432 2039 sceleris

101 2058 338 2111 praesentis
387 2058 589 2099 auxilium
639 2071 730 2098 esse
777 2056 953 2099 laturos.
1015 2056 1176 2105 Quodsi
1218 2056 1302 2096 iam
1347 2056 1434 2097 siut

102 2117 168 2175 id,
201 2116 312 2170 quod
350 2131 514 2158 summo
551 2116 694 2157 furore
727 2115 919 2170 cupiunt,
957 2114 1117 2170 adepti,
1154 2129 1258 2155 num
1292 2114 1358 2155 illi
1389 2114 1434 2154 in

104 2175 242 2215 cinere
279 2174 397 2215 urbis
429 2177 471 2215 et
501 2175 545 2216 in
576 2174 781 2228 sanguine
813 2173 985 2226 civium,
1027 2188 1134 2229 quae
1166 2175 1308 2214 mente
1340 2187 1435 2213 con-

51 2243 85 2270 35
105 2233 311 2274 scelerata
354 2247 400 2274 ac
442 2233 606 2274 nefaria
649 2231 997 2286 concupiverunt,
1041 2232 1236 2274 consules
1277 2245 1322 2272 se
1361 2233 1436 2271 aut

104 2291 333 2332 dictatores
384 2294 457 2332 aut
506 2292 633 2333 etiam
677 2305 799 2346 reges
849 2293 1023 2345 sperant
1064 2289 1262 2331 futuros?
1336 2288 1435 2330 Non

104 2350 249 2391 vident
274 2349 316 2390 id
342 2364 386 2391 se
411 2364 572 2404 cupere,
605 2350 716 2404 quod
742 2350 778 2390 si
805 2349 948 2404 adepti
974 2349 1071 2404 sint,
1095 2348 1280 2402 fugitivo
1309 2347 1436 2388 alicui
