1619 2542
531 96 634 134 CAP.
659 101 797 132 27—29
823 101 842 140 g
869 102 1019 133 57—61.
1354 99 1440 141 325

97 193 399 236 descensurum
433 193 486 236 ad
518 194 804 236 accusandum
835 208 923 236 non
954 194 1100 249 fuisse,
1129 194 1214 236 nisi
1245 195 1363 250 prius
1390 195 1441 237 de

97 267 226 294 eausa
257 252 506 307 iudicasset,
542 252 733 307 iniquam
766 252 903 308 legem
913 285 925 307 ‚
955 252 1134 308 iudices,
1166 257 1209 295 et
1240 254 1438 296 miseram

97 311 390 353 condicionem
416 311 616 353 instituet
634 311 835 364 periculis
855 311 1091 366 hominum,
1117 311 1155 353 si
1175 312 1442 354 existimabit

96 369 301 412 iudicium
340 370 600 412 accusatoris
638 370 683 410 in
720 384 842 411 reum
877 384 957 426 pro
996 371 1141 425 aliquo
1178 371 1440 426 praeiudicio

60 441 78 466 5
97 429 239 470 valere
271 432 480 484 oportere.

187 487 282 542 Ego
309 490 431 529 tuum
459 487 698 541 consilium,
725 486 846 543 Cato,
871 491 1048 543 propter
1069 488 1288 544 singulare
1309 489 1443 531 animi
1456 491 1510 532 29

97 547 179 587 mei
217 546 268 587 de
305 549 381 588 tua
416 546 577 588 virtute
614 546 818 588 iudicium
856 547 1100 600 vituperare
1136 561 1220 590 non
1254 562 1442 603 possum3

95 619 182 646 non
226 605 348 646 nulla
391 604 574 646 forsitan
619 605 887 647 conformare
935 608 977 647 et
1022 605 1175 647 leviter
1218 606 1441 648 emendare

96 663 272 718 possim.
348 663 479 705 ‘Non
525 663 686 705 multa
733 663 949 718 peceas',
994 664 1134 719 inquit
1180 665 1254 706 ille
1299 665 1442 707 fortis·

43 735 78 760 10
98 722 205 763 simo
241 722 334 764 viro
363 722 505 764 senior
533 722 754 778 magister,
790 721 899 764 esed
934 737 1138 777 peccas3
1173 726 1225 764 te
1263 738 1441 779 regere

97 780 330 835 possum.'
384 780 446 822 At
477 794 556 835 ego
590 796 677 822 non
707 784 768 835 te3
799 781 1021 823 verissime
1054 782 1233 823 dixerim
1264 797 1440 837 peceare

97 844 138 880 te
171 839 280 880 nihil
312 854 449 894 neque
481 839 572 881 ulla
596 839 642 881 in
667 854 711 881 re
737 843 780 881 te
807 855 899 882 esse
925 840 1051 881 huius
1078 841 1206 895 modi,
1239 844 1288 882 ut
1313 842 1440 883 corri-

98 898 262 953 gendus
299 898 444 953 potius
478 913 605 952 quam
637 898 789 939 leviter
820 899 1100 940 inflectendus
1134 913 1227 941 esse
1258 900 1442 941 videare.

96 955 243 998 Finxit
269 957 381 998 enim
407 959 450 998 te
475 958 570 1011 ipsa
594 960 751 998 natura
778 957 832 998 ad
858 958 1141 1010 honestatem,
1167 959 1441 1013 gravitatem,

43 1027 78 1053 15
96 1016 440 1069 temperantiam,
460 1015 801 1071 magnitudinem
817 1016 961 1070 animi,
980 1016 1204 1069 iustitiam,
1225 1017 1278 1058 ad
1293 1032 1440 1058 omnes

98 1074 277 1128 denique
297 1074 478 1116 virtutes
498 1088 704 1130 magnum
723 1074 941 1116 hominem
962 1077 1004 1116 et
1024 1075 1251 1117 excelSum.
1288 1076 1440 1118 Acces-

98 1132 156 1174 sit
195 1133 307 1175 istuc
346 1133 541 1175 doctrina
577 1147 664 1175 non
701 1134 925 1175 moderata
961 1148 1039 1175 nec
1077 1134 1214 1188 mitis,
1258 1134 1350 1188 sed,
1393 1138 1441 1176 ut

98 1191 204 1232 mihi
246 1191 433 1245 videtur,
482 1192 611 1245 paulo
657 1192 849 1247 asperior
893 1195 936 1234 et
980 1192 1144 1246 durior⁷
1195 1208 1323 1247 quam
1368 1197 1442 1234 aut

96 1250 257 1292 veritas
289 1253 364 1292 aut
393 1253 549 1292 natura
580 1250 755 1305 patitur.
799 1251 858 1291 Et
884 1251 1086 1305 quoniam
1111 1266 1198 1292 non
1225 1254 1290 1293 est
1315 1252 1440 1293 nobis
1467 1264 1508 1295 61

45 1321 79 1346 20
97 1308 204 1350 haee
245 1309 382 1351 oratio
414 1309 612 1351 habenda
645 1312 719 1350 aut
749 1309 794 1350 in
824 1309 1027 1363 imperita
1058 1310 1334 1351 multitudine
1367 1314 1442 1351 aut

97 1367 141 1407 in
174 1367 318 1422 aliquo
352 1370 564 1409 conventu
596 1367 843 1421 agrestium,
877 1367 1077 1408 audacius
1110 1368 1239 1421 paulo
1273 1368 1322 1409 de
1355 1371 1441 1409 stu-

98 1425 178 1466 diis
217 1425 520 1478 humanitatis,
563 1439 670 1479 quae
709 1428 752 1466 et
790 1425 896 1466 mihi
935 1428 977 1466 et
1015 1426 1138 1467 vobis
1170 1428 1274 1468 nota
1306 1428 1349 1467 et
1379 1427 1440 1468 iu-

98 1483 235 1525 cunda
275 1486 393 1537 sunt,
431 1483 673 1538 disputabo
734 1482 785 1524 In
816 1482 872 1525 M.
901 1482 1080 1537 Catone,
1120 1484 1297 1537 iudices,
1335 1485 1441 1526 haee

98 1542 229 1596 bona,
269 1556 375 1607 quae
412 1542 604 1583 videmus
638 1541 782 1582 divina
814 1544 857 1582 et
888 1542 1081 1597 egreoia,
1120 1542 1255 1596 ipsius
1288 1543 1440 1585 scitote

45 1613 78 1638 25
100 1615 192 1642 esse
224 1600 416 1655 piNopiia3
449 1614 556 1654 quae
588 1614 675 1641 non
706 1614 938 1654 numquam
964 1600 1233 1654 requirimus,
1265 1616 1316 1642 ea
1341 1606 1440 1643 sunt

99 1659 243 1700 omnia
280 1673 367 1700 non
407 1673 432 1700 a
462 1661 634 1712 natura,
675 1672 823 1699 verum
856 1673 880 1698 a
912 1658 1135 1714 magistra
1194 1658 1296 1701 Fuit
1327 1660 1440 1701 enim

99 1717 272 1772 quidam
311 1732 478 1758 summo
515 1716 687 1771 ingenio
726 1716 809 1770 vir⁷
848 1716 978 1771 Zeno,
1017 1717 1135 1759 euius
1166 1718 1440 1760 inventorum

99 1776 255 1817 aemuli
294 1774 425 1817 Stoici
462 1776 750 1817 nominantur.
812 1775 949 1816 Huius
988 1776 1227 1818 sententiae
1267 1779 1366 1818 sunt
1398 1781 1440 1818 et

99 1837 329 1889 praecepta
362 1834 450 1875 eius
483 1833 616 1875 modi:
650 1833 887 1887 sapientem
921 1835 1062 1888 gratia
1092 1849 1326 1890 numquam
1352 1850 1439 1877 mo·

46 1904 81 1930 30
101 1893 202 1945 veri,
232 1907 465 1947 numquam
498 1892 748 1945 cuiusquam
775 1891 929 1933 delicto
956 1892 1196 1947 ignoscere3
1226 1894 1438 1935 neminem

101 1950 417 1992 misericordem
446 1964 537 1992 esse
562 1951 646 1991 nisi
673 1950 852 1991 stultum
881 1953 923 1991 et
947 1951 1102 2006 levem3
1128 1951 1209 1993 viri
1233 1967 1320 1993 non
1347 1966 1439 1994 esse

99 2023 237 2062 neque
269 2009 436 2050 exorari
466 2023 601 2064 neque
633 2008 813 2062 placari3
856 2009 971 2051 solos
1003 2010 1219 2063 sapientes
1251 2025 1359 2059 esse,
1403 2011 1439 2052 si

102 2067 397 2108 distortissimi
428 2067 534 2120 sint,
572 2068 805 2119 formosos,
842 2067 879 2108 si
910 2068 1233 2121 mendicissimi7
1273 2068 1439 2121 divites,

103 2125 138 2166 si
165 2126 415 2166 servitutem
443 2126 641 2179 serviant,
672 2139 812 2179 reges3
836 2139 915 2166 nos
942 2129 1097 2180 autem,
1124 2128 1196 2180 qui
1222 2127 1438 2181 sapientes

48 2194 82 2220 35
102 2198 189 2224 non
221 2198 387 2237 sumus,
417 2183 644 2238 fugitivos,
677 2183 841 2236 exules,
870 2183 1021 2234 hostis,
1052 2185 1226 2226 insanos
1260 2184 1437 2238 denique

104 2256 195 2283 esse
229 2241 392 2295 dieunt3
422 2242 564 2283 omnia
595 2243 769 2296 peecata
801 2256 893 2283 esse
917 2242 1055 2297 paria3
1087 2257 1211 2284 omne
1237 2243 1439 2284 delictum

103 2300 241 2342 scelus
282 2314 373 2341 esse
404 2299 633 2354 nefarium,
668 2314 744 2341 nec
777 2300 917 2342 minus
949 2301 1191 2356 delinquere
1217 2315 1328 2354 eum,
1367 2301 1439 2356 qui
