1687 2533
172 933 213 964 15

189 1158 213 1199 8

172 1753 214 1784 16

236 124 322 165 520
463 124 526 158 DE
553 121 864 157 HARUSPICUM
890 120 1139 156 RESPONSO
1167 120 1353 158 ORATIO.

237 220 408 261 dixistis
442 222 485 260 et
516 234 610 260 eam
642 219 849 274 religione
882 219 999 259 omni
1030 217 1265 270 liberastis,
1298 220 1371 259 aut
1403 220 1571 260 senatus

237 280 332 333 ipse
376 278 602 332 iudicabit,
645 277 716 332 qui
760 291 843 318 uno
885 277 959 318 illo
1001 276 1092 318 solo
1126 277 1318 317 antistite
1359 291 1572 319 sacrorum

237 337 516 378 dissentiente
555 336 928 390 frequentissimus
970 337 1096 376 antea
1137 335 1356 389 iudicavit,
1400 338 1490 389 aut,
1531 335 1572 376 id

239 396 352 450 quod
373 399 486 437 certe
511 395 597 448 fiet,
625 395 677 435 ad
706 395 929 448 pontifices
955 394 1163 444 reicietur,
1191 408 1370 448 quorum
1395 393 1573 436 auctori-

238 455 334 508 tati,
366 454 476 507 fidei,
507 453 760 509 prudentiae
792 453 974 494 maiores
1006 453 1143 494 nostri
1177 467 1298 493 sacra
1328 453 1569 508 religiones·
1591 464 1607 490 5

239 528 319 567 que
352 516 394 554 et
425 513 617 567 privatas
647 515 688 553 et
713 512 905 566 publicas
932 511 1293 553 commendarunt.
1337 510 1446 559 Quid
1472 525 1572 566 ergo

237 572 268 612 ii
311 574 492 625 possunt
533 571 648 612 aliud
688 571 891 624 iudicare,
937 585 984 612 ac
1027 570 1349 611 iudicaverunt?
1411 569 1572 611 Multae

238 633 338 672 sunt
364 631 515 671 domus
542 631 586 670 in
612 629 692 670 hac
718 629 834 683 urbe,
866 631 1010 683 patres
1037 628 1281 682 conscripti,
1308 631 1435 683 atque
1459 628 1573 669 haud

237 690 324 731 scio
365 704 419 729 an
459 703 595 754 paene
632 691 809 729 cunctae
847 688 937 729 iure
976 688 1155 741 optimo,
1194 687 1267 728 sed
1303 691 1446 729 tamen
1482 687 1572 728 iure

237 748 427 802 privato,
464 748 555 788 iure
587 747 865 801 hereditario,
896 747 987 787 11116
1019 746 1306 799 auctoritatis,
1337 746 1427 787 iure
1458 760 1572 787 man-
1594 758 1627 783 10

240 807 336 860 cipi,
367 806 459 847 iure
490 805 606 860 nexi,
637 820 748 861 nego
776 820 868 846 6556
893 805 1025 846 ullam
1051 805 1222 846 domum
1250 780 1377 846 aliam
1404 804 1572 869 privato

241 865 388 906 eodem
440 879 521 918 quo
574 879 680 918 quae
729 864 891 918 optima
934 864 1046 919 lege,
1101 863 1271 917 publico
1315 878 1414 904 vero
1459 863 1574 904 omni

239 924 467 989 praecipuo
508 926 550 964 et
587 923 774 964 humano
813 925 855 963 et
893 923 1036 963 divino
1073 922 1163 963 iure
1201 923 1427 976 munitam,
1467 936 1573 988 quae

237 983 422 1037 primum
475 982 722 1023 aedificatur
772 996 821 1021 ex
871 981 1127 1022 auctoritate
1178 983 1349 1022 senatus
1396 980 1573 1034 pecunia

236 1041 429 1095 publica,
474 1040 622 1081 deinde
667 1042 815 1081 contra
860 1040 944 1080 vim
988 1039 1196 1080 nefariam
1245 1039 1370 1080 huius
1415 1039 1573 1094 gladia·
1594 1051 1626 1076 15

236 1100 343 1141 toris
387 1102 454 1140 tot
499 1099 637 1140 senati
681 1098 888 1139 consultis
932 1099 1098 1138 munita
1142 1100 1269 1151 atque
1311 1101 1460 1152 saepta
1497 1100 1572 1139 est.

236 1157 428 1198 Primum
477 1157 701 1212 negotium
751 1157 886 1198 isdem
936 1156 1260 1210 magistratibus
1312 1159 1376 1197 est
1426 1157 1573 1197 datum

239 1231 350 1257 anno
384 1216 613 1270 superiore,
645 1219 692 1256 ut
723 1217 934 1267 curarent,
965 1217 1013 1255 ut
1039 1215 1128 1255 sine
1153 1215 1196 1255 vi
1222 1214 1442 1256 aedificare
1468 1215 1573 1256 mihi

237 1275 406 1328 liceret,
463 1274 617 1328 quibus
668 1275 712 1314 in
761 1274 958 1314 maximis
1008 1273 1208 1327 periculis
1257 1273 1457 1314 universa
1504 1288 1572 1314 res

237 1333 411 1387 publica
450 1332 739 1374 commendari
778 1333 905 1385 solet,
945 1332 1110 1386 deinde,
1149 1346 1243 1373 cum
1280 1331 1353 1372 ille
1386 1332 1498 1373 saxis
1531 1335 1572 1373 et
1592 1345 1626 1368 20

238 1392 413 1447 ignibus
455 1394 497 1432 et
537 1391 651 1432 ferro
692 1391 944 1432 vastitatem
984 1390 1088 1431 meis
1133 1390 1303 1431 sedibus
1346 1390 1572 1444 intulisset,

241 1451 428 1492 decrevit
460 1452 633 1492 senatus
661 1464 745 1503 eos,
777 1450 849 1503 qui
874 1449 916 1489 id
941 1448 1153 1502 fecissent,
1185 1450 1277 1504 lege
1305 1448 1353 1490 de
1378 1449 1433 1502 vi,
1466 1464 1573 1503 quae

241 1511 305 1550 est
331 1509 375 1549 in
403 1523 486 1561 eos,
518 1509 589 1562 qui
615 1508 858 1549 universam
883 1522 973 1548 rem
999 1507 1215 1562 publicam
1243 1511 1572 1562 oppugnassent,

237 1567 387 1608 teneri.
431 1567 566 1608 Vobis
593 1581 691 1608 vero
723 1566 1019 1620 referentibus,
1051 1581 1074 1607 0
1106 1568 1206 1620 post
1236 1566 1457 1608 hominum
1489 1581 1573 1607 me-

239 1626 420 1667 moriam
439 1625 667 1666 fortissimi
688 1628 816 1679 atque
837 1625 989 1678 optimi
1010 1625 1221 1666 consules!
1256 1625 1440 1666 decrevit
1459 1625 1572 1666 idem
1593 1637 1626 1662 25

239 1688 411 1726 senatus
447 1684 838 1738 frequentissimus,
877 1684 947 1738 qui
979 1698 1118 1724 meam
1151 1683 1323 1724 domum
1355 1683 1573 1738 violasset,

242 1745 391 1784 contra
432 1757 521 1783 rem
558 1742 776 1797 publicam
814 1756 905 1783 esse
943 1742 1167 1783 facturum.
1228 1741 1351 1797 Nego
1392 1742 1481 1783 ullo
1523 1742 1573 1783 de

241 1815 366 1855 opere
398 1800 583 1855 publico,
616 1801 665 1842 de
697 1803 987 1854 monumento,
1019 1801 1069 1841 de
1099 1801 1260 1854 templo
1293 1802 1360 1842 tot
1399 1804 1572 1842 senatus

240 1861 407 1901 exstare
445 1860 641 1900 consulta
685 1862 788 1913 quot
826 1859 876 1900 de
913 1873 1009 1900 mea
1046 1858 1190 1913 domo,
1234 1873 1361 1913 quam
1398 1861 1572 1900 senatus

239 1933 366 1959 unam
399 1920 499 1972 post
530 1917 640 1958 hanc
671 1918 819 1958 urbem
853 1917 1132 1958 constitutam
1165 1932 1215 1958 ex
1243 1918 1407 1958 aerario
1434 1917 1572 1958 aedifi·
1592 1929 1626 1954 30

239 1977 436 2029 candam,
482 1990 505 2016 a
546 1976 822 2030 pontificibus
860 1975 1141 2029 liberandam,
1182 1990 1207 2016 a
1246 1976 1572 2030 magistratibus

241 2034 559 2087 defendendam,
581 2049 603 2075 a
623 2034 832 2075 iudicibus
852 2034 1131 2087 poeniendam
1150 2035 1324 2087 putarit.
1349 2033 1572 2076 P.Valerio

239 2108 315 2148 pro
355 2093 552 2134 maximis
590 2092 632 2133 in
671 2107 761 2133 rem
795 2092 1012 2146 publicam
1043 2092 1258 2134 beneficiis
1290 2092 1390 2134 data
1422 2093 1572 2134 domus

240 2154 305 2192 est
336 2152 379 2192 in
401 2151 528 2193 Velia
558 2150 737 2205 publice,
771 2153 816 2191 at
847 2151 952 2191 mihi
982 2150 1027 2191 in
1057 2150 1225 2192 Palatio
1258 2151 1473 2205 restituta3
1506 2151 1573 2192 illi

238 2211 368 2263 locus,
402 2213 445 2250 at
476 2209 582 2250 mihi
609 2209 738 2250 etiam
765 2209 948 2262 parietes
976 2211 1103 2262 atque
1129 2211 1306 2263 tectum3
1336 2209 1411 2264 illi,
1444 2224 1571 2264 quam
1592 2220 1625 2245 35

238 2269 329 2323 11156
361 2269 529 2322 privato
562 2268 651 2309 iure
682 2270 891 2321 tueretur,
923 2267 1046 2317 mihi,
1084 2282 1210 2322 quam
1242 2267 1408 2322 publice
1440 2268 1572 2323 magi-

239 2330 402 2369 stratus
441 2341 587 2368 omnes
627 2325 909 2367 defenderent.
972 2324 1086 2374 Quae
1119 2326 1287 2381 quidem
1320 2340 1398 2382 ego
1431 2326 1467 2368 51
1499 2329 1574 2369 aut
