1619 2542
527 93 627 129 CAP.
655 98 793 129 21—23
820 98 838 136 ξ
866 98 1015 128 58—02.
1362 93 1445 133 123

102 191 213 232 enim
251 191 317 232 illi
355 190 514 232 iudices
546 190 687 232 facere
719 190 982 245 potuerunt?
1022 189 1095 244 qui
1127 189 1163 231 si
1194 189 1445 231 innocentes

102 249 321 291 Fabricios
375 249 747 303 condemnassent,
797 251 940 290 tamen
992 248 1037 297 in
1081 248 1316 303 Oppianico
1363 247 1446 289 sibi

102 311 300 349 constare
333 310 375 348 et
408 308 699 361 superioribus
733 307 969 348 consentire
1000 307 1168 348 iudiciis
1196 307 1445 348 debuerunt.

103 366 172 407 An
204 381 305 408 vero
338 366 404 407 illi
436 381 512 407 sua
544 381 620 420 per
653 381 696 407 se
723 366 807 420 ipsi
832 366 987 407 iudicia
1013 365 1316 419 rescinderent,
1348 380 1445 407 cum

67 425 235 466 seeteri
279 425 446 466 soleant
490 425 533 465 in
572 424 815 478 iudicando,
857 439 910 466 ne
957 424 1010 465 ab
1055 425 1239 466 aliorum
1277 424 1444 466 iudiciis

102 484 356 538 discrepent,
389 483 643 538 providere?
677 486 719 524 et
744 483 785 533 ii,
812 484 883 537 qui
908 483 1078 524 Fabrici
1103 483 1318 535 libertum,
1345 482 1445 537 quia

102 542 298 583 minister
328 542 373 582 in
405 541 613 583 maleficio
644 541 798 595 fuerat,
830 545 1074 595 patronum,
1107 542 1207 596 quia
1238 542 1446 594 conscius,

101 600 476 654 condemnassent,
519 600 662 654 ipsum
705 600 944 655 principem
989 604 1117 654 atque
1162 600 1444 642 architectum

102 659 272 701 sceleris
306 659 608 700 absolverent?
640 661 694 712 et,
727 658 799 712 qui
832 662 994 700 ceteros
1031 660 1151 701 nullo
1184 658 1444 713 praeiudicio

51 729 82 754 ιο
101 718 215 759 facto
241 721 387 759 tamen
413 732 463 759 ex
488 718 583 772 ipsa
609 732 739 760 causa
764 718 1135 772 condemnassent,
1160 718 1286 772 hunc,
1319 732 1444 772 quem

100 776 167 817 bis
205 777 292 817 iam
330 776 658 818 condemnatum
698 779 967 833 acceperant,
1006 776 1270 817 liberarent?
1333 776 1444 817 Tum

101 849 200 876 vero
233 835 311 876 illa
342 835 498 876 iudicia
530 835 747 876 senatoria
778 849 864 876 non
894 835 1007 876 falsa
1038 835 1211 889 invidia,
1244 835 1318 876 sed
1343 849 1445 876 vera

101 896 230 948 atque
255 894 417 949 insigni
443 893 709 948 turpitudine
734 896 887 935 notata
915 896 1042 948 atque
1069 896 1221 948 operta
1241 894 1444 934 dedecore

101 954 144 993 et
175 952 352 994 infamia
384 952 622 993 defensioni
648 952 789 993 locum
820 953 987 993 nullum
1014 952 1302 1006 reliquissent.
1336 951 1445 1000 Quid

48 1022 81 1048 15
102 1010 215 1051 enim
253 1011 424 1052 tandem
461 1011 528 1051 illi
564 1011 721 1052 iudices
760 1011 1086 1065 responderent,
1124 1011 1160 1052 si
1200 1011 1273 1065 qui
1305 1011 1358 1051 ab
1391 1010 1444 1051 iis

102 1072 340 1123 quaereret:
374 1068 717 1111 eCondemnastis
745 1067 1070 1123 Scamandrum,
1106 1084 1188 1124 quo
1222 1068 1443 1111 crimine‘?'

99 1127 285 1183 Nempe,
335 1128 448 1182 quod
490 1127 701 1169 Habitum
750 1143 826 1181 per
871 1143 1041 1169 servum
1085 1128 1238 1170 medici
1281 1142 1444 1169 veneno

99 1201 250 1228 necare
284 1187 503 1229 voluisset.
549 1186 674 1236 ‘Quid
705 1186 859 1228 Habiti
890 1190 1029 1228 morte
1056 1185 1315 1233 Scamander
1347 1201 1444 1227 con-

100 1245 402 1299 sequebatur‘?'
467 1244 621 1298 ‘Nihil,
659 1246 733 1286 sed
771 1245 1022 1286 administer
1060 1249 1152 1286 erat
1190 1244 1443 1300 Oppianici.'

0 1351 1 1364 χ
46 1318 81 1341 20
102 1303 174 1344 tEt
206 1304 520 1345 condemnastis
553 1303 597 1345 C.
617 1303 875 1358 Fabricium,
907 1305 1008 1358 quid
1034 1304 1141 1345 ita?'
1187 1304 1322 1357 tQuia,
1349 1318 1444 1344 cum

100 1362 191 1416 ipse
240 1363 574 1404 familiarissime
616 1362 852 1417 Oppianico
902 1377 1022 1416 usus,
1072 1363 1255 1403 libertus
1300 1364 1445 1403 autem

102 1420 191 1462 eius
223 1421 268 1461 in
299 1421 506 1462 maleficio
537 1421 768 1475 deprensus
796 1424 920 1475 esset,
951 1422 1073 1462 illum
1101 1423 1319 1474 expertem
1354 1420 1443 1462 eius

103 1479 269 1520 consilii
306 1479 439 1520 fuisse
470 1494 558 1520 non
587 1479 880 1533 probabatur.'
945 1479 989 1520 Si
1020 1479 1155 1534 igitur
1186 1479 1328 1533 ipsum
1361 1478 1445 1533 Op-

103 1537 316 1591 pianicum
357 1538 423 1578 bis
462 1538 549 1578 suis
581 1538 748 1578 iudiciis
782 1537 1110 1579 condemnatum
1144 1537 1445 1591 absolvissent,

50 1608 83 1633 25
105 1596 198 1649 quis
230 1598 398 1637 tantam
430 1596 740 1650 turpitudinem
767 1596 1034 1649 iudiciorum,
1067 1596 1163 1650 quis
1189 1598 1357 1636 tantam
1383 1596 1444 1636 in-

103 1655 390 1696 constantiam
417 1669 559 1695 rerum
587 1654 882 1709 iudicatarum,
909 1655 1003 1709 quis
1030 1657 1200 1696 tantam
1220 1654 1443 1695 libidinem

101 1713 289 1754 iudicum
323 1713 430 1754 ferre
462 1713 705 1767 potuisset?

191 1771 353 1819 Quodsi
388 1772 470 1813 hoc
501 1771 674 1824 videtis,
712 1771 825 1825 quod
862 1771 949 1812 iam
985 1771 1067 1813 hac
1100 1772 1216 1813 omni
1249 1772 1443 1814 oratione

104 1830 366 1883 patefactum
399 1832 476 1883 est,
508 1830 584 1871 illo
611 1829 766 1871 iudicio
793 1844 911 1870 reum
939 1830 1223 1881 condemnari,
1255 1845 1445 1886 praeser-

51 1900 84 1925 30
103 1889 182 1929 tim
215 1889 268 1929 ab
299 1889 435 1929 isdem
466 1888 688 1940 iudicibus,
721 1888 793 1942 qui
825 1888 906 1929 duo
939 1889 1199 1943 praeiudicia
1229 1889 1444 1943 fecissent,

104 1961 276 1988 necesse
301 1947 446 1999 fuisse,
479 1947 607 1988 simul
633 1947 740 1987 illud
765 1946 946 1988 videatis
972 1961 1144 1989 necesse
1171 1950 1248 2001 est,
1278 1948 1445 1989 nullam

106 2005 344 2046 accusatori
381 2020 471 2046 esse
513 2020 685 2047 causam
722 2004 930 2058 potuisse,
969 2019 1043 2046 cur
1078 2006 1282 2047 iudicium
1313 2006 1446 2047 vellet

106 2122 258 2162 ceteris
303 2123 568 2177 argumentis
614 2122 829 2174 omnibus,
872 2135 974 2162 num
1011 2122 1231 2164 Fabricios
1276 2136 1444 2176 quoque

53 2190 86 2215 35
105 2180 343 2221 innocentis
375 2180 679 2221 condemnatos
712 2180 941 2233 existimes,
972 2195 1075 2222 num
1108 2181 1238 2222 etiam
1270 2181 1345 2221 illa
1381 2181 1445 2221 iu-

107 2237 216 2278 dicia
253 2238 432 2292 pecunia
469 2242 670 2293 corrupta
708 2253 799 2279 esse
840 2238 972 2292 dicas,
1011 2239 1164 2293 quibus
1202 2240 1246 2279 in
1277 2238 1444 2280 iudiciis

107 2296 216 2337 alter
253 2311 278 2337 a
311 2294 483 2337 Staieno
525 2298 615 2338 solo
656 2297 880 2338 absolutus
920 2301 999 2351 est,
1039 2298 1150 2338 alter
1189 2297 1319 2338 etiam
1350 2297 1444 2351 ipse

1472 785 1512 816 61

1471 1779 1514 1809 62

106 2078 386 2118 corrumpere.
437 2062 603 2112 Quaero
637 2063 749 2105 enim
782 2064 832 2104 de
863 2066 918 2117 te,
950 2063 995 2105 T.
1017 2064 1131 2118 Acci,
1162 2065 1325 2105 relictis
1356 2064 1443 2105 iam
1458 2072 1513 2112 23
