1687 2533
560 76 660 112 CAP.
688 80 779 112 3—5
805 81 823 119 ἓ
851 80 974 112 7—11.
1333 79 1420 120 433

78 175 241 217 duobus
291 174 558 229 consulibus,
618 174 729 229 quod
780 176 878 215 ante
926 173 971 214 in
1021 188 1064 214 re
1116 174 1288 227 publica
1337 189 1422 216 non

76 234 228 286 fuerat,
260 247 442 288 perenne
475 248 523 274 ac
548 234 768 288 proprium
794 246 966 273 manere
993 232 1216 286 potuisset.
1261 232 1423 281 Quodsi

79 291 124 341 Q.
163 291 365 333 Metellus
416 292 492 333 illo
544 295 736 346 tempore
784 291 934 332 consul
977 290 1130 331 fuisset
1176 291 1423 344 [inimicus],

79 351 303 404 dubitatis,
343 365 425 404 quo
465 351 606 392 animo
638 350 769 391 fuerit
809 351 854 390 in
885 364 952 390 me
985 349 1275 390 conservando
1307 350 1422 391 futu-

43 422 168 460 5rus‚
224 424 320 451 cum
376 410 420 449 in
470 409 733 450 restituendo
787 411 1004 449 auctorem
1051 408 1184 449 fuisse
1237 408 1423 462 adscrip-

78 474 299 522 toremque
338 467 549 508 videatis?
612 466 694 508 Sed
724 467 897 508 fuerunt
927 467 958 507 ii
990 467 1203 521 consules,
1241 482 1422 521 quorum

78 530 241 567 mentes
274 528 503 581 angustae,
540 526 742 579 humiles,
779 540 956 580 parvae,
994 525 1193 580 oppletae
1231 526 1421 567 tenebris

79 600 127 627 ac
184 585 382 626 sordibus
432 599 586 626 nomen
635 585 777 639 ipsum
828 585 1092 636 consulatus,
1150 584 1421 638 splendorem

79 644 195 685 illius
221 644 410 696 honoris,
442 643 784 697 magnitudinem
809 644 921 684 tanti
947 643 1115 697 imperii
1148 657 1226 684 nec
1264 644 1421 684 intueri

27 715 60 739 10
79 717 155 743 nec
204 702 414 743 sustinere
467 716 543 743 nec
588 716 737 756 capere
780 704 1033 756 potuerunt,
1082 716 1169 742 non
1213 702 1422 754 consules,

79 761 152 802 sed
203 764 459 802 mercatores
508 761 825 814 provinciarum
872 769 920 801 ac
963 760 1206 801 venditores
1252 763 1420 801 vestrae

80 819 321 874 dignitatis,
376 834 556 873 quorum
607 820 716 860 alter
766 834 833 859 ine
884 818 1133 872 Catilinam,
1184 821 1421 859 amatorem

80 892 221 931 suum,
266 878 410 919 multis
450 878 736 931 audientibus,
782 878 892 918 alter
930 877 1166 932 Cethegum
1207 878 1423 918 consobri-

78 951 181 977 num
219 937 486 991 reposcebat;
526 937 598 991 qui
636 951 702 977 me
742 936 823 977 duo
863 936 1184 977 sceleratissimi
1215 938 1315 990 post
1347 937 1423 977 ho-

27 1006 58 1032 15
80 995 241 1036 minum
292 995 542 1036 memoriam
585 1010 672 1036 non
715 995 929 1048 consules,
980 995 1051 1035 sed
1099 995 1290 1035 latrones
1335 1009 1422 1035 non

81 1054 207 1095 modo
241 1053 517 1095 deseruerunt
549 1054 592 1094 in
625 1069 753 1095 causa
779 1054 1029 1107 praesertin]
1058 1053 1232 1107 publica
1258 1056 1300 1093 et
1327 1067 1422 1094 con-

81 1113 231 1165 sulari,
276 1112 348 1153 sed
393 1112 689 1167 prodiderunt,
734 1115 1055 1167 oppugnarunt,
1100 1112 1216 1152 omni
1262 1112 1421 1152 auxilio

78 1185 163 1212 non
190 1171 330 1212 solum
359 1186 446 1224 suo,
474 1172 546 1212 sed
568 1173 696 1212 etiam
717 1176 861 1212 vestro
883 1171 1204 1224 ceterorumque
1225 1170 1421 1211 ordinum

81 1229 313 1284 spoliatum
345 1244 436 1270 esse
469 1230 707 1271 voluerunt.
753 1228 939 1277 Quorum
975 1230 1083 1270 alter
1114 1231 1259 1270 tamen
1284 1243 1420 1283 neque

1451 482 1493 512 10

27 1300 60 1324 20
81 1302 148 1328 me
180 1302 316 1342 neque
350 1303 606 1342 quemquam
638 1288 804 1329 fefellit.
848 1287 951 1336 Quis
985 1288 1095 1328 enim
1129 1288 1263 1328 ullam
1289 1288 1420 1328 ullius
1447 1277 1493 1358 ξι

80 1346 182 1387 boni
221 1361 339 1401 spem
378 1347 556 1388 haberet
596 1348 640 1387 in
673 1362 741 1399 eo,
782 1347 898 1387 cuius
931 1346 1118 1399 primum
1149 1348 1319 1398 tempus
1353 1360 1421 1387 ae-

80 1404 183 1445 tatis
223 1405 364 1458 palam
401 1404 553 1446 fuisset
592 1405 644 1446 ad
684 1405 874 1445 omnium
906 1404 1103 1444 libidines
1137 1404 1421 1458 divulgatum,

82 1463 154 1517 qui
184 1477 238 1503 ne
271 1477 296 1503 a
327 1463 598 1504 sanctissima
630 1463 798 1517 quidem
830 1465 952 1516 parte
985 1462 1176 1515 corporis
1208 1462 1421 1516 potuisset

81 1521 304 1562 hominum
344 1521 559 1575 impuram
602 1522 978 1576 intemperantiam
1022 1521 1305 1575 propulsare?
1349 1521 1422 1574 qui

29 1592 62 1616 25
84 1593 180 1620 cum
219 1594 339 1621 suam
378 1594 464 1620 rem
504 1595 591 1621 non
628 1581 768 1621 minus
807 1583 974 1621 strenue
1008 1594 1132 1632 quam
1165 1581 1316 1633 postea
1348 1594 1421 1633 pu-

83 1638 236 1679 blicam
276 1638 545 1690 confecisset,
584 1641 821 1692 egestatem
862 1641 904 1679 et
942 1638 1152 1678 luxuriem
1187 1637 1420 1679 domestico

81 1696 291 1737 lenocinio
344 1697 621 1750 sustentavit,
671 1697 742 1751 qui
790 1697 874 1737 nisi
923 1697 968 1737 in
1012 1710 1130 1736 aram
1173 1696 1421 1737 tribunatus

64 1754 365 1810 confugisset,
411 1770 546 1809 neque
596 1755 682 1796 vim
726 1755 937 1809 praetoris
981 1769 1058 1796 nec
1101 1754 1418 1795 multitudinem

84 1813 341 1854 creditorum
366 1828 443 1855 nec
468 1814 677 1855 bonorum
704 1814 1061 1868 proscriptionem
1087 1813 1272 1868 effugere
1298 1815 1423 1866 potu-

32 1882 66 1907 30
86 1871 191 1912 isset
228 1870 330 1927 (quo
369 1872 414 1913 in
450 1872 711 1927 magistratu
741 1872 824 1912 nisi
856 1872 1123 1926 rogationem
1157 1872 1207 1912 de
1239 1872 1420 1925 piratico

84 1929 198 1971 bello
224 1931 408 1983 tulisset,
440 1931 632 1985 profecto
660 1933 851 1985 egestate
878 1934 920 1971 et
945 1930 1224 1984 improbitate
1250 1932 1423 1971 coactus

84 1988 310 2042 piraticam
353 1989 444 2043 ipse
487 1989 676 2042 fecisset,
721 2004 769 2030 ac
811 1989 974 2030 minore
1019 1989 1188 2043 quidem
1228 2003 1322 2029 cum
1360 1987 1424 2028 rei

86 2046 280 2099 publicae
307 2047 576 2101 detrimento,
606 2062 732 2102 quam
760 2048 873 2101 quod
898 2047 1012 2088 intra
1038 2048 1207 2088 moenia
1232 2046 1421 2086 nefarius

85 2104 222 2145 hostis
265 2105 504 2159 praedoque
550 2108 742 2147 versatus
788 2104 888 2160 est),
933 2120 1016 2160 quo
1061 2106 1329 2158 inspectante
1374 2118 1423 2145 ac

33 2173 66 2198 35
86 2162 257 2203 sedente
307 2164 447 2218 legem
495 2165 692 2205 tribunus
742 2165 800 2217 pl.
842 2164 959 2218 tulit,
1008 2179 1061 2205 ne
1107 2162 1306 2216 auspiciis
1352 2177 1423 2215 op—

86 2222 412 2274 temperaretur,
443 2236 495 2262 ne
528 2223 783 2264 obnuntiare
816 2222 995 2264 concilio
1029 2225 1102 2263 aut
1134 2221 1338 2273 comitiis,
1368 2234 1422 2261 ne

87 2278 173 2333 legi
221 2279 481 2321 intercedere
532 2281 695 2335 liceret,
743 2283 792 2321 ut
841 2281 909 2322 lex
952 2280 1077 2322 Aelia
1121 2283 1163 2320 et
1206 2279 1327 2320 Fufia
1369 2292 1423 2319 ne

159 2352 230 2379 CIC.
251 2354 290 2379 11.
312 2355 336 2379 2.
1141 2350 1184 2382 ‘28
