1687 2533
528 107 628 143 CAP.
656 111 796 143 25-27
823 111 842 150 s
869 111 1019 142 59—65.
1358 108 1444 150 413

102 205 226 247 tanta
257 206 336 258 est,
369 207 418 246 ut
449 204 533 246 iam
564 204 749 246 fractum
781 218 913 259 prope
940 218 989 245 ac
1014 203 1288 246 debilitatum
1315 203 1442 246 Grae-

103 263 192 306 ciae
222 277 380 305 nomen
411 263 539 304 huius
571 263 689 304 urbis
721 263 846 304 laude
877 263 1054 304 nitatur.
1116 263 1287 305 Adsunt
1318 263 1445 305 Lace·
1471 276 1512 307 63

103 322 334 375 daemonii,
366 323 484 364 cuius
518 321 704 364 civitatis
738 324 932 376 spectata
963 335 1012 363 ac
1041 322 1275 364 nobilitata
1305 323 1444 364 virtus

102 395 188 423 non
222 380 360 422 solum
386 383 542 422 natura
567 380 857 434 corroborata,
889 395 1037 421 verum
1063 381 1192 422 etiam
1219 379 1444 435 disciplina

67 451 84 476 5
103 442 298 494 putatur3
332 439 405 494 qui
432 439 515 481 soli
540 441 634 481 toto
663 439 764 480 orbe
790 441 1004 480 terrarum
1032 440 1331 495 septingentos
1357 440 1445 481 iam

103 512 238 540 annos
289 498 474 552 amplius
524 499 619 539 unis
663 497 855 539 moribus
901 500 944 539 et
985 512 1220 552 numquam
1265 499 1443 540 mutatis

102 557 270 612 legibus
296 557 456 598 vivunt.
505 556 677 598 Adsunt
702 571 752 597 ex
779 556 944 598 Achaia
971 559 1120 598 cuncta
1146 557 1273 598 multi
1298 557 1444 613 legati,

102 614 295 670 Boeotia,
327 615 561 669 Thessalia,
593 615 747 670 quibus
779 615 883 657 locis
909 629 1045 670 nuper
1069 615 1240 671 legatus
1266 616 1442 658 Flaccus

101 675 360 729 imperatore
392 674 568 715 Metello
600 673 800 729 praefuit.
848 672 998 728 Neque
1024 688 1125 715 vero
1152 677 1207 729 te,
1238 674 1444 728 Massilia,

51 744 82 769 ²1>
102 735 342 788 praetereo,
387 747 494 787 quae
539 732 586 774 L.
616 732 818 774 Flaccum
861 733 1043 774 militem
1089 735 1443 789 quaestoremque

103 792 318 846 cognosti3
353 791 472 833 cuius
503 805 584 848 ego
618 791 807 833 civitatis
840 791 1109 846 disciplinam
1142 795 1270 847 atque
1303 793 1442 848 gravi—

101 852 236 891 tatem
267 864 354 892 non
387 850 525 891 solum
558 849 783 903 Graeciae,
820 850 893 891 sed
924 850 1039 891 haud
1071 851 1159 892 scio
1192 865 1247 892 an
1278 851 1441 893 cunctis

102 909 303 964 gentibus
349 909 692 964 anteponendam
736 909 892 962 dicam,
940 923 1047 963 quae
1091 911 1183 950 tam
1226 910 1376 965 procul
1417 925 1442 951 a

102 967 361 1009 Graecorum
398 967 588 1009 omnium
625 967 891 1023 regionibus,
937 968 1172 1022 disciplinis
1210 969 1443 1024 linguaque

49 1037 82 1062 15
103 1025 239 1067 divisa
270 1040 365 1067 cum
396 1027 441 1067 in
472 1026 635 1067 ultimis
668 1026 796 1068 terris
823 1026 962 1068 cincta
989 1025 1213 1068 Gallorum
1240 1028 1441 1083 gentibus

101 1084 326 1126 barbariae
363 1084 565 1126 fluctibus
605 1084 823 1139 adluatur,
861 1085 923 1127 sic
956 1085 1232 1140 optimatium
1264 1086 1442 1128 consilio

101 1143 382 1198 gubernatur,
420 1147 469 1185 ut
506 1158 652 1185 omnes
693 1144 782 1185 eius
820 1144 1022 1185 instituta
1059 1144 1235 1186 laudare
1272 1145 1442 1186 facilius

99 1201 270 1256 possint
320 1217 450 1257 quam
501 1203 718 1245 aemulari.
791 1202 921 1244 Hisce
964 1202 1101 1244 utitur
1144 1203 1441 1245 laudatoribus
1468 1213 1512 1244 64

99 1259 291 1314 Flaccus,
321 1260 389 1302 his
419 1261 690 1303 innocentiae
721 1261 924 1314 testibus,
955 1263 1004 1302 ut
1038 1260 1296 1303 Graecorum
1330 1263 1443 1316 cupi-

48 1330 82 1355 20
103 1318 227 1360 ditati
260 1318 519 1361 Graecorum
551 1319 710 1361 auxilio
742 1320 1009 1361 resistamus.

189 1377 457 1432 Quamquam
484 1378 578 1432 quis
604 1378 790 1433 ignorat,
816 1377 888 1432 qui
913 1378 1039 1419 modo
1060 1393 1262 1432 umquam
1283 1378 1440 1420 medio·
1455 1379 1508 1420 27

101 1435 229 1477 criter
271 1450 338 1477 res
382 1436 488 1477 istas
532 1436 639 1478 scire
683 1437 867 1489 curavit,
912 1436 1014 1490 quin
1056 1436 1141 1478 tria
1179 1435 1442 1479 Graecorum

102 1507 260 1549 genera
292 1494 379 1535 sint
408 1494 536 1536 vere?
567 1509 747 1549 quorum
778 1495 852 1535 uni
879 1497 979 1536 sunt
1003 1494 1302 1549 Athenienses,
1333 1510 1441 1550 quae

101 1566 205 1606 gens
249 1552 402 1594 Ionum
450 1553 707 1607 habebatur,
756 1553 903 1594 Aeolis
955 1553 1097 1607 alteri,
1146 1552 1275 1595 Doris
1320 1555 1440 1596 tertii

48 1623 82 1648 25
102 1611 447 1653 nominabantur.
491 1611 633 1666 Atque
659 1611 764 1653 haec
790 1614 942 1653 cuncta
963 1611 1151 1666 Graecia,
1176 1627 1284 1667 quae
1309 1612 1438 1667 fama,

103 1684 210 1724 quae
236 1669 387 1725 gloria,
414 1684 521 1724 quae
548 1670 753 1724 doctrina,
780 1685 887 1724 quae
913 1670 1107 1724 plurimis
1129 1671 1306 1726 artibus,
1332 1686 1439 1726 quae

101 1729 230 1770 etiam
267 1728 447 1783 imperio
479 1731 523 1770 et
557 1728 712 1770 bellica
742 1729 865 1770 laude
898 1729 1060 1784 floruit,
1098 1744 1279 1784 parvum
1312 1745 1437 1785 quen·

102 1787 200 1828 dam
231 1787 384 1841 locum,
416 1789 464 1828 ut
490 1787 620 1840 scitis,
645 1787 844 1842 Europae
869 1790 987 1829 tenet
1012 1802 1262 1842 semperque
1287 1789 1439 1843 tenuit,

104 1845 229 1887 Asiae
261 1846 493 1887 maximam
525 1860 645 1887 oram
669 1846 785 1887 bello
814 1849 1058 1900 superatam
1084 1847 1217 1888 cinxit
1246 1847 1437 1901 urbibus,

51 1914 84 1940 ³0
103 1917 188 1945 non
220 1906 269 1945 ut
294 1905 506 1946 munitam
532 1904 709 1946 coloniis
736 1904 856 1945 illam
881 1904 912 1957 ’δ’
931 1908 1166 1960 generaret,
1193 1905 1266 1946 sed
1290 1908 1339 1946 ut
1365 1906 1437 1947 ob-

104 1975 264 2003 sessam
293 1965 472 2005 teneret.
527 1961 664 2011 Quam
696 1962 750 2004 ob
783 1977 873 2004 rem
906 1977 1062 2017 quaeso
1095 1979 1120 2005 a
1150 1964 1284 2018 vobis,
1316 1964 1437 2005 Asia·
1465 1974 1507 2005 65

104 2020 178 2061 tici
213 2023 366 2075 testes,
402 2024 468 2073 ut,
506 2036 600 2063 cum
639 2035 735 2062 vere
772 2021 986 2063 recordari
1015 2022 1191 2076 voletis,
1230 2025 1438 2075 quantum

106 2080 371 2121 auctoritatis
403 2080 448 2121 in
480 2080 683 2122 iudicium
715 2079 935 2135 adferatis,
975 2083 1143 2123 vosmet
1172 2080 1255 2134 ipsi
1286 2080 1439 2121 descri-

105 2136 217 2178 batis
259 2137 410 2179 Asiam
458 2153 552 2193 nec,
603 2137 703 2193 quid
746 2138 1014 2194 alienigenae
1058 2139 1108 2180 de
1152 2138 1275 2179 vobis
1318 2138 1438 2192 loqui

52 2205 85 2231 35
106 2194 290 2247 soleant,
329 2196 401 2237 sed
439 2197 540 2252 quid
576 2199 745 2239 vosmet
781 2196 865 2251 ipsi
880 2175 952 2238 C>de
985 2211 1140 2263 genere
1171 2198 1314 2237 vestro
1347 2199 1435 2237 sta-

105 2253 254 2307 tuatis,
285 2254 574 2296 memineritis.
635 2254 849 2309 Namque,
879 2258 929 2297 ut
961 2256 1123 2311 opinor,
1157 2254 1262 2296 Asia
1293 2257 1437 2295 vestra

106 2314 275 2353 constat
317 2326 367 2354 ex
409 2312 616 2370 Phrygia,
664 2312 821 2368 Mysia,
869 2312 1014 2369 Caria,
1058 2313 1205 2369 Lydia.
1278 2311 1435 2354 Utrum
