1619 2542
542 85 642 121 CAP.
669 90 808 122 32—34
834 90 853 129 §s
879 90 1028 122 87-92.
1367 87 1451 129 ‘221

112 197 204 225 rem
236 183 453 237 publicam
484 197 571 224 non
603 182 694 225 dico
726 182 900 236 factum,
933 183 1005 224 sed
1038 183 1147 225 nihil
1180 184 1352 225 omnino
1386 187 1451 226 est

113 242 362 297 cogitatum.
431 240 571 283 Multa
613 244 765 297 postea
807 242 923 283 bella
968 245 1093 297 gesta
1131 257 1226 284 cum
1264 243 1451 298 regibus,

112 300 328 355 Philippo,
359 300 588 354 Antiocho,
620 300 761 354 Persa,
791 300 1167 356 Pseudophilippo,
1192 300 1452 355 Aristonico,

111 358 362 401 Mithridate
407 361 449 400 et
494 359 665 413 ceteris3
708 359 845 401 multa
881 362 1102 414 praeterea
1139 359 1253 401 bella
1290 360 1452 414 gravia,

78 428 94 452 5
115 417 487 473 Carthaginiense,
525 415 815 472 Corinthium,
845 417 1176 472 Numantinum3
1214 419 1376 460 multae
1407 419 1452 460 in

114 476 195 518 hac
230 490 276 518 re
312 476 485 531 publica
523 476 752 518 seditiones
792 476 1069 529 domesticae,
1114 491 1219 531 quas
1260 479 1451 532 praeter-

114 535 260 589 mitt03
284 534 401 577 bella
420 549 516 576 cum
535 535 672 585 sociis,
692 534 1006 590 Fregellanum,
1024 534 1276 590 Marsicum3
1296 536 1450 590 quibus

115 594 312 635 omnibus
339 593 584 635 domesticis
611 594 880 648 externisque
907 594 1032 635 bellis
1054 592 1199 648 Capua
1217 609 1305 635 non
1324 595 1449 636 modo

113 667 200 694 non
232 652 388 706 obfuit,
427 652 500 694 sed
532 652 913 707 oportunissimam
946 667 990 694 se
1020 653 1145 694 nobis
1176 653 1377 707 praebuit
1408 656 1451 695 et

62 722 96 747 10
115 711 169 752 ad
204 711 367 752 bellum
405 711 696 753 instruendum
737 714 779 752 et
817 711 871 752 ad
908 711 1116 753 exercitus
1155 712 1368 753 ornandos
1409 715 1451 753 et

114 770 240 811 tectis
278 784 327 812 ac
364 770 533 811 sedibus
571 770 659 812 suis
696 769 972 824 recipiendos.
1033 769 1240 811 Homines
1272 785 1359 812 non
1390 771 1451 811 in·
1477 784 1518 815 91

115 831 237 869 erant
285 828 330 869 in
378 828 500 883 urbe,
549 829 622 884 qui
671 829 798 869 malis
848 828 1138 882 contionibus,
1187 829 1449 871 turbulentis

116 889 289 929 senatus
321 888 546 941 consultis,
583 887 742 941 iniquis
773 887 964 942 imperiis
997 902 1089 928 rem
1121 888 1340 942 publicam
1372 888 1450 929 mi-

116 948 283 987 scerent
308 948 351 988 et
374 960 516 988 rerum
542 961 751 988 novarum
780 961 953 988 causam
979 946 1167 1001 aliquam
1187 949 1450 1001 quaererent.

63 1015 96 1040 15
118 1003 264 1059 Neque
308 1004 420 1046 enim
464 1004 738 1046 contionandi
775 1007 970 1060 potestas
1009 1008 1101 1046 erat
1139 1005 1335 1059 cuiquam
1373 1019 1451 1046 nec

115 1063 282 1105 consilii
314 1063 510 1117 capiundi
534 1064 713 1119 publici3
744 1078 829 1105 non
855 1063 1019 1119 gloriae
1046 1064 1280 1118 cupiditate
1307 1063 1451 1105 effere·

114 1122 288 1177 bantur,
325 1125 553 1177 propterea
590 1122 720 1177 quod,
760 1122 835 1164 ubi
872 1123 1009 1164 honos
1046 1122 1217 1177 publice
1254 1137 1342 1164 non
1373 1124 1450 1176 est,

114 1181 174 1221 ibi
200 1180 364 1236 gloriae
390 1181 600 1235 cupiditas
629 1195 720 1222 esse
746 1195 833 1222 non
858 1183 1019 1235 potest3
1051 1195 1138 1222 non
1163 1181 1451 1235 contentione,

113 1254 200 1280 non
225 1239 458 1281 ambitione
485 1239 712 1281 discordes.
749 1238 871 1280 Nihil
898 1239 1010 1280 enim
1037 1242 1270 1293 supererat,
1296 1239 1346 1281 de
1367 1254 1450 1294 quc

62 1309 97 1334 20
115 1300 340 1347 certarent,
369 1298 491 1352 nihil,
524 1298 636 1352 quod
662 1301 810 1340 contra
834 1301 1042 1352 peterent,
1072 1298 1194 1351 nihil,
1225 1298 1300 1339 ubi
1327 1298 1451 1339 dissi-

115 1356 273 1397 derent.
333 1355 485 1411 Itaque
523 1357 646 1398 illam
684 1355 949 1410 Campanam
988 1356 1283 1411 arrogantiam
1323 1359 1451 1410 atque

114 1415 428 1456 intolerandam
477 1415 681 1456 ferociam
730 1415 896 1456 ratione
947 1416 990 1455 et
1039 1415 1216 1456 consilio
1268 1415 1450 1455 maiores

114 1473 253 1514 nostri
284 1473 337 1514 ad
368 1473 675 1514 inertissimum
709 1487 757 1514 ac
789 1472 1170 1514 desidiosissimum
1197 1473 1331 1514 otium
1357 1487 1452 1527 per-

116 1531 332 1572 duxerunt.
406 1529 475 1572 Sic
524 1534 566 1572 et
616 1531 879 1572 crudelitatis
928 1531 1167 1572 infamiam.
1198 1531 1451 1585 effugerunt,

63 1600 96 1626 25
117 1590 228 1644 quod
266 1589 415 1630 urbem
448 1603 497 1630 ex
526 1588 657 1630 Italia
687 1589 1022 1644 pulcherrimam
1053 1604 1141 1631 non
1171 1590 1451 1643 sustulerunt,

115 1651 158 1689 et
181 1648 365 1689 multum
391 1648 436 1688 in
460 1650 680 1702 posterum
706 1648 995 1713 providerunt,
1027 1648 1139 1703 quod
1163 1648 1306 1689 nervis
1331 1648 1451 1689 urbis

115 1706 312 1748 omnibus
351 1706 495 1748 electis
527 1706 675 1747 urbem
707 1706 846 1760 ipsam
879 1706 1067 1748 solutam
1100 1720 1148 1748 ac
1180 1706 1451 1748 debilitatam

115 1765 390 1819 reliquerunt.
462 1765 581 1806 Haec
632 1765 810 1806 consilia
853 1765 1064 1806 maiorum
1102 1764 1158 1806 M
1201 1763 1356 1820 Bruto,
1405 1767 1454 1807 ut
1467 1753 1524 1836 394

117 1826 243 1865 antea
286 1823 390 1876 dixi,
432 1822 777 1888 reprehendenda
824 1824 885 1875 [et
927 1823 973 1865 P.
1008 1823 1155 1876 Rullo]
1200 1824 1293 1865 visa
1335 1826 1452 1878 sunt3

63 1892 99 1918 3⁰
115 1896 251 1936 neque
276 1885 337 1936 te,
363 1857 408 1922 P.
434 1881 579 1935 Rulle,
605 1882 748 1923 omina
773 1882 850 1922 illa
875 1881 931 1923 M.
957 1881 1083 1923 Bruti
1109 1885 1237 1948 atque
1264 1857 1453 1937 auspicia⁷

118 1955 143 1982 a
174 1940 304 1982 simili
334 1940 477 1981 furore
510 1940 737 1982 deterrent.
797 1939 911 1981 Nam
943 1942 986 1981 et
1016 1940 1127 1995 ipse,
1166 1942 1238 1996 qui
1270 1941 1454 1994 deduxit,

117 2000 161 2039 et
197 1999 269 2052 qui
307 1999 612 2054 magistratum
645 1997 814 2053 Capuae
845 1998 920 2040 illo
954 2002 1123 2040 creante
1156 2002 1378 2054 ceperunt,
1410 2002 1453 2040 et

119 2056 191 2110 qui
211 2056 397 2111 aliquam
417 2059 584 2111 paitem
604 2057 721 2098 illius
742 2056 1019 2111 deductionis,
1043 2057 1232 2111 honoris,
1264 2057 1452 2098 muneris

118 2114 369 2168 attigerunt,
400 2129 546 2157 omnes
580 2115 875 2157 acerbissimas
908 2116 1138 2170 impiorum
1168 2130 1328 2170 poenas
1359 2130 1453 2170 per-
1504 2160 1508 2161 ⁷

65 2183 98 2209 35
118 2172 319 2214 tulerunt.
363 2172 421 2214 Et
453 2174 654 2228 quoniam
681 2174 804 2214 Bruti
836 2177 961 2229 atque
993 2174 1110 2216 illius
1136 2173 1344 2227 temporis
1370 2173 1453 2215 feci

119 2230 398 2284 mentionem,
429 2232 771 2273 commemorabo
804 2231 859 2285 id,
890 2232 1002 2286 quod
1034 2235 1204 2288 egomet
1231 2232 1329 2284 vidi,
1356 2246 1452 2273 cum

118 2288 332 2331 venissem
352 2288 542 2344 Capuam
569 2290 737 2332 colonia
763 2290 888 2332 modo
916 2291 1094 2333 deducta
1115 2290 1160 2332 L.
1183 2289 1384 2332 Considio
1411 2293 1454 2332 et
