1687 2533
190 386 231 416 11

213 727 239 767 6

259 161 344 203 518
478 161 539 196 DE
565 158 878 195 HARUSPICUM
904 157 1151 192 RESPONSO
1181 157 1371 193 ORATIO.

258 257 456 312 prodigio
482 258 609 310 atque
633 269 839 309 responso
863 269 941 295 nos
967 254 1016 295 de
1046 254 1169 294 istius
1197 253 1353 295 scelere
1380 268 1428 295 ac
1451 253 1594 295 furore

260 331 307 358 ac
340 316 389 356 de
420 314 749 370 inpendentibus
776 313 973 368 periculis
999 312 1196 353 maximis
1223 327 1356 366 prope
1381 313 1467 353 iam
1492 326 1595 354 voce

259 375 373 416 Iovis
400 374 554 428 optimi
579 372 754 413 maximi
779 372 1058 427 praemoneri.
1101 369 1182 412 Sed
1207 371 1392 425 primum
1415 370 1594 425 expiabo

259 433 512 488 religionem
545 431 711 473 aedium
747 446 951 484 mearum,
983 430 1019 471 si
1050 429 1094 470 id
1124 429 1262 471 facere
1294 444 1391 471 vere
1423 444 1471 471 ac
1503 430 1593 470 sine

260 492 507 546 cuiusquam
540 490 807 531 dubitatione
838 492 1007 544 poter03
1045 488 1112 529 sin
1143 488 1367 543 scrupulus
1398 489 1593 529 tenuissi-

260 565 353 592 mus
386 550 569 591 residere
602 549 730 590 alicui
762 548 988 600 videbitur,
1018 562 1103 589 non
1136 547 1261 588 modo
1294 547 1490 600 patienti,
1522 547 1596 588 sed

260 610 389 650 etiam
433 608 586 649 libenti
630 608 770 648 animo
815 607 1026 661 portentis
1072 606 1247 647 deorum
1287 605 1596 647 immortalium

259 668 541 722 religionique
572 666 746 721 parebo.

349 725 431 767 Sed
463 739 570 780 quae
602 725 775 765 tandem
808 726 873 764 est
903 724 946 764 in
977 723 1056 764 hac
1087 723 1191 764 urbe
1217 726 1340 764 tanta
1366 723 1515 764 domus
1542 723 1595 764 ab

260 786 345 826 ista
394 784 634 839 suspicione
684 783 906 837 religionis
956 784 1046 822 tam
1095 796 1229 823 vacua
1278 784 1404 836 atque
1452 783 1593 836 pura?

261 844 525 897 Quamquam
546 844 713 883 vestrae
734 842 896 894 domus,
915 843 1060 894 patres
1081 840 1323 895 conscripti,
1343 843 1596 882 ceterorum-

260 917 339 956 que
372 902 527 943 civium
560 901 696 941 multo
730 901 916 941 maxima
948 914 997 940 ex
1028 902 1149 954 parte
1183 902 1282 940 sunt
1313 899 1474 940 liberae
1500 900 1595 941 reli-

259 962 397 1014 gione,
423 963 568 1001 tamen
589 974 672 1000 una
698 974 794 1000 mea
820 958 969 999 domus
996 958 1162 998 iudiciis
1190 958 1386 999 omnibus
1412 958 1596 999 liberata

259 1020 303 1060 in
334 1020 414 1060 hac
445 1019 549 1059 urbe
582 1019 675 1059 sola
707 1021 782 1059 est.
843 1016 901 1057 Te
938 1016 1050 1057 enim
1090 1016 1278 1071 appello,
1314 1016 1512 1070 Lentule,
1554 1020 1596 1058 et

258 1082 316 1132 te,
354 1077 562 1131 Philippe.
623 1076 689 1116 Ex
726 1076 806 1117 hoc
846 1075 1121 1129 haruspicum
1161 1089 1367 1129 responso
1409 1075 1596 1117 decrevit

259 1139 445 1188 senatus,
476 1138 525 1176 ut
557 1135 607 1175 de
639 1134 745 1175 locis
779 1134 910 1175 sacris
942 1133 1158 1187 religiosis
1186 1134 1238 1174 ad
1264 1134 1376 1175 hunc
1403 1134 1596 1175 ordinem

258 1195 484 1236 referretis.
539 1193 781 1234 Potestisne
813 1192 969 1233 referre
1002 1192 1052 1233 de
1083 1206 1178 1232 mea
1209 1192 1365 1233 domo?
1398 1207 1516 1246 quae,
1546 1197 1595 1234 ut

259 1253 357 1306 dixi,
388 1253 482 1294 sola
513 1253 558 1292 in
589 1252 668 1293 hac
700 1251 804 1292 urbe
832 1251 947 1291 omni
972 1250 1178 1303 religione
1205 1251 1401 1292 omnibus
1428 1251 1594 1293 iudiciis

258 1312 443 1352 liberata
469 1313 552 1365 est3
585 1325 714 1364 quam
739 1310 925 1364 primum
957 1309 1153 1350 inimicus
1185 1309 1276 1363 ipse
1308 1310 1353 1350 in
1382 1309 1458 1350 illa
1490 1313 1594 1352 tem-

258 1373 425 1424 pestate
457 1384 506 1411 ac
537 1371 661 1410 nocte
693 1369 754 1409 rei
779 1368 987 1422 publicae,
1019 1383 1114 1408 cum
1140 1370 1281 1409 cetera
1307 1369 1467 1409 scelera
1493 1369 1593 1410 stilo
1615 1380 1629 1403 2

259 1429 334 1470 illo
376 1429 542 1482 impuro
586 1426 677 1468 Sex.
710 1426 831 1469 Clodi
873 1441 943 1467 ore
985 1426 1121 1468 tincto
1163 1427 1502 1480 conscripsisset,
1542 1442 1594 1468 ne

260 1502 344 1528 una
377 1487 547 1541 quidem
580 1486 728 1540 attigit
759 1485 906 1526 littera
937 1485 1168 1539 religionis.
1223 1484 1386 1526 Deinde
1419 1486 1594 1527 eandem

260 1546 433 1587 domum
464 1545 647 1600 populus
680 1545 915 1596 Romanus,
953 1544 1071 1585 cuius
1110 1546 1174 1584 est
1207 1558 1372 1584 summa
1402 1547 1594 1598 potestas

261 1605 451 1645 omnium
483 1618 643 1656 rerum,
683 1602 867 1644 comitiis
900 1603 1148 1643 centuriatis
1181 1603 1372 1644 omnium
1394 1606 1592 1644 aetatum

262 1663 541 1716 ordinumque
557 1662 772 1716 suffragiis
789 1661 935 1702 eodem
949 1661 1038 1701 iure
1059 1675 1150 1701 esse
1171 1661 1308 1713 iussit,
1329 1675 1411 1715 quo
1432 1661 1593 1703 fuisset.
1614 1672 1626 1696 Ξ

193 1732 234 1762 12
262 1721 417 1762 Postea
442 1736 530 1774 vos,
562 1724 705 1775 patres
732 1719 973 1773 conscripti,
1000 1734 1087 1760 non
1115 1734 1196 1773 quo
1223 1719 1351 1760 dubia
1376 1733 1443 1760 res
1470 1723 1594 1773 esset,

263 1780 334 1820 sed
361 1782 408 1819 ut
433 1779 530 1820 huic
557 1779 705 1832 furiae,
737 1778 774 1819 si
800 1778 958 1818 diutius
984 1778 1030 1818 in
1055 1778 1135 1819 hac
1161 1778 1275 1831 urbe,
1302 1793 1429 1832 quam
1456 1778 1594 1820 delere

263 1840 451 1892 cuperet,
490 1840 699 1891 maneret,
743 1851 823 1878 vox
861 1836 1203 1887 interdiceretur,
1243 1836 1507 1890 decrevistis,
1547 1840 1594 1878 ut

264 1897 311 1936 cle
344 1910 535 1936 mearum
568 1896 736 1936 aedium
767 1895 972 1949 religione
1005 1895 1058 1935 ad
1087 1895 1337 1949 pontificum
1366 1895 1594 1949 collegium

193 1961 266 2004 (12)
286 1954 525 1995 referretur.
575 1952 690 2001 Quae
716 1956 839 1994 tanta
864 1953 1012 2007 religio
1034 1957 1109 2005 est,
1142 1968 1224 2007 qua
1255 1968 1341 1994 non
1366 1954 1409 1994 in
1433 1954 1593 1995 nostris

262 2012 599 2054 dubitationibus
626 2015 753 2065 atque
780 2012 824 2052 in
850 2011 1048 2053 maximis
1075 2011 1449 2065 superstitionibus
1469 2012 1593 2053 unius

263 2072 308 2112 P.
330 2070 481 2112 Servili
507 2073 581 2111 aut
605 2070 660 2110 M.
681 2070 847 2111 Luculli
872 2084 1076 2124 responso
1104 2084 1152 2111 ac
1178 2070 1307 2111 verbo
1334 2070 1593 2111 liberemur?

263 2130 326 2170 De
359 2130 490 2170 sacris
522 2128 723 2183 publicis,
762 2129 810 2169 de
843 2128 954 2169 ludis
987 2129 1201 2181 maximis,
1239 2128 1288 2169 de
1321 2128 1494 2170 deorum
1524 2143 1594 2183 pe—

261 2188 427 2228 natium
466 2186 707 2240 Vestaeque
758 2187 908 2227 matris
953 2187 1238 2240 caerimoniis,
1289 2187 1338 2228 de
1382 2187 1456 2228 illo
1499 2189 1594 2240 ipso

263 2246 488 2298 sacrificio,
527 2245 638 2299 quod
676 2245 724 2285 fit
762 2259 838 2298 pro
878 2245 1014 2286 salute
1050 2246 1198 2299 populi
1236 2244 1437 2298 Romani,
1481 2245 1628 2299 quod3

262 2308 361 2357 post
392 2304 572 2345 Romam
611 2303 825 2344 conditam
862 2303 986 2344 huius
1018 2303 1141 2344 unius
1174 2305 1283 2344 casti
1312 2304 1469 2344 tutoris
1501 2303 1593 2344 reli-

263 2363 438 2417 gionum
483 2363 640 2404 scelere
684 2362 892 2402 violatum
937 2364 1022 2415 est,
1073 2361 1185 2416 quod
1233 2364 1321 2403 tres
1370 2362 1594 2416 pontifices

1613 498 1628 523 5

1617 792 1648 817 10

1615 1085 1647 1110 15

1614 1965 1648 1989 30
