1619 2542
145 100 228 142 166
490 97 584 133 PRO
614 97 656 132 A.
686 96 928 132 CLUENTIO
956 96 1134 131 ORATIO

143 199 186 237 et
209 195 381 237 virtutis
407 194 646 247 habuisset,
677 196 726 235 ut
752 193 878 234 multi
904 207 1030 246 saepe
1055 192 1191 234 fortes
1216 192 1298 233 viri
1321 191 1368 233 in
1393 192 1484 233 eius

143 255 259 297 modi
300 255 448 296 dolore
482 256 664 294 mortem
698 252 779 293 sibi
810 252 902 306 ipse
935 251 1188 301 conscisset,
1226 251 1325 292 111116
1357 265 1484 305 quam

145 315 199 355 ob
240 328 330 354 rem
362 313 405 353 id
436 312 568 352 vellet
598 311 796 351 inimicus
829 310 997 362 offerre,
1034 309 1147 364 quod
1178 311 1270 364 ipse
1301 309 1384 350 sibi
1415 324 1486 363 op-

144 376 237 413 tare
279 371 483 412 deberet?
544 369 657 410 Nam
701 383 813 410 1111116
854 368 1023 423 quidem
1065 368 1166 423 quid
1205 368 1379 409 tandem
1417 368 1486 409 illi

146 431 248 472 mali
280 444 397 471 mors
432 429 607 470 attulit?
641 428 727 469 nisi
756 428 868 469 forte
899 427 1056 481 ineptis
1088 426 1247 468 fabulis
1281 427 1518 480 ‹lucinam-,5

146 493 193 531 ut
232 489 525 530 existimemus
563 487 684 527 illum
723 487 775 527 ad
818 485 978 527 inferos
1010 486 1242 540 impiorum
1275 485 1486 540 supplicia

146 548 333 603 perferre
372 561 420 588 36
460 547 604 600 plures
645 545 734 586 11116
773 545 996 586 offendisse
1028 544 1224 586 inimicos
1257 559 1384 599 quam
1416 544 1486 586 1116

146 606 390 660 reliquisse,
426 620 448 646 a
483 619 648 658 socrus,
680 605 733 645 ab
766 618 966 657 uxorum,
999 618 1024 644 a
1053 603 1215 656 fratris,
1247 618 1272 644 a
1302 603 1486 644 liberum

146 665 301 707 Poenis
335 666 479 706 actum
513 677 604 704 esse
636 662 915 718 praecipitem
941 663 985 703 in
1011 663 1316 703 sceleratorum
1343 662 1486 702 sedem

147 739 195 766 ac
226 724 457 779 regionem.
520 721 636 770 Quae
669 722 705 762 si
735 721 847 762 falsa
880 723 995 774 sunt,
1026 721 1069 761 id
1101 721 1215 774 quod
1246 734 1393 762 omnes
1424 720 1486 761 111-
1506 731 1537 756 1(

146 784 370 837 tellegunt,
403 781 503 835 quid
533 780 571 821 ei
596 780 768 822 tandem
795 780 953 834 eripuit
978 793 1092 820 mors
1118 781 1289 834 praeter
1315 793 1488 820 sensum

79 853 145 883 172
161 841 349 883 doloris?
399 840 494 894 Age
526 854 639 891 vero,
671 853 747 893 per
780 853 904 892 quem
936 853 1145 878 venenum
1178 838 1357 879 datum?
1407 837 1488 878 Per

77 901 133 942 62
148 901 204 942 Μ.
237 899 459 942 Asellium.
522 897 632 946 Quid
663 898 762 939 huic
795 912 890 938 cum
922 896 1114 940 Habito?
1176 895 1316 950 Nihil,
1360 898 1487 950 atque

149 959 272 1012 adeo,
321 957 434 1012 quod
483 957 557 997 ille
601 956 837 1011 Oppianico
886 955 1222 997 familiarissime
1266 958 1332 996 est
1374 969 1488 1009 usus,

148 1018 291 1072 potius
331 1016 462 1058 etiam
496 1016 705 1056 simultas.
766 1015 874 1056 Eine
906 1014 1056 1069 igitur,
1089 1028 1213 1068 quem
1247 1014 1329 1055 sibi
1361 1014 1487 1055 offen·
1507 1023 1540 1050 15

149 1078 317 1130 siorem,
350 1074 586 1129 Oppianico
618 1073 1005 1114 familiarissimum
1033 1073 1196 1114 sciebat
1222 1087 1326 1126 esse,
1357 1072 1489 1127 potis-

149 1136 306 1176 simum
331 1136 374 1174 et
400 1133 536 1174 scelus
558 1147 680 1173 suum
701 1136 743 1172 et
762 1132 877 1172 illius
898 1131 1134 1186 periculum
1155 1131 1488 1173 committebat?

151 1194 237 1235 Cur
261 1193 398 1248 igitur
424 1194 485 1244 tu,
518 1191 589 1245 qui
615 1191 776 1245 pietate
804 1190 858 1231 ad
884 1190 1169 1231 accusandum
1196 1190 1405 1231 excitatus
1431 1203 1489 1243 es,

149 1253 261 1293 1111116
294 1250 505 1292 Asellium
544 1264 636 1290 esse
674 1249 858 1290 inultum
896 1251 987 1289 tam
1020 1248 1092 1289 diu
1124 1248 1258 1289 sinis?
1297 1263 1371 1289 cur
1401 1262 1489 1289 non

149 1310 303 1352 Habiti
345 1309 540 1363 exemplo
573 1323 674 1349 usus
707 1322 769 1361 es,
809 1311 858 1348 ut
888 1322 963 1362 per
994 1307 1134 1360 illum,
1166 1306 1239 1361 qui
1271 1306 1490 1347 attulisset
1508 1317 1543 1342 26-

82 1378 147 1412 113
163 1383 384 1421 venenum,
410 1367 460 1408 de
480 1367 561 1408 hoc
581 1365 971 1421 praeiudicaretur‘?
996 1365 1090 1406 Iam
1109 1380 1209 1406 vero
1235 1365 1341 1406 illud
1361 1380 1488 1419 quam

150 1443 236 1470 non
261 1426 497 1482 probabile,
522 1440 651 1480 quam
675 1425 943 1476 inusitatum,
968 1424 1138 1478 iudices,
1165 1439 1292 1478 quam
1317 1438 1488 1478 novum,

151 1488 195 1528 in
232 1500 341 1540 pane
373 1485 520 1526 datum
552 1484 780 1526 venenum!
841 1482 874 1524 F
877 1483 1080 1524 aciliusne
1111 1482 1254 1537 potuit
1285 1497 1412 1537 quam
1443 1482 1488 1523 in

151 1546 322 1600 poculo,
360 1543 491 1585 latius
529 1543 672 1597 potuit
711 1542 904 1584 abditum
943 1542 1086 1596 aliqua
1123 1542 1168 1582 in
1199 1543 1319 1595 parte
1351 1541 1490 1595 panis,

153 1618 282 1658 quam
319 1603 356 1643 si
386 1605 527 1643 totum
560 1601 906 1655 colliquefactum
937 1600 982 1641 in
1012 1600 1188 1655 potione
1221 1602 1351 1654 esset,
1383 1600 1488 1641 cele·
1509 1610 1543 1636 25

153 1662 242 1703 rius
274 1661 417 1715 potuit
447 1663 684 1702 comestum
717 1674 843 1714 quam
869 1662 1041 1713 epotum
1067 1658 1113 1699 in
1137 1673 1265 1699 venas
1293 1661 1420 1712 atque
1445 1658 1491 1698 in

154 1720 291 1762 omnis
334 1719 469 1773 partis
514 1719 704 1772 corporis
746 1732 1015 1772 permanare,
1057 1717 1224 1758 facilius
1262 1717 1409 1757 fallere
1445 1716 1491 1756 in

153 1793 281 1833 pane,
319 1777 356 1818 si
393 1781 510 1818 esset
547 1777 910 1830 animadversum,
948 1791 1077 1830 quam
1108 1776 1152 1816 in
1182 1775 1354 1830 poculo,
1393 1789 1489 1815 cum

154 1837 216 1878 ita
248 1835 471 1877 confusum
503 1839 626 1889 esset,
657 1838 706 1876 ut
732 1835 893 1876 secerni
917 1835 1036 1876 nullo
1063 1834 1188 1875 modo
1214 1833 1389 1887 posset?
1430 1833 1491 1874 At

87 1906 153 1937 174
167 1894 390 1948 repentina
433 1897 571 1935 morte
609 1895 748 1948 periit.
809 1893 931 1942 Quod
975 1893 1012 1933 si
1056 1894 1167 1933 esset
1209 1892 1271 1932 ita
1315 1891 1490 1945 factum,
1509 1903 1544 1929 30

155 1957 300 1995 tamen
353 1967 402 1993 ea
444 1967 512 1994 res
557 1956 734 2007 propter
777 1953 1010 1993 multorum
1054 1950 1142 1991 eius
1186 1950 1301 1991 modi
1345 1964 1491 1991 casum

157 2012 330 2053 minime
373 2010 543 2051 firmam
589 2011 739 2051 veneni
777 2010 1061 2065 suspicionem
1098 2008 1295 2062 haberet,
1340 2009 1491 2062 quodsi

158 2073 270 2112 esset
313 2069 612 2124 suspiciosum,
656 2072 801 2110 tamen
843 2069 985 2123 potius
1025 2067 1078 2108 ad
1122 2067 1230 2108 alios
1270 2082 1398 2121 quam
1437 2067 1491 2108 ad

157 2129 365 2170 Habitum
404 2127 647 2182 pertineret.
709 2127 871 2168 Verum
907 2127 952 2167 in
983 2140 1031 2167 eo
1061 2125 1155 2179 ipso
1187 2125 1382 2167 homines
1413 2126 1491 2167 im-

157 2186 465 2241 pudentissime
497 2186 772 2227 mentiuntur.
808 2185 858 2228 Id
877 2189 926 2225 ut
944 2184 1219 2239 intellegatis,
1246 2187 1288 2225 et
1307 2186 1491 2225 mortem
1509 2193 1544 2220 35

160 2247 260 2299 eius,
293 2248 335 2286 et
365 2259 490 2299 quem
523 2244 576 2285 ad
602 2244 774 2284 modum
799 2246 900 2298 post
925 2245 1107 2284 mortem
1130 2242 1176 2283 in
1201 2242 1408 2284 Habitum
1434 2242 1492 2284 sit

160 2304 321 2347 crimen
352 2318 377 2344 a
408 2305 545 2344 matre
578 2302 833 2357 quaesitum,
866 2301 1122 2356 cognoscite.
