1619 2542
172 107 255 148 112
518 103 611 140 PRO
637 104 680 139 A.
708 102 944 139 cLUENTm
973 101 1158 137 ORArio.

169 205 360 245 fraterno
394 201 622 257 parricidio
654 200 821 241 nullum
854 199 990 240 scelus
1022 198 1371 253 praetermissum
1395 198 1508 240 vide·

170 266 259 315 tur,
302 265 465 313 tamen,
512 263 558 300 ut
603 259 655 300 ad
698 259 780 299 hoc
822 258 1032 299 nefarium
1074 257 1239 299 facinus
1278 257 1508 311 accederet,

172 321 333 363 aditum
373 319 455 360 sibi
496 318 590 359 aliis
625 317 852 358 sceleribus
886 311 984 357 arite
1016 316 1209 356 munivit.
1268 314 1381 357 Nam
1413 331 1508 358 cum

172 382 285 421 esset
313 378 491 434 gravida
512 377 657 429 Auria,
682 375 831 416 fratris
852 390 971 429 uxor,
997 377 1039 415 et
1058 375 1143 416 iam
1165 375 1507 429 appropinquare

171 441 321 493 partus
352 439 596 490 putaretur,
628 435 851 475 mulierem
881 448 1044 474 veneno
1077 433 1313 485 interfecit,
1345 436 1393 474 ut
1423 448 1508 474 una

170 497 291 550 illud,
324 495 436 550 quod
470 497 561 535 erat
593 508 642 534 ex
667 493 801 534 fratre
828 495 1091 546 conceptum,
1122 495 1355 533 necaretur.
1404 491 1509 533 Post

171 555 350 596 fratrem
399 554 626 607 adgressus
667 555 747 605 est,
794 551 866 606 qui
907 566 1020 604 sero,
1063 551 1149 592 iam
1188 551 1394 591 exhausto
1432 550 1507 592 illo

170 614 324 669 poculo
364 613 534 665 mortis,
573 626 668 652 cum
707 613 749 651 et
786 610 835 651 de
874 624 949 651 suo
989 612 1030 650 et
1069 610 1118 650 de
1155 609 1299 650 uxoris
1330 610 1508 650 interitu

172 674 376 714 clamaret
424 672 817 723 testamentumque
866 671 1032 709 mutare
1083 670 1272 722 cuperet,
1321 668 1366 708 in
1414 668 1509 722 ipsa

173 730 484 786 significatione
523 730 649 770 huius
681 728 917 769 voluntatis
960 730 1024 768 est
1057 729 1263 768 mortuus.
1324 725 1391 768 Ita
1421 741 1509 768 mu-

172 790 340 842 lierem,
378 803 430 829 ne
462 790 589 841 partu
623 787 711 828 eius
744 787 797 827 ab
829 786 1066 827 hereditate
1097 785 1288 826 fraterna
1320 785 1509 826 exclude—

172 851 300 902 retur,
326 847 514 900 necavit,
540 846 688 887 fratris
716 847 857 886 autem
884 845 1043 885 liberos
1064 844 1182 898 prius
1203 844 1294 885 vita
1312 844 1509 898 privavit,

173 922 302 961 quam
345 906 409 946 illi
445 906 555 947 hanc
595 921 618 946 a
656 907 810 945 natura
849 903 1103 958 [propriam]
1143 903 1280 944 lucem
1320 903 1508 956 accipere

172 967 419 1019 potuerunt3
465 967 512 1005 ut
556 978 703 1005 omnes
747 963 1048 1015 intellegerent
1083 962 1192 1002 nihil
1231 962 1269 1002 ei
1306 961 1509 1015 clausum,

173 1025 283 1064 nihil
316 1026 511 1065 sanctum
544 1037 635 1063 esse
666 1036 804 1075 posse,
837 1036 862 1062 a
888 1021 1005 1062 cuius
1033 1021 1210 1062 audacia
1235 1019 1382 1061 fratris
1408 1020 1509 1061 libe-

172 1097 242 1124 ros
302 1096 355 1123 ne
405 1081 588 1123 materni
638 1080 807 1134 quidem
858 1079 1048 1133 corporis
1098 1079 1315 1120 custodiae
1363 1081 1509 1134 tegere

174 1142 426 1195 potuissent.
475 1140 683 1180 Memoria
720 1141 843 1179 teneo
876 1137 1087 1179 Milesiam
1120 1137 1332 1191 quandam
1364 1137 1510 1178 mulie-

174 1214 283 1252 rem,
328 1214 423 1240 cum
468 1213 604 1239 essem
647 1198 692 1237 in
735 1197 857 1250 Asia,
905 1196 1017 1250 quod
1064 1196 1116 1237 ab
1160 1196 1385 1237 heredibus
1431 1197 1509 1248 [se-

175 1257 339 1310 cundis]
362 1260 535 1311 accepta
562 1256 740 1310 pecunia
765 1258 936 1310 partum
963 1255 1045 1296 sibi
1070 1255 1166 1308 ipsa
1190 1254 1509 1296 medicamentis

175 1317 408 1371 abegisset,
450 1316 511 1356 rei
553 1314 751 1369 capitalis
794 1328 885 1354 esse
925 1313 1187 1365 damnatam3
1228 1327 1306 1354 nec
1343 1313 1544 1366 iniuria,2

175 1390 283 1429 quae
327 1389 447 1428 spem
483 1374 692 1428 parentis,
736 1373 988 1413 memoriam
1024 1371 1228 1425 nominis,
1273 1371 1508 1412 subsidium

176 1434 364 1488 generis,
411 1432 610 1473 heredem
650 1431 859 1485 familiae,
903 1431 1173 1484 designatum
1216 1431 1276 1471 rei
1314 1430 1509 1484 publicae

176 1493 311 1534 civem
349 1492 606 1532 sustulisset.
674 1490 842 1539 Quanto
881 1492 946 1530 est
984 1489 1244 1543 Oppianicus
1282 1489 1327 1529 in
1365 1489 1509 1530 eadem

175 1551 333 1592 iniuria
373 1550 534 1591 maiore
573 1549 781 1603 supplicio
827 1549 1001 1604 dignus!
1040 1547 1248 1602 siquidem
1285 1547 1377 1601 illa,
1416 1562 1510 1588 cum

178 1624 252 1650 suo
281 1609 449 1663 corpori
474 1609 560 1649 vim
588 1608 818 1661 attulisset,
845 1622 889 1648 se
915 1607 1009 1661 ipsa
1035 1606 1252 1658 cruciavit,
1277 1606 1346 1647 hic
1367 1609 1508 1647 autem
1530 1621 1544 1640 2

176 1667 288 1708 idem
327 1667 433 1708 illud
471 1667 609 1708 effecit
646 1681 722 1721 per
761 1666 889 1707 alieni
930 1665 1122 1719 corporis
1160 1667 1344 1705 mortem
1382 1667 1508 1717 atque

178 1726 422 1767 cruciatum.
468 1724 610 1766 Ceteri
640 1739 726 1766 non
758 1725 954 1765 videntur
984 1724 1029 1764 in
1061 1723 1240 1778 singulis
1267 1722 1509 1763 hominibus

179 1785 315 1825 multa
346 1784 576 1836 parricidia
608 1783 819 1837 suscipere
851 1797 988 1837 posse,
1021 1781 1278 1836 Oppianicus
1310 1781 1508 1822 inventus

111 1829 164 1910 13}
180 1845 261 1894 est,
300 1857 371 1896 qui
402 1842 447 1882 in
473 1857 556 1883 uno
590 1856 765 1896 corpore
796 1841 940 1896 plures
971 1842 1150 1881 necaret.
1210 1839 1376 1893 Itaque,
1414 1854 1509 1881 cum

179 1901 289 1942 hanc
315 1900 405 1941 eius
432 1901 779 1941 consuetudinem
805 1899 1109 1952 audaciamque
1134 1900 1362 1952 cognosset
1383 1913 1508 1939 avun-

181 1959 300 2001 culus
338 1958 454 1999 illius
488 1959 769 2000 adulescentis
802 1957 1040 2011 Oppianici,
1073 1955 1146 1997 Cn.
1165 1955 1347 2010 Magius,
1378 1957 1510 2011 isque,

180 2032 276 2059 cum
309 2017 429 2072 gravi
461 2017 611 2058 morbo
645 2017 833 2058 adfectus
865 2018 990 2068 esset,
1020 2014 1216 2055 heredem
1247 2014 1370 2055 illum
1397 2029 1507 2056 soro-

181 2077 239 2117 ris
291 2090 389 2116 suae
439 2075 577 2115 filium
618 2075 793 2128 faceret,
844 2073 1044 2115 adhibitis
1089 2073 1235 2114 amicis
1286 2076 1509 2127 praesente

181 2138 318 2176 matre
351 2148 427 2174 sua
459 2132 622 2174 Dinaea
653 2147 827 2174 uxorem
860 2147 980 2174 suam
1011 2131 1312 2185 interrogavit,
1345 2134 1508 2172 essetne

181 2206 433 2248 praegnans.
502 2190 617 2239 Quae
661 2206 754 2232 cum
801 2205 844 2232 se
888 2204 979 2231 esse
1016 2190 1324 2244 respondisset,
1368 2190 1421 2231 ab
1459 2204 1508 2230 ea

181 2251 352 2306 petivit,
394 2254 442 2292 ut
486 2264 530 2290 se
573 2252 740 2290 mortuo
780 2249 891 2303 apud
927 2247 1153 2300 Dinaeam,
1197 2263 1304 2302 quae
1342 2250 1434 2288 tum
1471 2247 1510 2288 ei

183 2309 350 2351 mulieri
384 2323 527 2350 socrus
561 2311 664 2360 erat,
697 2307 835 2362 quoad
865 2308 1051 2362 pareret,
1087 2306 1303 2347 habitaret
1335 2306 1509 2361 diligen-

1530 737 1561 762 10

1530 1030 1561 1056 15

1529 1908 1563 1933 30

1528 2199 1562 2225 35
