1619 2542
173 115 229 157 62
532 116 625 151 PRO
653 119 696 152 A.
725 116 934 152 CAECINA
961 115 1152 153 ORATIO.

169 214 313 253 tutore
352 215 525 254 auctore
569 212 832 267 promiserit,
877 211 1053 254 deberi.'
1127 211 1226 253 Non
1263 214 1330 254 est
1368 212 1510 255 aditus

170 271 223 311 ad
248 270 424 312 huiusce
449 270 565 312 modi
590 285 658 312 res
682 286 819 325 neque
851 271 1071 326 potentiae
1097 270 1349 325 cuiusquam
1373 285 1510 326 neque

170 330 353 385 gratiae3
386 329 577 383 denique,
611 344 693 384 quo
720 330 858 371 maius
890 330 972 372 hoc
1000 329 1278 384 sanctiusque
1303 329 1511 384 videatur,

167 401 220 428 ne
252 389 390 442 pretio
425 388 594 442 quidem
627 389 840 442 corrumpi
880 388 1005 430 iudex
1036 388 1081 429 in
1112 389 1202 429 eius
1234 387 1350 429 modi
1381 403 1510 430 631133

98 456 140 487 *3
167 448 323 501 potest.
371 446 458 488 Iste
484 450 626 488 vester
650 447 788 501 testis,
817 447 889 501 qui
915 462 1042 489 ausus
1070 449 1136 488 est
1162 446 1299 488 diceie
1323 458 1507 490 FECISSE
1525 461 1542 487 5

166 517 329 546 VIDERI
362 520 470 559 eum,
503 505 552 546 de
585 520 679 559 quo,
710 520 763 547 ne
795 505 913 547 cuius
944 507 1006 548 rei
1039 507 1290 561 argueretur
1322 505 1507 560 quidem,

168 563 275 605 36116
307 564 461 618 potuit,
491 564 545 604 is.
559 564 652 618 ipse
683 579 917 618 numquam
945 564 1120 606 auderet
1150 563 1337 605 iudicare
1365 564 1508 606 deberi

166 622 258 663 viro
293 622 447 676 dotem,
480 637 608 676 quam
640 623 795 664 mulier
826 623 945 664 nullo
980 626 1150 664 31161016
1183 621 1372 664 dixisset.

96 683 186 729 (26)
280 680 314 722 O
353 696 442 722 rem
475 681 740 736 praeclaram
772 681 978 736 vobisque
1012 682 1065 723 ob
1103 681 1185 722 hoc
1227 681 1508 736 retinendam,

95 739 151 780 26
167 741 511 793 recuperatores!
567 739 688 788 Quod
726 740 838 781 enim
876 743 942 782 est
978 740 1043 781 ius
1077 739 1234 781 civile?
1284 739 1407 788 Quod
1437 754 1505 782 ne·
1526 755 1560 780 10

166 813 245 852 que
276 798 437 840 inflecti
469 799 612 853 gratia
641 813 778 853 neque
804 799 1013 854 perfringi
1044 797 1241 854 potentia
1264 812 1402 852 neque
1434 798 1506 840 ad-

163 857 341 897 ulterari
367 857 546 911 pecunia
577 857 732 912 possit3
766 858 876 912 quod
909 858 945 899 si
969 872 1056 898 non
1081 856 1207 898 modo
1241 871 1506 912 oppressum,

164 915 237 956 sed
271 915 400 956 etiam
433 915 649 957 desertum
681 918 755 957 aut
785 917 1084 972 neglegentius
1111 918 1380 957 asservatum
1411 916 1506 967 erit,

160 973 268 1014 nihil
314 977 396 1028 est,
442 974 556 1028 quod
609 974 835 1029 quisquam
883 989 974 1016 sese
1020 974 1180 1016 habere
1223 977 1387 1016 certum
1432 978 1506 1016 aut

165 1047 189 1073 a
219 1034 343 1087 patre
388 1036 607 1086 acceptum
653 1037 728 1074 aut
770 1033 1020 1075 relicturum
1070 1032 1217 1074 liberis
1262 1033 1505 1075 arbitretur.
1525 1045 1558 1072 15

94 1101 137 1132 74
164 1090 273 1139 Quid
307 1091 419 1131 enim
451 1091 583 1131 refert
616 1092 738 1133 aedes
772 1095 846 1133 aut
882 1092 1061 1133 fundum
1093 1092 1289 1133 relictum
1323 1107 1349 1133 3
1382 1094 1504 1145 113116

163 1152 239 1190 aut
278 1149 424 1203 aliqua
460 1150 627 1191 ratione
659 1150 817 1191 habere
855 1151 960 1191 bene
998 1153 1190 1205 partum,
1227 1151 1266 1192 31
1295 1149 1504 1192 incertum

163 1210 240 1261 est,
279 1222 386 1262 quae
418 1208 461 1248 in
487 1223 617 1249 manu
645 1211 721 1250 tua
751 1209 842 1250 11116
867 1208 1069 1263 111311611>11
1095 1208 1198 1263 sint,
1230 1223 1280 1250 63
1309 1209 1505 1263 possisne

160 1267 357 1320 retinere,
388 1266 425 1307 si
459 1281 612 1321 parum
652 1270 718 1308 est
750 1264 1060 1309 communitum
1092 1267 1157 1307 ius
1195 1267 1319 1308 civile
1351 1282 1400 1309 ac
1429 1283 1504 1322 pu-

161 1325 275 1366 blica
305 1326 400 1380 lege
432 1328 581 1366 contra
614 1325 792 1368 alicuius
824 1325 1009 1381 gratiam
1041 1325 1179 1366 teneri
1210 1340 1297 1367 non
1328 1327 1501 1379 potest?
1521 1339 1556 1365 20

161 1383 273 1438 quid,
299 1383 486 1438 inquam,
513 1383 688 1437 prodest
708 1384 884 1425 fundum
910 1385 1080 1437 11310616,
1106 1383 1154 1435 31,
1187 1397 1296 1440 quae
1323 1384 1501 1438 diligen-

160 1442 327 1483 tissime
360 1442 575 1496 descripta
613 1457 638 1484 a
669 1443 903 1484 maioribus
935 1442 1028 1484 iura
1060 1442 1228 1496 finium,
1268 1443 1502 1497 possessio-

160 1515 276 1555 num,
307 1515 514 1554 aquarum
546 1501 831 1556 itinerumque
863 1504 975 1555 sunt,
1010 1501 1115 1542 haec
1147 1502 1393 1558 perturbari
1425 1502 1503 1543 ali-

162 1574 245 1614 qua
294 1559 458 1600 ratione
504 1561 843 1615 commutarique
888 1559 1099 1614 possunt?
1174 1559 1283 1603 Mihi
1332 1560 1502 1615 credite,

160 1618 298 1658 maior
336 1618 549 1659 hereditas
587 1619 661 1660 uni
701 1619 851 1673 cuique
890 1622 1086 1660 nostrum
1124 1620 1241 1661 venit
1278 1619 1322 1660 in
1365 1620 1500 1660 isdem
1521 1631 1554 1658 25

159 1676 284 1717 bonis
317 1691 342 1717 a
373 1676 463 1717 iure
497 1679 540 1718 et
571 1692 597 1718 3
628 1677 795 1732 legibus
828 1692 956 1731 quam
988 1678 1041 1719 311
1074 1677 1147 1729 113,
1180 1694 1205 1720 a
1237 1678 1392 1731 quibus
1424 1678 1501 1718 illa

159 1734 254 1789 ipsa
286 1735 398 1775 bona
434 1735 559 1777 nobis
598 1736 747 1776 relicta
780 1739 890 1777 sunt,
951 1736 1064 1778 Nam
1102 1737 1152 1776 ut
1189 1735 1412 1791 perveniat
1447 1736 1501 1777 ad

159 1807 226 1834 1116
262 1792 436 1845 fundus,
474 1796 733 1835 testamento
772 1795 949 1836 alicuius
987 1793 1080 1836 fieri
1116 1796 1280 1848 potest3
1316 1796 1365 1835 ut
1402 1795 1500 1836 reti-

158 1865 296 1903 neam,
322 1852 434 1906 quod
461 1866 601 1893 meum
627 1852 786 1894 factum
817 1853 884 1906 sit,
914 1853 1003 1894 sine
1030 1853 1121 1893 iure
1148 1852 1264 1895 civili
1289 1852 1383 1893 fieri
1412 1867 1499 1894 non

158 1911 313 1965 potest.
375 1909 547 1951 Fundus
580 1925 606 1952 a
637 1914 758 1965 patre
795 1911 979 1966 relinqui
1010 1914 1174 1966 potest,
1213 1913 1258 1952 at
1294 1912 1496 1966 usucapio
1517 1924 1552 1950 30

157 1967 296 2021 fundi,
338 1967 420 2008 hoc
459 1971 526 2009 est
563 1969 662 2010 finis
701 1969 1003 2011 sollicitudinis
1042 1984 1092 2011 36
1126 1969 1306 2025 periculi
1347 1969 1500 2025 litium,

158 2041 245 2068 non
271 2041 295 2067 3
325 2029 448 2080 patre
479 2026 746 2081 relinquitur,
778 2028 852 2070 sed
884 2043 909 2069 a
939 2027 1129 2083 legibus3
1168 2042 1304 2082 aquae
1337 2028 1499 2084 ductus,

157 2084 353 2138 haustus,
384 2084 478 2138 iter,
504 2088 622 2126 actus
650 2100 675 2126 a
699 2088 834 2140 patre,
862 2085 935 2127 sed
962 2089 1058 2127 rata
1083 2087 1320 2128 auctoritas
1345 2087 1498 2128 harum

88 2153 132 2185 75
158 2158 301 2186 rerum
342 2143 531 2184 omnium
571 2143 625 2184 ab
664 2144 779 2185 civili
822 2145 912 2186 iure
957 2144 1153 2186 sumitur.
1228 2144 1515 2200 Quapropter,-

157 2217 244 2244 non
276 2201 416 2242 minus
449 2201 677 2256 diligenter
708 2217 768 2256 63,
802 2217 909 2257 quae
941 2218 966 2243 a
991 2202 1227 2244 maioribus
1261 2204 1495 2257 accepistis,
1516 2214 1550 2242 35

157 2260 331 2315 publica
354 2259 615 2313 patrimonia
639 2260 743 2302 iuris
776 2275 901 2315 quam
930 2261 1125 2315 privatae
1152 2262 1213 2303 rei
1240 2263 1407 2304 vestrae
1432 2276 1497 2303 re-

156 2319 293 2360 tinere
326 2318 500 2373 debetis,
532 2332 618 2359 non
645 2319 783 2360 solum
816 2318 926 2375 quod
953 2319 1058 2361 11366
1087 2319 1177 2361 11116
1205 2320 1320 2362 civili
1348 2323 1497 2375 saepta
