1619 2542
134 122 221 164 260
465 120 516 156 IN
542 121 582 156 L.
609 118 877 155 CATILINAM
901 117 1081 153 ORATIO
1106 116 1134 153 I.

133 234 217 260 uno
249 218 474 259 interfecto
501 216 710 271 intellego
737 215 848 257 hanc
873 214 935 255 rei
959 213 1154 268 publicae
1179 216 1345 280 pestem
1368 229 1470 269 pau

133 279 266 332 lisper
308 276 501 331 repr,imi
549 290 636 316 non
676 275 721 315 in
766 276 1019 328 peipetuum
1065 272 1290 327 comprimi
1330 287 1469 328 posse.

136 336 297 385 Quodsi
334 350 379 376 se
418 334 588 376 eiecerit
626 346 852 386 secumque
893 345 991 373 suos
1024 331 1217 372 eduxerit
1248 334 1291 372 et
1322 331 1469 372 eodem

135 397 298 437 ceteros
330 393 514 447 undique
546 392 749 433 collectos
782 390 1016 446 nausiagos
1043 389 1301 445 adgregarit,
1334 389 1470 431 extin-

137 456 290 509 guetur
333 455 461 507 atque
505 450 715 492 delebitur
758 464 844 491 non
889 449 1014 491 modo
1052 448 1158 490 haec
1193 451 1284 489 tam
1322 448 1505 490 adulta⁵

136 513 198 553 rei
228 511 423 565 publicae
455 510 601 565 pestis,
632 523 779 550 verum
814 508 944 549 etiam
976 508 1107 561 stirps
1140 521 1190 549 ac
1215 521 1360 548 semen
1386 522 1472 548 ma-

136 571 276 612 lorum
309 569 508 611 omnium.
557 567 731 609 Etenim
756 567 843 608 iam
869 567 951 619 diu,
982 569 1127 621 patres
1154 565 1396 621 conscripti,
1427 566 1473 607 in

67 608 178 638 31.

78 1343 117 1374 32

84 2103 126 2134 33

138 630 204 670 1113
244 628 444 683 periculis
487 625 794 668 coniurationis
831 625 1080 680 insidiisque
1119 638 1358 679 versamur,
1399 625 1472 666 sed

137 688 280 729 nescio
319 701 401 741 quo
433 688 558 740 pacto
592 685 782 727 omnium
814 685 1019 726 scelerum
1051 698 1099 725 ac
1129 683 1284 725 veteris
1314 683 1472 725 furoris

139 749 181 787 et
231 746 430 787 audaciae
476 743 704 786 maturitas
747 743 792 784 in
835 742 971 784 nostri
1015 743 1260 784 consulatus
1303 744 1472 796 tempus
1494 752 1527 777 10

140 804 291 860 erupit.
341 803 502 853 Quodsi
534 818 583 844 ex
614 804 738 843 tanto
771 801 995 843 latrocinio
1028 801 1110 843 iste
1143 816 1251 842 unus
1283 801 1475 853 tolletur,

139 863 376 905 videbimur
406 861 592 903 fortasse
624 860 676 901 ad
708 861 836 902 breve
869 860 1082 914 quoddam
1108 863 1278 914 tempus
1305 874 1406 901 cura
1432 861 1476 900 et

141 925 257 963 metu
289 936 380 963 esse
411 920 607 971 relevati,
646 919 879 971 periculum
911 922 1051 960 autem
1083 918 1287 959 residebit
1319 920 1362 960 et
1393 918 1474 959 erit

140 982 351 1022 inclusum
384 979 554 1033 penitus
587 978 631 1018 in
663 978 780 1018 venis
813 980 940 1032 atque
971 977 1016 1018 in
1041 977 1274 1018 visceribus
1307 977 1370 1018 rei
1400 991 1475 1032 pu-

140 1040 289 1081 blicae.
358 1037 420 1079 Ut
463 1051 588 1091 saepe
628 1036 822 1077 homines
864 1036 982 1090 aegri
1023 1036 1173 1076 morbo
1216 1035 1338 1090 gravi
1377 1050 1473 1077 cum
1495 1043 1528 1070 15

143 1102 263 1140 aestu
294 1097 488 1150 febrique
519 1097 749 1144 iactantur,
791 1094 827 1136 si
860 1109 1015 1149 aquam
1047 1094 1231 1148 gelidam
1262 1094 1477 1147 biberunt,

142 1157 281 1211 primo
320 1155 501 1196 relevari
538 1153 750 1207 videntur,
789 1153 938 1194 deinde
975 1153 1110 1194 multo
1151 1152 1323 1208 gravius
1355 1153 1477 1194 vehe-

143 1214 412 1268 mentiusque
445 1212 730 1265 adflictantur,
762 1212 823 1253 310
854 1212 925 1253 hic
955 1211 1141 1264 morbus,
1174 1211 1246 1265 qui
1272 1213 1337 1252 est
1362 1211 1407 1252 in
1432 1225 1475 1252 10

144 1273 334 1338 publica,
377 1271 591 1313 relevatus
630 1271 755 1312 istius
794 1285 932 1324 poena
967 1270 1259 1311 vehementius
1298 1269 1476 1324 reliquis

145 1332 251 1373 vivis
283 1332 565 1386 ingravescet.
627 1328 766 1377 Quare
799 1329 996 1370 secedant
1026 1327 1215 1383 inprobi,
1255 1331 1479 1370 secernant
1497 1336 1532 1361 20

146 1405 189 1432 30
222 1405 247 1431 0
278 1389 416 1442 1101113,
447 1403 578 1429 unum
610 1388 655 1429 in
686 1388 827 1429 locum
860 1390 1184 1442 congregentur,
1215 1401 1337 1428 muro
1363 1387 1478 1428 deni-

147 1463 242 1503 que,
281 1448 360 1501 [id]
399 1447 512 1502 quod
550 1461 675 1500 saepe
713 1447 800 1488 iam
832 1446 939 1500 dixi,
977 1448 1251 1488 secernantur
1282 1461 1306 1486 a
1335 1445 1479 1499 nobis;

146 1507 343 1549 desinant
373 1505 569 1547 insidiari
600 1505 714 1547 domi
747 1519 846 1546 suae
879 1504 1063 1558 consuli,
1096 1504 1372 1546 circumstare
1403 1503 1478 1545 tri-

145 1566 277 1608 bunal
314 1564 526 1620 praetoris
558 1564 728 1616 urbani,
767 1563 960 1605 obsidere
992 1578 1087 1605 cum
1119 1562 1274 1617 gladiis
1306 1563 1479 1617 curiam,

146 1625 369 1666 malleolos
395 1626 438 1664 et
460 1623 576 1664 faces
603 1623 655 1664 ad
680 1622 1026 1664 inflammandam
1045 1622 1194 1663 urbem
1214 1636 1479 1676 comparare3
1499 1629 1532 1655 25

148 1684 205 1724 sit
235 1683 414 1736 denique
445 1681 698 1736 inscriptum
729 1681 774 1722 in
804 1682 945 1722 fronte
976 1681 1101 1722 unius
1134 1680 1349 1734 cuiusque,
1380 1679 1480 1733 quid

148 1742 198 1782 de
240 1755 285 1781 re
328 1739 501 1794 publica
546 1740 713 1781 sentiat.
783 1740 995 1781 Polliceor
1032 1739 1112 1780 hoc
1148 1738 1289 1792 vobis,
1333 1741 1478 1792 patres

148 1798 390 1853 conscripti,
415 1801 583 1839 tantam
608 1799 653 1839 in
677 1799 802 1840 nobis
822 1798 1068 1840 consulibus
1088 1797 1180 1838 fore
1200 1796 1480 1851 diligentiam,

147 1859 312 1899 tantam
355 1856 400 1897 111
442 1857 564 1897 vobis
609 1857 927 1911 auctoritatem,
970 1858 1136 1897 tantam
1179 1855 1223 1896 in
1268 1855 1479 1909 equitibus

148 1914 354 1958 Romanis
391 1914 612 1968 virtutem,
649 1918 816 1956 tantam
847 1916 893 1956 in
925 1914 1120 1957 omnibus
1152 1913 1277 1954 bonis
1309 1927 1481 1954 00113011-
1500 1922 1534 1948 30

152 1975 331 2026 sionem,
383 1975 432 2013 ut
484 1971 692 2014 Catilinae
742 1974 1006 2028 profectione
1062 1972 1205 2013 omnia
1252 1971 1481 2026 patefacta,

151 2034 398 2085 inlustrata,
431 2045 651 2086 oppressa,
682 2032 898 2073 vindicata
929 2045 1020 2072 esse
1051 2030 1242 2071 videatis,

241 2090 371 2132 Hisce
398 2089 624 2142 ominibus,
656 2088 854 2144 Catilina,
888 2105 982 2132 cum
1007 2103 1174 2130 summa
1199 2089 1260 2130 rei
1285 2089 1482 2143 publicae

155 2151 308 2203 salute,
357 2163 452 2189 cum
501 2150 575 2188 tua
624 2152 743 2202 peste
793 2164 841 2190 00
890 2147 1074 2203 pernicie
1116 2161 1293 2200 cumque
1337 2162 1482 2189 eorum

156 2208 303 2260 exitio,
341 2207 412 2261 qui
452 2220 494 2247 se
535 2208 675 2247 tecum
714 2208 830 2248 omni
862 2207 1018 2248 scelere
1049 2206 1360 2260 parricidioque
1390 2206 1480 2247 iun-
1502 2215 1534 2241 35

155 2268 324 2319 xerunt,
367 2264 635 2320 proficiscere
674 2265 726 2305 ad
766 2266 944 2319 impium
980 2264 1137 2305 bellum
1176 2279 1224 2306 ac
1260 2264 1482 2306 nefarium.

157 2325 236 2375 Tu,
267 2324 472 2379 Iuppiter,
504 2323 574 2377 qui
606 2322 739 2364 isdem
772 2324 924 2378 quibus
957 2323 1061 2364 11000
1091 2322 1193 2363 urbs
1227 2322 1425 2379 auspiciis
1458 2337 1482 2363 a
