1619 2542
149 155 238 196 246
522 153 617 189 PRO
644 154 680 189 c,
706 153 903 189 RABIRIO
930 153 1119 189 ORArio.

148 251 259 293 hanc
291 251 510 292 civitatem
542 263 622 292 esse
653 250 799 303 voltis,
832 250 869 291 si
901 252 1118 290 aetermam
1148 249 1218 291 hoc
1247 249 1486 307 imperium,

150 310 186 351 si
219 310 396 366 gloriam
428 309 733 363 sempiternam
764 322 944 359 manere,
974 308 1099 349 nobis
1132 323 1156 350 a
1186 308 1346 350 nostris
1377 310 1486 362 cupi·

150 369 369 422 ditatibus‚
396 383 421 409 a
444 367 690 409 turbulentis
716 367 960 409 hominibus
987 370 1104 420 atque
1121 381 1325 408 novarum
1343 381 1485 408 rerum

149 428 324 480 cupidis,
362 427 411 468 ab
448 426 649 468 intestinis
685 426 824 479 malis,
863 441 887 467 a
926 425 1170 467 domesticis
1202 426 1390 468 consiliis
1421 428 1486 468 est

79 497 124 528 34
151 486 396 528 cavendum.
463 485 592 526 Hisce
640 487 784 525 autem
830 485 955 526 malis
995 498 1192 538 maynum
1228 484 1522 539 praesidium5

148 545 263 586 vobis
297 544 478 586 maiores
508 544 637 585 vestri
667 543 940 597 reliquerunt,
970 557 1108 584 vocem
1133 543 1254 585 illam
1280 543 1487 585 consulis:

151 603 240 657 equi
288 617 373 645 rem
409 603 618 656 publicam
663 603 826 643 salvam
869 616 962 643 esse
1003 602 1171 643 rellent'.
1244 601 1355 644 Huic
1392 603 1487 644 voci

149 662 304 715 favete,
344 662 538 715 Quirites,
574 674 700 714 oreque
736 663 876 702 vestro
907 660 1061 702 iudicio
1093 661 1348 703 abstuleritis
1380 660 1486 702 mihi

151 754 336 763 ......
373 735 509 775 neque
564 720 804 775 eripueritis
850 720 911 761 rei
953 720 1137 772 publicae
1192 734 1311 775 spem
1361 719 1485 761 liber-

79 790 123 821 35
150 781 271 833 tatis,
303 793 418 832 spem
451 779 611 832 salutis,
644 793 763 833 spem
793 778 1025 832 dignitatis.
1088 778 1196 831 Quid
1221 779 1418 832 facerem,
1450 778 1487 820 si
1506 789 1539 814 10

151 838 196 879 T.
222 838 434 880 Labienus
470 837 639 879 caedem
677 837 833 878 civium
870 838 1035 889 fecisset
1070 840 1119 878 ut
1149 837 1194 878 L.
1221 836 1486 890 Saturninus,

151 897 187 938 si
236 911 447 938 carcerem
491 896 748 949 resq-eyisset,
799 896 835 936 si
877 894 1138 950 Capitolium
1181 909 1272 937 oum
1314 897 1488 938 armatis

150 955 461 1009 occupavisset?
523 954 723 996 Facerem
755 955 871 1007 idem,
902 954 1013 1007 quod
1038 953 1082 996 C.
1102 954 1263 996 Marius
1294 954 1401 1008 fecit,
1431 955 1487 996 ad

152 1016 347 1055 senatum
379 1014 592 1067 referrem,
623 1027 700 1054 vos
732 1013 785 1054 ad
816 1027 904 1053 rem
936 1013 1153 1067 publicam
1184 1013 1487 1065 defendundam

149 1073 405 1125 cohortarer,
443 1074 634 1113 armatus
666 1072 749 1124 ipse
779 1071 1000 1112 vobiscum
1032 1075 1187 1113 armato
1220 1072 1485 1113 obsisterem.
1507 1082 1539 1108 15

182 1132 290 1185 ⁷unc,
323 1131 526 1184 quoniam
558 1144 774 1171 armorum
806 1130 990 1184 suspicio
1022 1130 1142 1171 nulla
1173 1133 1250 1183 est,
1281 1131 1370 1172 tela
1399 1146 1488 1172 non

148 1189 290 1242 video,
326 1204 415 1230 non
445 1189 527 1243 vis,
564 1203 652 1230 non
683 1188 850 1241 caedes,
881 1203 968 1230 non
999 1187 1187 1243 Capitoli
1218 1192 1346 1243 atque
1376 1189 1485 1231 arcis

151 1248 343 1290 obsessio
377 1249 459 1301 est,
499 1247 572 1288 sed
604 1247 817 1288 accusatio
849 1247 1105 1302 perniciosa,
1142 1247 1344 1289 iudicium
1376 1262 1486 1289 acer-

149 1307 270 1359 bum,
315 1320 383 1347 res
430 1308 525 1347 tota
571 1321 596 1347 a
643 1306 817 1347 tribuno
861 1306 917 1360 pl.
962 1308 1160 1360 suscepta
1204 1308 1353 1348 contra
1395 1320 1486 1347 rem

149 1365 384 1420 publicam,
424 1379 512 1406 non
548 1378 623 1406 vos
662 1364 714 1405 ad
746 1379 864 1405 arma
895 1366 1100 1406 vocandos
1130 1378 1226 1417 esse,
1263 1379 1401 1406 rerum
1433 1365 1485 1406 ad
1505 1375 1539 1400 20

151 1423 357 1478 suffragia
401 1423 686 1464 cohortandos
727 1426 876 1464 contra
921 1423 1283 1478 oppugnationem
1319 1425 1486 1465 vestrae

149 1481 388 1523 maiestatis
421 1481 581 1535 putavi.
642 1480 793 1535 Itaque
825 1496 936 1523 nunc
967 1496 1042 1523 vos
1076 1496 1220 1523 omnes
1253 1485 1487 1537 oroatque

150 1541 343 1582 obtestor
397 1540 642 1594 hortorque.
721 1539 821 1581 Non
875 1540 937 1581 ita
992 1555 1084 1582 mos
1135 1543 1217 1595 est,
1269 1541 1485 1582 consulem

151 1614 245 1641 cum
278 1613 321 1640 es
354 1597 433 1623 *ξ’*

82 1642 136 1723 ἐξ
238 1655 318 1681 *²3⁸
344 1657 483 1710 timet3
522 1656 595 1711 qui
631 1656 758 1698 hasce
797 1671 868 1698 ore
906 1657 1084 1698 adverso
1122 1672 1199 1712 pro
1238 1672 1283 1699 re
1313 1658 1539 1711 public-2125

80 1710 100 1724 ⁰
151 1716 367 1757 cicatrices
425 1729 473 1756 ac
526 1718 653 1756 notas
709 1714 881 1757 virtutis
931 1716 1111 1770 accepit,
1165 1716 1220 1769 is,
1273 1730 1326 1757 ne
1375 1717 1487 1770 quod

152 1773 335 1827 accipiat
370 1772 512 1814 famae
544 1774 712 1827 volnus,
748 1774 1053 1828 perhorrescit;
1093 1789 1216 1828 quem
1253 1788 1487 1827 numquam

150 1831 413 1873 incursiones
453 1831 643 1872 hostium
680 1833 774 1873 loco
811 1847 979 1874 movere
1015 1834 1263 1887 potuerunt,
1302 1832 1339 1873 is
1376 1847 1487 1874 nunc

151 1891 361 1944 impetum
401 1889 576 1944 civium,
614 1890 679 1932 cui
717 1891 952 1932 necessario
996 1890 1224 1932 cedendum
1266 1893 1348 1943 est,
1391 1905 1486 1945 per-

81 1959 124 1990 37
150 1947 372 1990 horrescit.
444 1951 591 2001 Neque
641 1963 667 1989 a
715 1949 836 1990 vobis
886 1950 972 1990 iam
1027 1949 1133 1990 bene
1181 1949 1363 2003 vivendi,
1413 1949 1487 1991 sed
1505 1960 1539 1985 30

152 2007 328 2048 honeste
354 2006 563 2046 moriendi
588 2006 835 2048 facultatem
860 2007 969 2062 petit
992 2021 1127 2061 neque
1152 2009 1254 2060 tam,
1285 2010 1333 2048 ut
1359 2007 1484 2050 domo

153 2080 231 2106 sua
267 2064 450 2116 fruatur,
489 2078 617 2117 quam
654 2080 706 2106 ne
743 2066 886 2120 patrio
922 2065 1145 2119 sepulchro
1177 2065 1386 2120 privetur,
1427 2067 1486 2107 la-

152 2124 290 2166 borat.
351 2121 472 2163 Nihil
510 2123 627 2164 aliud
654 2124 739 2165 iam
770 2138 846 2165 vos
879 2126 973 2165 orat
1004 2126 1130 2177 atque
1162 2124 1365 2177 obsecrat,
1401 2125 1487 2166 nisi

153 2182 217 2223 uti
257 2195 308 2223 ne
336 2194 378 2222 se
407 2180 602 2235 legitimo
634 2180 778 2223 funere
807 2186 845 2224 et
873 2181 1105 2224 domestica
1135 2186 1266 2224 morte
1295 2183 1486 2238 privetiS,

151 2243 201 2282 ut
232 2254 346 2292 eum,
384 2240 455 2292 qui
490 2252 567 2293 pro
605 2240 747 2293 patria
783 2241 943 2282 nullum
973 2254 1176 2294 umquam
1208 2243 1356 2283 mortis
1379 2241 1484 2294 peri·
1503 2251 1538 2277 35

153 2299 292 2340 culum
324 2298 449 2352 fugit,
480 2298 525 2338 in
557 2297 697 2351 patria
729 2298 838 2340 mori
868 2298 1104 2352 patiamini.

82 2367 126 2397 38
241 2356 340 2398 Dixi
393 2355 445 2397 ad
493 2355 535 2396 id
581 2358 770 2410 tempus,
819 2358 928 2411 quod
974 2356 1080 2398 mihi
1131 2371 1155 2398 a
1206 2357 1379 2400 tribuno
1428 2358 1486 2413 pl.
