1687 2533
171 292 222 332 17

169 344 212 374 39

173 846 215 876 40

176 1783 199 1814 4
206 1783 221 1813 1

237 91 327 133 404
612 90 706 126 PRO
733 91 772 126 L.
799 88 983 126 FLACCO
1011 89 1202 126 ORATIO.

237 190 340 240 tam,
373 187 575 241 quoniam
601 188 713 240 sunt,
744 188 793 227 ut
818 185 1096 240 Asclepiades
1124 185 1238 240 dicit,
1269 186 1396 240 leves,
1426 186 1582 228 horum

237 245 534 288 testimonium
565 260 653 286 non
685 245 1000 300 pertimescam.

327 304 465 346 Venio
515 318 627 345 nunc
678 303 730 344 ad
780 302 1087 357 Dorylensium
1137 304 1454 358 testimonium3
1510 305 1583 359 qui

238 363 435 419 producti
472 362 646 404 tabulas
685 376 729 404 se
768 362 962 416 publicas
995 362 1048 403 ad
1080 360 1311 416 Speluncas
1344 361 1581 417 perdidisse

239 423 449 464 dixerunt.
507 421 540 463 O
573 423 768 477 pastores
801 421 944 462 nescio
979 435 1085 476 quos
1118 421 1293 476 cupidos
1326 421 1619 475 litterarum,5

240 481 451 535 siquidem
484 480 592 522 nihil
623 480 719 522 istis
752 482 923 533 praeter
953 480 1120 521 litteras
1154 481 1444 522 abstulerunt!
1499 480 1583 522 Sed

239 540 356 582 aliud
400 553 492 580 esse
537 553 690 580 causae
735 539 1021 594 suspicamur,
1062 553 1116 580 ne
1160 539 1272 580 forte
1313 539 1390 581 isti
1430 554 1585 594 parum

241 598 403 640 versuti
435 612 527 639 esse
559 597 796 639 videantur.
849 597 993 639 Poena
1025 601 1101 651 est,
1133 600 1181 639 ut
1209 598 1373 652 opinor,
1404 596 1585 653 Dorylai

240 657 413 712 gravior
464 671 593 711 quam
637 657 749 710 apud
793 656 902 697 alios
946 656 1155 698 falsarum
1199 660 1242 698 et
1285 660 1585 712 corruptarum
1686 686 1687 695 ,

238 717 494 757 litterarum.
557 714 602 757 Si
634 730 754 757 veras
789 715 1083 770 protulissent,
1116 715 1306 757 criminis
1336 716 1447 757 nihil
1479 718 1584 770 erat,
1604 726 1639 751 10
1686 753 1687 763 ,

242 775 278 816 si
314 774 468 828 falsas,
512 777 604 815 erat
647 789 797 829 poena.
864 773 1158 816 Bellissimum
1199 777 1407 829 putarunt
1447 775 1585 817 dicere

242 834 434 875 amissas.
484 831 716 881 Quiescant
746 833 882 888 igitur
914 835 956 874 et
988 847 1055 874 me
1086 833 1168 875 hoc
1199 834 1245 874 in
1275 835 1393 876 lucro
1426 848 1586 889 ponere

242 895 370 947 atque
414 892 530 933 aliud
571 906 698 946 agere
736 891 967 946 patiantur.
1036 890 1136 932 Non
1178 893 1333 934 sinunt.
1403 891 1588 948 Supplet

242 952 356 992 enim
382 952 464 992 iste
490 951 633 992 nescio
661 952 733 1005 qui
760 954 803 992 et
829 950 1034 1005 privatim
1060 950 1164 992 dicit
1190 965 1235 992 se
1262 951 1442 994 dedisse.
1493 951 1587 993 Hoc

242 1024 340 1051 vero
374 1010 476 1050 ferri
506 1009 624 1050 nullo
657 1009 783 1050 modo
816 1011 972 1063 potest.
1023 1007 1104 1057 Qui
1135 1009 1185 1050 de
1211 1010 1373 1051 tabulis
1399 1010 1585 1065 publicis
1607 1020 1640 1046 15

241 1070 395 1110 recitat
425 1068 491 1122 iis,
525 1082 632 1122 quae
664 1068 710 1108 in
741 1068 1000 1109 accusatoris
1033 1070 1250 1122 potestate
1281 1068 1466 1123 fuerunt,
1499 1084 1588 1110 non

243 1127 369 1168 debet
406 1126 564 1168 habere
605 1126 925 1179 auctoritatem3
966 1126 1038 1167 sed
1077 1129 1222 1168 tamen
1260 1127 1463 1169 iudicium
1494 1128 1589 1169 fieri

242 1186 427 1239 videtur,
477 1200 572 1227 cum
621 1186 796 1226 tabulae
846 1185 945 1226 illae
988 1186 1125 1240 ipsae,
1178 1186 1433 1227 cuicuimodi
1478 1189 1589 1240 sunt,

242 1244 528 1299 proferuntur.
585 1242 693 1285 Cum
725 1259 825 1285 vero
859 1244 908 1296 is,
941 1258 1067 1298 quem
1097 1258 1222 1286 nemo
1255 1247 1447 1286 vestrum
1478 1245 1589 1287 vidit

243 1317 467 1357 umquam,
503 1317 647 1356 nemo,
685 1303 757 1357 qui
795 1302 992 1344 mortalis
1033 1305 1163 1356 esset,
1201 1303 1381 1357 audivit,
1417 1306 1588 1345 tantum
1613 1323 1646 1347 20

245 1362 363 1403 dicit:
403 1360 583 1415 ‘Dedi',
616 1361 889 1415 dubitabitis,
926 1361 1102 1416 iudices,
1136 1362 1239 1416 quin
1271 1362 1324 1404 ab
1356 1362 1438 1405 hoc
1468 1363 1588 1417 igno-

243 1421 412 1462 tissimo
440 1420 612 1475 Phryge
637 1420 958 1461 nobilissimum
983 1420 1118 1462 civem
1144 1420 1395 1463 vindicetis?
1446 1421 1589 1476 Atque

244 1479 344 1520 huic
394 1478 531 1520 eidem
580 1493 715 1533 nuper
762 1482 849 1520 tres
895 1480 1059 1533 equites
1104 1479 1288 1521 Romani
1330 1480 1502 1521 honesti
1545 1483 1589 1522 et

247 1552 418 1593 graveS,
455 1552 552 1579 cum
589 1537 633 1579 in
671 1552 800 1579 causa
837 1537 1008 1579 liberali
1046 1552 1158 1590 eum,
1200 1539 1272 1593 qui
1306 1539 1589 1592 asserebatur,

246 1599 478 1650 cognatum
523 1611 645 1637 suum
684 1611 776 1637 esse
815 1597 989 1650 diceret,
1031 1611 1119 1639 non
1157 1597 1436 1639 crediderunt.
1504 1596 1587 1646 Qui
1607 1609 1640 1633 25

245 1656 328 1696 hoc
360 1655 513 1709 evenit,
544 1657 603 1709 ut,
636 1655 708 1709 qui
739 1655 928 1710 locuples
954 1655 1079 1697 testis
1106 1656 1266 1698 doloris
1293 1660 1336 1698 et
1367 1657 1588 1711 sanguinis

248 1713 313 1755 sui
337 1727 425 1754 non
442 1713 583 1766 fuerit,
609 1713 722 1755 idem
749 1714 805 1754 sit
832 1714 973 1770 gravis
994 1716 1143 1756 auctor
1162 1715 1342 1756 iniuriae
1361 1714 1587 1770 publicae?

249 1772 392 1826 Atque
436 1772 505 1813 hic
543 1771 795 1826 Dorylensis
838 1787 974 1827 nuper
1011 1787 1107 1814 cum
1145 1773 1393 1828 ecferretur,
1430 1787 1589 1829 magna

247 1830 491 1884 frequentia
529 1845 815 1886 consessuque
852 1835 996 1873 vestro
1035 1832 1186 1873 mortis
1227 1832 1343 1873 illius
1382 1832 1590 1874 invidiam

249 1890 295 1930 in
318 1887 365 1930 L.
384 1887 583 1930 Flaccum
608 1888 779 1930 Laelius
806 1889 1064 1932 conferebat.
1107 1889 1230 1931 Facis
1256 1891 1425 1945 iniuste,
1456 1889 1590 1945 Laeli,
1609 1902 1644 1927 3⁰

251 1947 288 1988 si
330 1949 457 2001 putas
500 1950 650 1989 nostro
694 1948 883 2003 periculo
928 1948 1068 1990 vivere
1112 1952 1208 1990 tuos
1250 1950 1590 2004 contubernales,

250 2005 505 2060 praesertim
549 2020 645 2046 cum
689 2011 763 2047 tua
807 2007 1079 2062 neglegentia
1120 2006 1282 2049 factum
1321 2008 1589 2051 arbitremur.

250 2063 430 2105 Homini
462 2063 574 2105 enim
599 2064 776 2120 Phrygi,
810 2067 882 2120 qui
915 2066 1111 2107 arborem
1142 2080 1378 2121 numquam
1403 2066 1590 2117 vidisset,

251 2123 445 2164 fiscinam
482 2122 661 2164 ficorum
699 2123 905 2169 obiecisti.
967 2123 1096 2166 Cuius
1135 2139 1251 2166 mors
1289 2127 1333 2166 te
1372 2125 1515 2180 aliqua
1545 2140 1591 2167 re

253 2181 430 2235 levavit,
472 2181 641 2222 edacem
675 2181 787 2222 enim
818 2182 1036 2237 hospitem
1067 2183 1269 2238 amisisti3
1306 2182 1457 2225 Flacco
1489 2197 1589 2225 vero
1609 2193 1644 2220 35

254 2239 355 2293 quid
392 2240 583 2294 profuit?
622 2240 694 2294 qui
725 2241 860 2282 valuit
890 2243 982 2282 tam
1014 2241 1103 2295 diu,
1143 2241 1244 2283 dum
1276 2242 1358 2284 huc
1388 2241 1592 2297 prodiret,

254 2300 449 2340 mortuus
489 2301 555 2340 est
593 2298 739 2341 aculeo
779 2298 865 2340 iam
905 2300 1061 2342 emisso
1101 2314 1149 2342 ac
1186 2300 1298 2342 dicto
1330 2300 1593 2343 testimonio.
