1619 2542
0 0 1520 23 ῥ’

497 142 597 177 CAP.
624 147 717 178 4—6
743 147 762 186 ξ
789 146 936 178 13-18.
1341 142 1426 184 239

89 240 290 281 multatio
334 240 562 294 bonorum,
606 240 807 281 miserum
852 239 1042 293 exilium,
1088 240 1160 281 sed
1200 243 1346 281 tamen
1383 240 1428 280 in

90 299 207 340 omni
237 298 484 340 calamitate
510 298 718 339 retinetur
744 299 916 353 aliquod
942 299 1174 353 vestigium
1200 299 1427 340 libertatis.

89 357 206 398 Mors
248 357 427 412 denique
470 357 506 398 si
546 357 817 412 proponitur,
857 358 902 398 in
942 357 1143 399 libertate
1182 358 1429 410 moriamur,

91 416 279 457 carnifex
329 431 429 458 vero
475 418 517 457 et
561 416 761 457 obductio
807 416 958 470 capitis
1003 421 1045 457 et
1086 431 1243 457 nomen
1286 416 1427 470 ipsum

54 487 69 511 5
90 475 226 516 crucis
259 475 372 516 absit
401 490 486 516 non
519 475 644 516 modo
678 490 703 516 a
735 490 910 529 corpore
942 475 1098 516 civium
1124 475 1428 529 Romanorum,

92 534 165 575 sed
197 533 327 575 etiam
359 549 384 575 a
410 534 683 589 cogitatione,
716 534 861 587 oculis,
894 534 1078 575 auribus.
1122 533 1289 575 Harum
1316 535 1428 575 enim

92 593 281 634 omnium
327 608 468 634 rerum
512 607 600 634 non
638 593 778 633 solum
817 595 992 633 eventus
1032 595 1160 647 atque
1197 593 1428 647 perpessio,

92 651 165 692 sed
197 652 326 692 etiam
364 651 572 704 condicio,
616 652 873 705 expectatio,
917 652 1077 692 mentio
1115 652 1210 706 ipsa
1248 652 1427 706 denique

90 710 269 765 indigna
307 710 395 752 cive
427 710 620 751 Romano
660 713 787 764 atque
827 710 999 751 homine
1040 710 1176 752 libero
1216 713 1290 752 est.
1359 711 1429 751 An

39 781 71 805 10
91 784 191 810 vero
219 784 365 810 servos
390 771 563 810 nostros
588 769 742 810 horum
770 769 1078 823 suppliciorum
1102 769 1291 810 omnium
1312 772 1429 810 metu

92 828 360 869 dominorum
414 828 657 883 benignitas
700 828 889 869 vindicta
931 843 1016 868 una
1060 828 1232 881 liberat,
1281 843 1360 869 nos
1406 843 1430 869 a

91 887 357 940 verberibus,
398 887 452 928 ab
492 901 618 940 unco,
659 902 683 928 a
721 887 856 928 crucis
889 887 1066 940 denique
1098 890 1261 928 terrore
1292 902 1429 941 neque

91 960 158 986 res
210 950 355 1000 gestae
402 960 539 999 neque
590 948 685 986 acta
727 949 844 987 aetas
888 960 1025 1000 neque
1068 946 1201 986 vestri
1244 946 1428 987 honores

91 1004 396 1045 vindicabunt?
458 1003 595 1052 Quam
628 1005 681 1045 ob
714 1019 804 1045 rem
835 1003 976 1045 fateor
1008 1008 1134 1058 atque
1167 1004 1315 1058 etiam,
1348 1004 1428 1045 La-
1458 1013 1499 1045 17

42 1074 74 1099 15
93 1063 235 1116 biene,
273 1063 477 1117 profiteor
515 1066 557 1104 et
597 1077 699 1117 prae
737 1078 803 1104 me
842 1063 933 1104 fero
972 1066 1015 1104 te
1054 1077 1104 1103 ex
1141 1063 1218 1104 illa
1257 1063 1429 1117 crudeli,

92 1122 335 1175 inportuna,
366 1136 451 1163 11011
484 1121 714 1163 tribunicia
741 1122 918 1175 actione,
951 1122 1024 1163 sed
1049 1122 1180 1177 regia,
1212 1137 1306 1163 11100
1333 1137 1429 1163 0011-

94 1180 209 1234 silio,
243 1180 420 1233 virtute,
459 1180 715 1222 auctoritate
754 1195 844 1221 esse
886 1181 1122 1235 depulsum.
1184 1179 1276 1228 Qua
1306 1183 1355 1222 tu
1386 1181 1431 1222 111

58 1251 62 1256 ’
93 1239 260 1280 actione
303 1254 563 1293 quamquam
603 1240 746 1280 omnia
784 1241 976 1294 exempla
1014 1240 1242 1291 maiorum,
1291 1241 1430 1281 omnis

92 1298 228 1353 leges,
266 1312 434 1339 omnem
468 1298 768 1339 auctoritatem
801 1303 992 1350 senatus,
1031 1299 1168 1339 omnis
1200 1299 1430 1352 religiones

40 1368 74 1392 20
94 1359 220 1410 atque
247 1357 533 1410 auspiciorum
560 1357 732 1411 publica
757 1357 851 1397 iura
876 1357 1116 1411 neglexisti,
1142 1360 1287 1398 tamen
1314 1372 1338 1397 a
1363 1372 1430 1397 me

94 1415 199 1456 haec
241 1415 285 1456 in
330 1416 411 1456 1100
455 1418 545 1456 tam
590 1416 742 1470 exiguo
781 1430 874 1456 meo
913 1419 1104 1469 ternpore
1142 1430 1227 1455 11011
1267 1415 1431 1468 audies,

94 1473 277 1514 liberum
302 1476 472 1528 tempus
497 1474 621 1514 nobis
649 1474 821 1514 dabitur
841 1474 894 1514 ad
913 1474 1042 1514 istam
1063 1473 1430 1527 disceptationem.

182 1531 307 1573 Nunc
338 1533 388 1572 de
415 1531 633 1573 Saturnini
665 1532 839 1573 crimine
872 1546 920 1572 ac
953 1532 1002 1572 de
1035 1531 1262 1572 clarissimi
1287 1532 1431 1586 patrui

95 1590 158 1631 tui
191 1593 327 1631 morte
361 1590 557 1631 dicemus.
601 1591 761 1645 Arguis
795 1591 979 1631 occisum
1012 1604 1104 1630 esse
1137 1605 1162 1630 a
1189 1589 1232 1630 C.
1252 1590 1429 1631 Rabirio

43 1660 75 1685 ‘25
95 1648 141 1690 L.
180 1648 467 1690 Saturninum.
528 1648 587 1689 Et
624 1649 667 1689 id
707 1647 750 1689 C.
788 1648 987 1689 Rabirius
1032 1649 1266 1690 multorum
1313 1650 1432 1689 testi-

97 1707 251 1748 moniis
296 1706 341 1755 Q.
379 1706 612 1748 Hortensio
663 1707 955 1761 copiosissime
1006 1706 1255 1748 defendente
1306 1711 1432 1749 antea

95 1766 255 1807 falsum
300 1780 391 1807 esse
430 1766 590 1819 docuit,
635 1779 713 1821 ego
753 1769 913 1818 autem,
959 1766 995 1806 si
1034 1765 1141 1806 mihi
1178 1768 1290 1806 esset
1326 1766 1432 1807 inte-

99 1839 236 1879 grum,
268 1825 526 1878 susciperem
557 1824 638 1865 hoc
670 1824 842 1876 crimen,
876 1838 1164 1878 agnoscerem,
1196 1824 1432 1867 confiterer.

97 1883 275 1924 Utinam
318 1883 428 1924 hanc
472 1883 579 1924 1111111
614 1882 866 1924 facultatem
905 1897 1033 1923 causa
1071 1883 1337 1936 concederet,
1384 1887 1433 1925 ut

45 1953 80 1977 30
98 1956 268 1995 possem
293 1942 374 1983 hoc
399 1942 654 1996 praedicare,
687 1940 729 1982 C.
751 1941 899 1982 Rabiri
925 1956 1053 1982 manu
1079 1941 1123 1983 L.
1144 1940 1434 1996 Saturninum,

99 2000 268 2040 hostem
317 2000 464 2054 populi
513 1999 712 2053 Romani,
760 1999 1051 2040 interfectum!
1095 2023 1150 2029 —
1195 1999 1316 2041 Nihil
1366 2015 1433 2041 me

101 2058 261 2099 clamor
300 2059 381 2099 iste
423 2061 679 2111 commovet,
723 2058 795 2098 sed
836 2058 1097 2111 consolatur,
1140 2074 1234 2100 cum
1272 2059 1433 2099 indicat

101 2130 192 2157 esse
225 2117 430 2170 quosdam
462 2118 566 2158 civis
598 2117 832 2170 imperitos,
865 2116 937 2158 sed
967 2131 1054 2158 11011
1084 2117 1256 2158 multos.
1300 2117 1431 2157 Num-

103 2189 248 2228 quam,
285 2175 391 2216 mihi
422 2176 596 2229 credite,
634 2175 816 2229 populus
849 2174 1067 2217 Romanus
1098 2175 1186 2227 hic,
1218 2175 1291 2228 qui
1323 2175 1434 2228 silet,

48 2243 82 2268 35
103 2233 319 2274 consulem
351 2248 417 2274 me
446 2233 636 2287 fecisset,
675 2234 710 2274 si
742 2236 884 2274 vestro
917 2234 1103 2275 clamore
1135 2234 1434 2288 perturbatum

101 2291 156 2331 iri
193 2291 481 2333 arbitraretur.
550 2292 718 2340 Quanto
758 2292 843 2332 iam
881 2291 1017 2333 levior
1057 2295 1122 2333 est
1159 2291 1432 2333 adclamatio!

103 2348 214 2399 Quin
268 2349 495 2391 continetis
544 2365 692 2393 vocem
752 2350 933 2392 indicem
989 2350 1199 2392 stultitiae
1254 2352 1434 2403 vestrae,

1461 1569 1500 1600 18
