1687 2533
248 107 334 149 458
439 105 502 140 DE
528 104 666 139 DOMO
694 103 785 138 SUA
809 103 874 137 AD
900 101 1181 138 PONTIFICES
1209 102 1397 139 ORATIO.

248 205 298 244 ut
319 200 575 256 amplissimi
596 202 638 240 et
656 198 883 241 clarissimi
906 198 1017 239 cives
1032 198 1265 252 republica
1279 199 1386 241 bene
1402 201 1587 255 gerenda

249 261 499 316 religiones,
544 258 825 313 religionibus
873 256 1089 311 sapienter
1126 257 1459 311 interpretandis
1497 275 1586 301 rem

249 320 466 374 publicam
505 320 818 359 conservarent.
880 315 1039 363 Quodsi
1076 316 1164 357 ullo
1203 319 1396 371 tempore
1427 332 1586 374 magna

248 393 379 420 causa
398 379 441 419 in
464 376 732 418 sacerdotum
753 374 901 429 populi
921 373 1106 415 Romani
1125 375 1280 416 iudicio
1302 391 1350 417 ac
1369 379 1585 430 potestate

249 439 419 478 versata
464 438 545 488 est,
589 435 694 476 haec
741 433 931 487 profecto
977 435 1100 474 tanta
1139 436 1221 488 est,
1265 436 1312 475 ut
1349 435 1486 476 omnis
1524 436 1622 477 rei5

248 496 446 550 publicae
474 493 674 549 digni-tas,
707 491 896 533 omnium
923 491 1079 533 civium
1107 492 1237 546 salus,
1267 493 1370 546 vita,
1395 494 1587 548 libertas,

251 569 358 608 arae,
384 553 479 606 foci,
507 553 547 593 di
574 553 764 606 penates,
789 551 915 603 bona,
940 550 1152 604 fortunae,
1179 551 1394 593 domicilia
1419 556 1587 594 vestrae

251 612 502 667 sapientiae,
550 610 665 663 fidei,
704 609 909 663 potestati
947 609 1176 650 commissa
1213 610 1457 665 creditaque
1496 626 1588 652 esse

202 685 223 715 2
251 671 487 712 videantur.
518 668 654 710 Vobis
675 668 880 709 hodierno
902 667 968 708 die
989 668 1332 710 constituendum
1347 672 1423 723 est,
1444 672 1588 712 utrum

249 730 430 784 posthae
469 727 652 769 amentis
691 741 739 768 ac
776 726 965 781 perditos
999 727 1279 780 magistratus
1312 727 1590 782 inproborum
1609 742 1643 766 10

251 803 298 830 ac
349 788 655 829 sceleratorum
700 785 856 827 civium
900 785 1111 839 praesidio
1155 785 1317 827 nudare
1361 801 1416 828 an
1460 788 1590 828 etiam

251 847 425 888 deorum
457 844 768 887 immortalium
800 844 1006 898 religione
1039 858 1204 885 armare
1238 845 1409 887 malitis.
1464 845 1590 900 Nam,

251 906 286 946 si
318 905 393 946 illa
425 905 545 945 labes
579 919 626 945 ac
655 903 829 944 flamma
853 902 914 942 rei
940 902 1136 956 publicae
1164 918 1285 944 suum
1311 904 1436 945 illum
1461 906 1589 959 pesti-

249 964 388 1005 ferum
409 966 451 1004 et
470 963 689 1004 funestum
709 962 991 1014 tribunatum,
1021 975 1145 1015 quem
1166 962 1383 1016 aequitate
1402 963 1590 1005 humana

250 1022 361 1064 tueri
404 1036 491 1063 non
534 1023 696 1076 potest,
742 1020 885 1061 divina
928 1019 1135 1074 religione
1181 1020 1435 1076 defenderit,
1479 1022 1589 1064 aliae
1611 1034 1642 1059 15

250 1080 534 1122 caerimoniae
577 1078 700 1120 nobis
741 1081 883 1131 erunt,
929 1078 1004 1119 alii
1042 1078 1260 1120 antistites
1300 1080 1475 1121 deorum
1513 1081 1590 1122 im-

250 1139 514 1192 mortalium,
547 1138 621 1179 alii
653 1138 909 1191 interpretes
942 1136 1201 1191 religionum
1233 1138 1494 1193 requirendi3
1526 1140 1591 1181 sin

251 1200 396 1239 autem
428 1200 573 1238 vestra
611 1196 866 1237 auctoritate
900 1195 1214 1250 sapientiaque,
1252 1197 1493 1251 pontifices,
1531 1213 1591 1251 ea,

252 1270 358 1311 quae
403 1255 547 1297 furore
590 1255 870 1309 inproborum
915 1256 959 1294 m
996 1269 1041 1295 re
1079 1255 1252 1308 publica
1291 1256 1342 1296 ab
1383 1256 1478 1297 aliis
1521 1271 1591 1311 op-

250 1329 416 1369 pressa,
457 1315 509 1355 ab
550 1314 644 1355 aliis
683 1313 869 1367 deserta,
908 1313 960 1353 ab
994 1312 1088 1353 aliis
1121 1313 1293 1367 prodita
1325 1317 1449 1369 gesta
1481 1318 1592 1367 sunt,
1612 1328 1645 1352 20

250 1373 566 1427 rescinduntur,
612 1372 693 1414 erit
731 1386 875 1425 causa,
920 1386 993 1412 eur
1031 1372 1257 1413 consilium
1298 1373 1506 1415 maiorum
1547 1374 1592 1414 in

252 1432 529 1486 amplissimis
573 1431 677 1472 viris
728 1430 781 1471 ad
831 1430 1070 1472 sacerdotia
1119 1430 1354 1485 deligendis
1404 1431 1494 1473 iure
1544 1447 1592 1474 ac

204 1502 224 1531 3
252 1491 406 1532 merito
439 1490 614 1531 laudare
647 1489 874 1544 possimus.
932 1488 1030 1543 Sed,
1070 1489 1270 1543 quoniam
1302 1490 1376 1531 ille
1410 1491 1592 1544 demens,

254 1549 289 1590 si
321 1563 382 1604 ea,
415 1564 523 1603 quae
555 1563 631 1603 per
663 1549 740 1589 hos
774 1548 862 1588 dies
895 1561 974 1603 ego
1007 1547 1051 1588 in
1083 1551 1235 1589 senatu
1267 1548 1316 1589 de
1349 1563 1393 1590 re
1422 1550 1592 1604 publica

252 1608 378 1662 sensi,
404 1608 703 1662 vituperasset,
730 1606 917 1660 aliquem
944 1620 988 1647 se
1016 1606 1179 1648 aditum
1206 1606 1259 1648 ad
1285 1622 1406 1648 aures
1427 1610 1592 1649 vestras
1613 1619 1645 1645 25

253 1680 345 1707 esse
395 1666 645 1707 habiturum
695 1665 880 1720 putavit,
937 1664 1134 1706 omittam
1186 1666 1377 1707 ordinem
1429 1666 1593 1708 dicendi

252 1738 414 1777 meum3
453 1724 720 1779 respondebo
752 1723 939 1765 hominis
972 1723 1124 1765 furiosi
1155 1738 1242 1765 non
1273 1725 1477 1778 orationi,
1510 1739 1593 1778 qua

252 1782 326 1823 ille
358 1783 421 1823 uti
452 1797 539 1824 non
570 1785 728 1837 potest,
760 1782 834 1823 sed
865 1781 1069 1836 convicio,
1101 1782 1218 1823 cuius
1246 1783 1592 1824 exercitationem

253 1856 349 1882 cum
393 1840 658 1882 intolerabili
696 1841 952 1896 petulantia,
995 1843 1087 1882 tum
1127 1841 1257 1882 etiam
1296 1842 1496 1883 diuturna
1533 1842 1593 1882 in-

253 1899 448 1954 punitate
481 1900 675 1940 munivit.
1613 1913 1646 1938 30

200 1958 228 1999 2
343 1958 407 1999 Ac
438 1958 624 2011 primum
656 1958 763 1999 illud
797 1974 821 2000 a
853 1961 907 2012 te,
938 1958 1109 1999 homine
1136 1973 1319 2000 vaesano
1346 1973 1394 2000 ac
1421 1959 1593 2012 furioso,

253 2016 442 2071 requiro,
481 2030 588 2070 quae
625 2019 668 2057 te
706 2020 830 2058 tanta
861 2031 999 2071 poena
1030 2019 1202 2058 tuorum
1235 2018 1441 2058 scelerum
1474 2018 1592 2073 flagi-

254 2075 496 2128 tiorumque
534 2077 675 2125 vexet,
713 2078 761 2116 ut
798 2075 877 2117 hos
916 2075 1017 2116 talis
1055 2075 1188 2129 viros,
1227 2076 1299 2129 qui
1336 2090 1422 2117 non
1453 2076 1593 2117 solum

254 2133 444 2174 consiliis
478 2133 584 2187 suis,
617 2133 689 2174 sed
723 2133 853 2174 etiam
887 2133 1025 2188 specie
1057 2133 1152 2188 ipsa
1186 2136 1227 2174 et
1259 2134 1470 2189 dignitate
1501 2149 1593 2175 rem

254 2192 474 2245 publicam
519 2191 749 2245 sustinent,
794 2192 907 2246 quod
950 2205 1030 2247 ego
1074 2193 1118 2232 in
1162 2192 1375 2234 sententia
1419 2192 1594 2234 dicenda
1614 2202 1647 2229 35

257 2250 440 2291 salutem
473 2250 628 2291 civium
662 2265 757 2291 cum
789 2251 950 2292 honore
983 2249 1057 2291 Cn.
1082 2249 1260 2305 Pompei
1292 2251 1595 2304 coniunxerim,

255 2308 361 2349 mihi
405 2322 498 2350 esse
541 2309 674 2350 iratos
719 2311 761 2349 et
806 2308 922 2349 aliud
967 2308 1016 2350 de
1062 2322 1228 2350 summa
1272 2309 1476 2365 religione
1514 2310 1595 2351 hoc
