1619 2542
572 99 673 135 CAP.
699 104 790 135 4—6
817 103 836 143 ξ
862 103 987 136 9—15.
1358 101 1441 142 193

101 196 264 248 hibere,
303 194 357 237 ad
394 209 493 237 suos
534 198 679 237 coetus
712 196 901 237 occultos
933 199 1104 238 noctem
1136 196 1367 252 adiungere
1400 200 1442 238 et

102 254 389 296 solitudinem.
452 253 613 303 Quibus
646 254 772 296 rebus
807 256 966 308 quanto
999 255 1043 296 in
1075 258 1192 296 metu
1223 255 1441 310 fuerimus,

101 327 153 354 ex
183 317 327 354 vestra
358 313 656 366 sollicitudine,
687 313 731 353 in
763 327 846 367 qua
877 313 963 355 illis
988 314 1256 368 temporibus
1283 314 1440 368 fuistis,

102 371 228 413 facile
279 371 455 426 adsequi
505 372 747 413 coniectura.
796 372 1006 426 poteritis.
1067 371 1222 414 Ineunt
1266 373 1439 414 tandem

66 442 82 468 5
103 431 384 486 magistratus
429 430 593 471 tribuni
635 430 791 484 plebis3
836 431 977 472 contio
1021 431 1146 472 valde
1191 434 1440 485 expectatur

101 489 146 530 P.
178 489 312 542 Rulli,
345 488 458 542 quod
484 492 527 530 et
555 488 752 543 princeps
787 492 878 530 erat
911 490 1103 544 agrariae
1135 490 1245 545 legis
1279 493 1321 531 et
1353 494 1439 531 tru-

102 547 312 589 culentius
345 562 389 588 se
417 547 594 602 gerebat
621 562 745 601 quam
774 548 915 589 ceteri.
958 547 1050 589 Iam
1077 548 1325 604 designatus
1353 549 1437 590 alio

102 606 235 660 vultu,
264 605 346 647 alio
367 606 483 647 vocis
505 619 620 659 sono,
642 606 725 647 alio
747 606 913 647 incessu
934 621 1025 648 esse
1046 607 1343 661 meditabatur,
1373 622 1439 649 ve-

103 665 209 706 stitu
230 664 500 718 obsoletiore,
527 678 703 718 corpore
730 664 962 714 incultoet
981 665 1166 719 horrido,
1195 666 1438 721 capillatior

49 735 83 760 10
102 737 231 777 quam
263 725 362 765 ante
392 723 609 777 barbaque
635 722 807 776 maiore,
837 726 886 764 ut
912 724 1045 765 oculis
1073 727 1115 765 et
1141 724 1344 779 adspectu
1372 725 1438 766 de-

102 782 301 823 nuntiare
351 781 547 823 omnibus
597 782 686 823 vim
734 782 1006 823 tribuniciam
1057 786 1100 824 et
1142 783 1333 824 minitari
1377 783 1439 824 rei

102 840 298 894 publicae
353 840 579 881 videretur.
658 840 818 896 Legem
873 841 1057 882 hominis
1114 842 1439 896 contionemque

103 899 394 954 expectabam3
442 899 511 940 lex
553 898 676 940 initio
724 899 845 940 nulla
881 899 1153 955 proponitur,
1197 901 1438 942 contionem

103 957 148 998 in
173 957 308 1011 pridie
333 956 434 998 Idus
456 957 654 999 advocari
673 957 802 999 iubet.
835 956 1009 999 Summa
1029 973 1123 1000 cum
1145 959 1438 1012 expectatione

52 1028 85 1053 15
106 1017 383 1057 concurritur.
426 1015 628 1070 Explicat
653 1016 890 1058 orationem
917 1031 1018 1058 sane
1038 1017 1212 1072 longam
1235 1021 1276 1058 et
1295 1018 1437 1059 verbis

103 1074 226 1116 valde
262 1075 398 1116 bonis.
459 1074 602 1116 Unum
643 1078 752 1129 erat,
791 1075 903 1129 quod
940 1076 1047 1116 mihi
1083 1076 1285 1117 vitiosum
1324 1076 1437 1117 vide-

104 1133 245 1187 batur,
278 1133 390 1187 quod
420 1135 544 1174 tanta
576 1148 626 1174 ex
655 1133 898 1188 frequentia
928 1134 1111 1176 inveniri
1134 1149 1260 1176 nemo
1286 1135 1439 1188 potuit,

105 1192 176 1245 qui
213 1192 461 1247 intellegere
493 1196 657 1246 posset,
692 1192 793 1246 quid
830 1192 998 1234 diceret.
1053 1191 1147 1234 Hoc
1183 1193 1256 1234 ille
1294 1196 1438 1234 utrum

103 1250 355 1291 insidiarum
400 1265 527 1292 causa
569 1250 717 1292 fecerit
759 1266 813 1292 an
852 1251 933 1292 hoc
973 1266 1126 1307 genere
1171 1251 1438 1306 eloquentiae

51 1316 86 1345 20
106 1309 349 1362 delectetur,
379 1309 534 1350 nescio.
584 1309 787 1363 Tametsi,
820 1310 892 1363 qui
924 1311 1134 1351 acutiores
1166 1310 1211 1351 in
1242 1310 1438 1351 contione

105 1370 331 1420 steterant,
369 1367 419 1408 de
457 1367 552 1422 lege
590 1368 760 1422 agraria
796 1368 938 1409 nescio
978 1368 1077 1422 quid
1114 1368 1302 1409 voluisse
1342 1382 1438 1409 eum

106 1425 243 1466 dicere
269 1426 608 1479 suspicabantur.
652 1426 896 1480 Aliquando
923 1426 1092 1467 tandem
1120 1441 1187 1467 me
1214 1426 1438 1481 designato

106 1484 174 1524 lex
214 1484 258 1524 in
295 1484 514 1538 publicum
551 1484 816 1538 proponitur.
884 1483 1151 1525 Concurrunt
1186 1484 1306 1525 iussu
1343 1499 1437 1526 meo

105 1542 249 1596 plures
281 1556 365 1583 uno
397 1544 590 1596 tempore
621 1542 800 1595 librarii,
832 1542 1089 1596 descriptam
1114 1543 1253 1598 legem
1286 1542 1339 1583 ad
1371 1557 1437 1584 me

52 1613 86 1638 25
108 1600 313 1641 adferunt.
358 1599 485 1641 Omni
516 1600 597 1641 hoc
627 1600 793 1641 ratione
819 1601 941 1641 vobis
974 1601 1225 1642 confirmare
1249 1615 1436 1655 possum,

107 1658 305 1711 Quirites,
347 1659 430 1700 hoc
467 1658 607 1699 animo
647 1673 713 1699 me
752 1659 804 1699 ad
841 1659 1065 1714 legendam
1104 1659 1244 1714 legem
1281 1674 1436 1715 cogno-

107 1717 386 1771 scendamque
417 1717 600 1770 venisse,
632 1720 690 1769 ut,
723 1717 759 1757 si
793 1732 886 1758 eam
918 1718 1040 1758 vobis
1073 1718 1436 1760 accommodatam

107 1778 235 1830 atque
284 1776 435 1817 utilem
485 1789 575 1816 esse
624 1775 936 1830 intellegerem,
986 1779 1132 1817 auctor
1176 1776 1264 1817 eius
1309 1780 1436 1831 atque

107 1834 275 1875 adiutor
306 1848 453 1875 essem.
497 1833 596 1875 Non
627 1833 739 1874 enim
763 1836 917 1875 natura
941 1848 1076 1889 neque
1103 1835 1277 1876 discidio
1302 1849 1437 1889 neque

54 1904 88 1930 30
108 1892 204 1934 odio
242 1892 409 1946 penitus
446 1892 577 1933 insito
609 1892 771 1933 bellum
802 1892 943 1934 nescio
971 1893 1082 1947 quod
1107 1893 1239 1934 habet
1271 1908 1437 1947 suscep·

107 1955 198 1992 tum
225 1951 470 1992 consulatus
497 1965 593 1992 cum
618 1950 852 2004 tribunatu,
878 1951 976 2004 quia
995 1966 1198 2006 persaepe
1219 1951 1432 1993 seditiosis

109 2012 235 2063 atque
265 2009 471 2062 improbis
502 2009 686 2050 tribunis
718 2009 856 2063 plebis
888 2009 988 2050 boni
1015 2013 1057 2051 et
1081 2010 1215 2051 fortes
1242 2010 1435 2051 consules

109 2067 380 2120 obstiterunt,
411 2070 453 2108 et
485 2068 584 2121 quia
614 2067 678 2109 vis
710 2067 938 2109 tribunicia
968 2083 1054 2109 non
1084 2082 1318 2122 numquam
1342 2067 1436 2108 libi-

109 2125 197 2165 dini
227 2125 387 2166 restitit
418 2126 641 2167 consulari.
695 2125 794 2167 Non
824 2128 1088 2180 potestatum
1121 2125 1436 2179 dissimilitudo,

55 2183 181 2224 35sed
223 2183 459 2224 animorum
498 2184 723 2225 disiunctio
762 2184 1067 2226 dissensionem
1104 2185 1218 2226 facit.
1284 2184 1435 2237 Itaque

108 2242 187 2282 hoc
219 2242 359 2282 animo
391 2242 531 2297 legem
563 2242 725 2296 sumpsi
756 2243 800 2283 in
830 2257 997 2297 manus,
1035 2246 1082 2284 ut
1115 2258 1207 2284 eam
1240 2256 1435 2296 cuperem

110 2314 200 2340 esse
245 2303 389 2354 aptam
432 2301 586 2342 vestris
632 2300 862 2342 commodis
908 2304 949 2342 et
995 2302 1083 2342 eius
1128 2300 1259 2354 modi,
1309 2314 1435 2354 quam

179 2373 249 2399 cro.
270 2375 311 2399 11.
332 2375 357 2399 2.
1183 2373 1224 2402 13

1469 385 1510 414 13

1463 1587 1489 1628 6

1465 1640 1506 1670 14
