1687 2533
181 544 224 574 60

250 84 335 124 540
468 84 531 118 DE
559 84 869 120 HARUSPICUM
896 85 1142 122 RESPONSO
1170 86 1358 123 ORATIO.

250 195 378 235 quam
416 180 594 235 denique
631 183 718 222 tam
759 182 988 222 immanem
1027 180 1288 237 Charybdim
1325 187 1477 237 po'etae
1514 185 1589 228 fin-

251 239 386 293 gendo
415 241 647 293 exprimere
673 242 918 294 potuerunt,
945 255 1052 294 quae
1078 244 1223 283 tantos
1251 242 1471 285 exhaurire
1492 258 1588 300 gur-

251 298 361 352 gites
395 302 552 351 posset,
579 302 760 352 quantas
793 299 875 339 iste
908 297 1216 353 Byzantiorum
1242 299 1589 356 Brogitarorum—

253 371 331 410 que
376 357 555 411 praedas
596 357 810 410 exorbuit,
854 361 927 398 aut
963 360 1052 399 tam
1091 359 1375 401 eminentibus
1413 361 1587 403 canibus

252 414 441 469 Scyllam
478 419 651 470 tamque
689 416 858 469 ieiunis,
897 431 1024 470 quam
1063 417 1215 471 quibus
1252 418 1384 459 istum
1421 420 1623 474 videtis,5

253 473 420 527 Gelliis,
454 473 631 527 Clodiis,
664 473 807 528 Titiis,
841 478 983 516 rostra
1014 475 1107 529 ipsa
1139 477 1440 519 mandentem?

341 532 496 586 Quare,
535 533 577 573 id
616 533 727 587 quod
766 536 1001 575 extremum
1041 538 1105 575 est
1142 535 1186 575 in
1217 535 1491 590 haruspicum
1523 551 1587 578 re-

253 606 423 646 sponso,
455 591 687 646 providete,
722 591 806 633 ‘NE
838 604 914 633 REI
945 604 1172 634 PUBLICAE
1206 605 1376 636 s'rArus
1410 605 1587 638 COMMU-

253 650 430 691 TETUR.'
491 650 664 692 Etenim
697 651 767 692 vix
799 651 919 705 haec,
959 652 995 692 si
1026 652 1210 707 undique
1241 652 1468 694 fulciamus
1500 654 1587 696 iam

252 709 483 762 labefacta,
531 710 619 763 vix,
669 710 862 764 inquam,
912 710 1011 751 nixa
1059 711 1104 751 in
1154 712 1344 753 omnium
1393 714 1586 754 nostrum
1607 725 1641 750 10

182 768 236 809 28
253 768 409 809 umeris
455 768 754 810 cohaerebunt.
822 768 920 810 Fuit
964 769 1178 823 quondam
1224 770 1286 811 ita
1322 771 1447 812 firma
1482 771 1586 814 haec

182 1305 224 1336 61

184 2242 226 2272 62

252 827 403 868 civitas
442 830 484 868 et
516 828 681 881 valens,
719 831 766 868 ut
798 828 1117 883 neglegentiam
1151 832 1324 870 senatus
1356 830 1423 870 vel
1457 830 1587 871 etiam

251 886 427 927 iniurias
461 886 617 927 civium
649 886 757 928 ferre
789 890 943 940 posset.
1002 887 1093 928 Iam
1126 902 1213 929 non
1243 890 1398 942 potest.
1459 889 1587 930 Aera-

252 946 361 985 rium
392 944 560 985 nullum
593 948 673 995 est,
711 945 996 1000 vectigalibus
1028 960 1115 987 non
1144 945 1360 1000 fruuntur,
1394 947 1466 1000 qui
1497 948 1586 988 red-

253 1009 454 1056 emerunt,
487 1005 719 1045 auctoritas
751 1004 991 1058 principum
1024 1004 1186 1058 cecidit,
1218 1019 1448 1046 consensus
1476 1005 1585 1046 ordi-
1606 1017 1638 1043 15

251 1077 353 1102 num
380 1065 444 1102 est
472 1062 673 1115 divolsus,
705 1062 860 1104 iudicia
885 1063 1115 1116 perierunt,
1141 1063 1346 1118 suffragia
1373 1064 1588 1118 descripta

252 1123 450 1161 tenentur
486 1136 511 1161 a
541 1122 706 1174 paucis,
742 1121 953 1162 bonorum
986 1122 1151 1162 animus
1185 1121 1236 1162 ad
1267 1124 1417 1162 nutum
1449 1123 1587 1164 nostri

254 1179 412 1219 ordinis
458 1179 676 1233 expeditus
722 1179 805 1220 iam
848 1194 934 1220 11011
979 1180 1076 1233 erit,
1120 1180 1272 1231 civem,
1317 1181 1388 1234 qui
1426 1194 1470 1221 se
1507 1196 1585 1236 pro

253 1238 417 1291 patriae
451 1238 588 1278 salute
615 1242 805 1291 opponat
830 1238 1025 1292 invidiae,
1056 1238 1216 1279 frustra
1241 1239 1422 1293 posthac
1448 1240 1585 1293 requi-

252 1296 367 1337 retis.
418 1294 556 1344 Quare
582 1296 693 1337 hunc
720 1299 891 1349 statum,
924 1297 995 1351 qui
1020 1311 1131 1338 nunc
1157 1300 1234 1349 est,
1266 1297 1585 1351 qualiscumque
1605 1309 1639 1334 20

255 1358 337 1408 est,
375 1355 495 1396 nulla
533 1355 618 1396 alia
655 1369 699 1395 re
737 1355 820 1395 nisi
857 1355 1081 1396 concordia
1118 1355 1302 1396 retinere
1339 1370 1585 1410 possumus3

252 1428 352 1454 nam
384 1416 431 1454 ut
462 1414 637 1454 meliore
670 1414 799 1454 simus
833 1413 944 1467 loco,
975 1428 1028 1455 ne
1060 1413 1289 1468 optandum
1321 1414 1490 1468 quidem
1521 1417 1586 1455 est

252 1472 325 1513 illo
364 1472 579 1526 inpunit03
623 1472 831 1513 deteriore
871 1476 1011 1513 autem
1050 1475 1167 1513 statu
1203 1475 1251 1513 ut
1290 1472 1440 1526 simus,
1476 1487 1585 1514 unus

255 1534 318 1572 est
356 1531 531 1572 inferior
568 1531 723 1586 gradus
757 1534 831 1572 aut
860 1531 1062 1572 interitus
1094 1533 1168 1572 aut
1201 1531 1430 1572 servitutis.
1492 1530 1584 1580 Quo

253 1604 305 1630 ne
342 1590 580 1643 trudamur,
618 1590 659 1630 di
690 1590 954 1631 immortales
986 1604 1063 1631 nos
1098 1590 1344 1643 admonent,
1383 1589 1583 1643 quoniam
1602 1599 1634 1626 25

253 1649 338 1689 iam
376 1648 540 1702 pridem
577 1648 765 1689 humana
802 1648 978 1689 consilia
1016 1648 1265 1689 ceciderunt.
1326 1648 1467 1702 Atque
1506 1661 1583 1702 ego

253 1707 362 1747 hanc
395 1707 650 1760 orationem,
687 1709 832 1762 patres
865 1707 1112 1761 conscripti,
1148 1709 1239 1748 tam
1269 1706 1458 1759 tristem,
1495 1708 1584 1747 tam

255 1779 429 1820 gravem
461 1780 546 1806 11011
578 1765 870 1820 suscepissem,
900 1780 986 1806 non
1019 1765 1119 1819 quin
1150 1765 1259 1806 hanc
1290 1778 1515 1818 personam
1542 1767 1584 1805 et

254 1824 331 1864 has
364 1824 498 1877 partis
530 1824 764 1865 honoribus
796 1824 945 1878 populi
976 1823 1171 1877 Romani,
1201 1823 1354 1864 vestris
1387 1822 1582 1876 plurimis

255 1882 517 1923 ornamentis
549 1883 655 1923 mihi
681 1882 854 1923 tributis
881 1883 1075 1923 deberem
1102 1884 1143 1923 et
1168 1896 1338 1936 possem
1363 1881 1583 1934 sustinere,
1603 1891 1637 1916 30

255 1941 327 1982 sed
370 1944 515 1981 tamen
557 1940 681 1981 facile
718 1941 958 1982 tacentibus
997 1940 1148 1982 ceteris
1186 1939 1467 1992 reticuissem3
1511 1938 1584 1980 sed

256 2000 357 2041 haec
390 2000 527 2041 oratio
560 2000 696 2040 omnis
728 1999 810 2040 fuit
840 2014 925 2040 11011
957 1998 1225 2040 auctoritatis
1257 2012 1388 2052 meae,
1413 1997 1486 2038 sed
1510 2012 1583 2051 pu-

254 2058 390 2098 blicae
427 2057 659 2113 religionis
721 2057 818 2099 Mea
854 2058 1024 2099 fuerunt
1062 2057 1192 2098 verba
1228 2056 1411 2098 fortasse
1447 2055 1583 2110 plura,

256 2116 489 2157 sententiae
534 2115 703 2170 quidem
747 2130 893 2157 omnes
936 2116 1227 2170 haruspicum,
1271 2115 1323 2156 ad
1368 2128 1472 2168 quos
1511 2116 1584 2154 aut

255 2174 403 2215 referri
441 2175 639 2216 nuntiata
677 2177 845 2216 ostenta
882 2189 967 2216 non
1006 2175 1203 2216 convenit
1235 2176 1309 2214 aut
1341 2187 1486 2214 eorum
1518 2185 1581 2212 re·
1600 2182 1634 2208 35

255 2233 420 2286 sponsis
457 2233 713 2274 commoveri
744 2247 914 2274 necesse
946 2236 1021 2274 est.
1083 2231 1242 2281 Quodsi
1273 2234 1413 2273 cetera
1444 2230 1582 2284 magis

254 2292 506 2346 pervulgata
543 2306 620 2333 nos
660 2305 784 2345 saepe
823 2294 864 2332 et
902 2291 1062 2333 leviora
1099 2293 1341 2344 moverunt,
1378 2302 1458 2330 vox
1488 2288 1582 2342 ipsa
