1619 2542
491 96 769 132 ADNOTATIO
796 96 950 133 CRlTIC
958 99 997 132 A.
1355 99 1416 133 CV

75 191 265 226 ‘Zeitschiz
297 190 322 226 f.
357 191 391 225 d.
418 190 458 227 G.
473 191 548 226 W?
586 195 676 226 1884
707 203 742 236 p.
772 195 856 234 1713
894 203 927 226 v.
961 191 1009 226 ad
1042 190 1110 227 Off.
1141 202 1176 235 p.
1204 195 1318 226 27.19
1358 193 1414 228 ed.

75 242 177 273 1882.
205 259 247 264 -—
274 238 311 273 P.
339 242 453 274 384.5
484 239 546 273 sed
577 238 709 281 301101,
741 238 823 273 edd.
850 240 998 282 praeter
1023 238 1160 281 Klotz„
1195 239 1262 273 sub
1298 239 1415 284 codd,

73 285 194 320 Klotz.
221 306 264 311 —-
289 285 328 320 P.
355 289 494 320 384.14
520 286 676 320 dederit
700 284 879 320 Fleckeis.
907 296 990 320 ann.
1020 289 1108 320 1869
1134 297 1170 329 p.
1197 289 1253 328 91,
1279 285 1415 329 Halm,

74 332 276 367 Eberhard.
296 331 397 366 haud
411 331 486 366 scio
502 343 549 366 an
563 334 673 367 recte.
690 353 732 357 ——
748 333 785 367 P.
802 336 880 367 384.
898 337 939 367 17
962 344 1013 376 sq.
1033 334 1075 367 in
1088 334 1136 367 iis
1148 332 1284 375 Madv„
1304 333 1414 376 Bait„

75 379 197 424 Kays„
218 379 349 423 Halm,
370 378 515 422 Eberh.,
536 380 611 414 illis
625 379 742 422 codd.‚
763 379 894 423 Klotz.,
915 379 1043 414 Thom.
1060 400 1102 404 —
1118 380 1157 414 Ρ.
1173 383 1252 414 384.
1268 383 1311 414 22
1327 381 1417 416 Acci

75 427 191 470 codd„
218 426 346 461 Thom.
368 427 429 471 (ad
447 438 482 471 p.
505 430 535 460 3.
554 428 623 470 19),
650 427 757 461 Accii
781 426 893 470 vulg,
920 427 1016 461 Attii
1034 425 1150 467 Bait.;
1178 426 1226 460 ad
1244 425 1358 472 Legg.
1380 440 1413 472 p.

75 478 154 508 426.
172 478 202 508 1.
218 492 260 498 —-
275 473 313 507 P.
329 477 407 508 384.
423 478 468 507 34
486 474 596 507 hzcz'us
615 475 715 508 'urbis
729 478 834 518 atque
848 473 943 517 Ald.,
963 473 1094 516 Klotz,
1113 473 1247 516 Halm.,
1268 473 1416 518 Eberh,

74 522 183 556 huius
201 524 306 565 atque
326 519 404 554 cod.
425 519 467 564 Ε,
485 521 595 555 huius
614 531 723 564 aeque
742 520 818 564 GP,
838 520 978 564 Thom.,
998 522 1145 556 huiusce
1165 519 1309 563 aliquot
1323 521 1416 557 dett.

76 567 194 610 codd„
219 566 327 610 Bait,
353 566 464 611 Kays.
491 588 534 592 —
562 567 601 601 P.
629 571 707 602 385.
725 572 742 601 1
771 569 984 603 adhortatus
1007 579 1086 602 sum
1112 568 1192 602 cod.
1213 567 1255 610 E,
1281 567 1416 612 Halm,

74 613 222 658 Eberh.,
248 613 475 657 adortava'G,
500 614 643 649 hortavi
663 615 702 657 P,
730 616 882 650 adoram·
903 614 937 657 S,
959 616 1139 650 adornavi
1156 614 1287 657 Klotz.,
1307 615 1416 659 Bait„

74 661 154 706 Kay
160 672 198 704 s.,
225 660 354 696 Thom.
382 681 425 686 —
452 662 490 695 P.
518 664 596 696 385
613 665 633 696 3
659 673 732 696 non
756 673 834 696 una
858 672 924 706 pro
952 662 1106 704 i‘uclzces,
1140 661 1206 696 sed
1230 665 1310 698 uffu
1337 673 1392 697 ess
1398 674 1417 696 e

74 708 113 742 in
145 708 223 744 cod.
250 707 282 742 G
311 708 472 742 testatur
495 707 623 743 Thom.
651 729 694 733 —
721 708 758 742 P.
786 712 865 743 385.
886 712 908 742 4
939 709 995 754 [et
1026 713 1101 743 tam
1133 709 1252 761 brevi]
1273 709 1417 762 Garat„

75 755 155 800 Kay
146 767 185 790 s
197 754 369 799 ,.Eberh
399 776 441 780 —
466 755 507 789 P.
535 759 612 792 385.
629 759 649 790 9
681 754 740 789 bis
765 766 876 800 neque
901 754 998 789 Bait.
1027 756 1104 790 sine
1131 755 1243 791 dubio
1270 756 1309 792 in
1336 757 1416 791 eod.

75 802 106 837 G
125 812 205 837 esse
224 803 326 836 ratus
331 802 476 845 ,altero
496 802 578 836 loco
597 813 661 838 nee
679 804 749 837 tac
772 813 854 837 cum
875 803 960 837 cett.
975 802 1102 837 Thom.
1120 803 1180 846 (ad
1199 815 1235 848 p.
1253 808 1330 839 189.
1348 807 1418 848 16),

74 849 254 893 itemque,
286 849 359 883 11131
390 848 492 883 fallit
520 849 668 892 Thom.,
700 849 795 884 falso
828 860 861 883 v.
892 853 933 883 10
966 851 1068 884 toties
1099 849 1194 884 Bait.
1229 861 1248 884 e
1281 851 1360 885 cod.
1388 850 1417 885 G

75 896 198 930 adfert
219 896 279 938 (ad
305 908 340 941 p.
362 901 439 931 119.
460 898 528 940 17).
556 917 598 922 -—
625 896 663 930 P.
685 900 764 932 385.
782 900 824 930 13
852 897 1106 931 dimetiendam
1124 896 1264 941 Lamb.,
1285 898 1418 941 Klotz.,

75 944 313 979 commetieml.
348 943 533 986 Schuetz.,
565 943 699 978 Eberh.
734 945 869 988 (progr.
897 942 1090 977 Bielefeld.
1121 947 1210 978 1872
1235 956 1270 989 p.
1300 947 1345 989 5).
1374 965 1418 970 —-

74 991 114 1025 P.
141 995 220 1025 385.
237 994 279 1024 22
316 1001 391 1026 non
425 991 570 1033 Lamb.,
608 990 755 1034 Thom.;
793 990 841 1025 ad
872 1002 908 1034 p.
935 994 1014 1025 258.
1035 994 1091 1024 34.
1127 1011 1169 1016 —
1202 990 1241 1025 P.
1269 995 1348 1026 385.
1373 995 1418 1026 28

76 1039 191 1072 animi
212 1037 356 1072 defend.
377 1037 525 1072 Luterb.
549 1037 741 1072 ‘Zeitschin
762 1038 785 1071 f.
807 1037 841 1072 d.
863 1036 904 1072 G.
916 1036 991 1072 W.’
1017 1041 1107 1072 1884
1126 1049 1161 1081 p.
1185 1042 1250 1073 166
1277 1038 1321 1073 cf.
1343 1049 1417 1082 rep.

75 1084 109 1118 Π
136 1088 191 1119 40.
207 1089 249 1119 67
284 1095 355 1128 ex,
394 1084 465 1119 del.
498 1095 590 1119 recc.
624 1084 705 1120 edd.
740 1094 883 1127 omnes,
922 1083 995 1119 nisi
1033 1084 1217 1119 ascribere
1257 1085 1420 1120 solerent:

74 1142 168 1166 vers.
194 1131 281 1166 Hor.
314 1131 364 1166 ΙΙΙ
389 1136 445 1166 30.
461 1137 480 1167 6
513 1133 629 1167 multa
654 1142 746 1176 pars
770 1133 855 1174 mei,
888 1130 951 1166 vix
973 1130 1182 1166 divinarem
1208 1143 1282 1175 qua
1308 1143 1421 1168 causa

76 1178 263 1213 commoti.
312 1178 370 1212 An
395 1189 482 1213 vero
507 1178 688 1213 memoria
713 1178 760 1213 acl
786 1177 951 1222 aliquam
977 1179 1141 1223 corporis
1166 1180 1312 1223 partem
1337 1190 1419 1224 per-

75 1225 194 1260 tinere
218 1227 353 1270 potest,
381 1227 446 1260 aut
470 1225 674 1271 ignoratur,
701 1225 790 1269 quid
811 1225 859 1259 sit
881 1225 945 1259 ‘ad
963 1225 1116 1268 nullam,
1144 1225 1311 1269 aliquam
1332 1228 1419 1262 cett.

75 1272 129 1306 rei
160 1275 305 1317 partem
336 1272 566 1317 pertinere’?
597 1293 640 1298 —
673 1272 712 1308 P.
739 1276 817 1307 386.
835 1276 876 1306 12
909 1284 933 1307 a
963 1273 1099 1315 forensi
1131 1273 1254 1308 ciltena
1283 1273 1418 1317 Halm,

75 1318 221 1363 Eberh.,
248 1320 370 1355 aliena
395 1332 419 1354 a
436 1321 572 1363 forensi
590 1319 634 1354 H.
655 1320 697 1354 A.
718 1319 832 1354 Koch.
852 1329 976 1364 progr.
997 1320 1097 1354 Port.
1122 1323 1210 1354 1868
1231 1332 1265 1364 p.
1290 1324 1333 1355 10
1353 1332 1419 1364 sq,

75 1367 174 1410 firme
206 1379 229 1401 a
258 1378 312 1402 me
337 1366 460 1410 codd,
494 1379 577 1402 cum
603 1377 709 1401 cruce
734 1366 882 1409 Thom.,
916 1371 1035 1401 autem
1058 1371 1194 1402 remota
1218 1378 1297 1402 mea
1322 1368 1419 1411 Ieep.

75 1423 198 1457 progr.
215 1413 398 1448 Wolfenb.
427 1417 516 1449 1862
547 1425 582 1458 p.
609 1418 648 1456 4,
687 1417 806 1448 autem
835 1418 971 1448 remota
1002 1425 1026 1447 α
1056 1424 1135 1448 mea
1159 1412 1290 1457 Kays„
1322 1424 1419 1449 secus

77 1471 119 1495 ac
143 1471 221 1495 mea
244 1460 363 1495 Klotz.
390 1481 432 1485 —
459 1461 499 1494 P.
526 1464 664 1496 386.13
690 1462 769 1505 ipso
789 1459 922 1494 Eberh.
953 1462 1089 1504 (progr.
1111 1459 1305 1494 Bielet'eld.
1330 1463 1419 1495 1872

75 1518 112 1551 p.
139 1511 159 1541 3
186 1508 266 1551 sq.),
291 1506 439 1550 Thom.,
463 1509 581 1552 ipsius
605 1506 706 1551 vulg.

171 1600 213 1634 In
251 1600 418 1635 oratione
454 1611 532 1644 pro
565 1600 727 1635 Flacco
759 1599 929 1634 Baiterus
967 1600 1116 1643 praeter
1148 1599 1421 1634 Vaticanum

77 1646 184 1681 illum
208 1646 243 1680 H
267 1651 328 1690 25,
363 1648 404 1689 V,
438 1646 501 1690 qui
526 1647 642 1681 habet
666 1659 700 1691 p.
727 1650 806 1681 404.
824 1650 996 1681 10-410,
1014 1650 1073 1689 15,
1107 1647 1144 1680 et
1170 1646 1309 1681 schol.
1336 1647 1420 1681 Bo-

76 1694 278 1728 biensem
310 1694 338 1727 B
377 1693 520 1727 duobus
559 1692 664 1729 codd.
703 1704 790 1727 usus
829 1694 895 1735 est,
935 1692 1190 1737 salisburg.
1225 1697 1286 1736 34,
1322 1705 1420 1728 nunc

77 1741 222 1776 Monac.
243 1744 367 1784 15734,
395 1740 430 1783 S,
457 1740 598 1783 eodem,
626 1739 690 1783 qui
714 1739 753 1773 in
772 1739 979 1774 Fonteiana
1003 1739 1160 1783 aliisque
1180 1751 1270 1785 prae
1289 1740 1419 1775 melio-

78 1787 180 1822 ribus
204 1789 305 1822 recte
331 1787 527 1833 spernitur,
553 1786 593 1821 in
619 1785 841 1821 Cluentiana
865 1786 941 1821 fere
967 1786 1130 1831 optimus
1157 1788 1223 1830 est,
1251 1788 1289 1821 et
1312 1787 1419 1821 Ber-

77 1834 208 1869 nensi
239 1838 308 1870 254
332 1835 372 1869 T.
421 1834 518 1869 Nam
543 1834 588 1877 P,
623 1834 743 1868 ‘vetus
770 1833 903 1876 codex,
936 1844 956 1867 e
981 1845 1053 1877 quo
1078 1833 1237 1868 Levinus
1263 1834 1418 1869 Torren-

77 1881 153 1916 tius
186 1892 324 1927 paucas
359 1881 540 1917 lectiones
577 1880 624 1915 ad
658 1879 865 1925 marginem
896 1879 1072 1915 editionis
1104 1880 1349 1916 Manutianae
1387 1892 1418 1917 3..

80 1932 172 1964 1554
208 1928 432 1973 exscripsit',
470 1929 508 1963 in
539 1927 610 1962 hac
642 1926 808 1979 oratione
839 1938 915 1962 non
945 1927 1125 1962 maiorem
1157 1928 1418 1963 auctoritatem

78 1975 194 2010 habet
218 1986 329 2019 quam
353 1975 392 2010 in
411 1975 642 2010 orationibus
663 1973 820 2026 agrariis
840 1974 908 2018 (T).
941 1974 1056 2009 Paulo
1076 1974 1160 2019 plus
1180 1974 1419 2009 tribuendum

78 2022 226 2056 videtur
254 2022 426 2058 ‘editioni
451 2021 614 2058 Faerni
638 2021 865 2056 rarissimae'
894 2021 997 2056 Rom.
1020 2025 1121 2064 1563,
1148 2022 1185 2064 F,
1213 2032 1307 2065 quae
1335 2033 1418 2056 con-

80 2068 195 2103 sentit
219 2079 303 2103 eum
327 2069 360 2103 V
385 2081 418 2105 v.
445 2081 476 2104 c.
501 2081 535 2114 p.
562 2073 640 2103 404.
657 2072 701 2103 34
733 2069 860 2112 aliqua
889 2069 1059 2104 relevavzt
1085 2070 1142 2112 (6ae
1168 2069 1294 2113 aliqua
1313 2073 1420 2112 parte

78 2116 181 2151 relev.
197 2115 282 2159 ST),
303 2120 382 2151 407.
395 2122 414 2151 3
431 2116 505 2151 Silo
507 2116 673 2162 a(stola
687 2114 778 2158 ST)
798 2127 831 2149 v.
848 2114 945 2160 adp.
960 2119 1040 2150 414.
1053 2119 1108 2157 22,
1129 2119 1207 2150 416.
1223 2120 1255 2157 4,
1270 2119 1349 2149 427.
1363 2118 1417 2150 26.

80 2161 192 2197 Codd.
220 2161 243 2196 S
276 2164 314 2196 et
338 2162 368 2196 T
398 2165 530 2197 neute1
557 2162 670 2196 alteri
704 2143 863 2196 multum
887 2163 1056 2206 praestat
1081 2143 1277 2206 dignitate.
1330 2161 1418 2196 Cocl.

79 2209 326 2244 Helmstad.
351 2221 386 2245 n.
408 2214 477 2245 304
497 2209 545 2243 W
572 2208 783 2244 simillimus
809 2208 987 2243 Bernensi
1011 2219 1129 2252 neque
1155 2210 1281 2242 tamen
1307 2219 1351 2242 ex
1376 2219 1418 2243 eo

79 2255 263 2300 pendens,
291 2255 336 2290 de
362 2267 434 2300 quo
460 2256 790 2301 Wrampelmeyer.
817 2266 939 2300 progr.
966 2254 1168 2290 Clausthal.
1197 2258 1284 2289 1881
1311 2267 1346 2299 p.
1376 2259 1420 2289 14

81 2306 189 2345 —18,
226 2302 284 2336 vel
316 2305 513 2348 propterea
549 2315 624 2338 non
660 2301 804 2336 inutilis
844 2304 916 2346 est,
949 2303 1048 2346 quod
1075 2302 1188 2336 ceteri
1215 2301 1320 2337 codd.
1346 2311 1420 2336 non
