1619 2542
538 71 638 107 CAP.
666 76 803 108 49—51
831 76 850 116 g
879 77 1074 108 136—141.
1378 74 1460 116 153

112 167 251 209 oratio
291 168 436 222 potius
476 168 684 222 temporis
722 168 807 209 mei
845 183 973 223 quam
1014 168 1158 210 iudicii
1197 172 1240 211 et
1279 171 1461 213 auctori-

111 226 217 267 tatis
258 226 351 268 fuit.
415 225 522 269 Cum
561 227 675 268 enim
716 241 960 269 accusarem
993 230 1036 269 et
1068 228 1175 269 mihi
1207 229 1332 270 initio
1364 244 1461 285 pro-

111 285 369 340 posuissem,
413 288 461 326 ut
500 285 665 327 animos
706 289 748 327 et
784 286 933 341 populi
965 285 1151 328 Romani
1190 290 1233 328 et
1274 288 1459 331 iudicum

113 359 443 398 commoverem,
489 359 668 398 cumque
713 359 860 386 omnes
906 345 1164 387 offensiones
1203 346 1458 389 iudiciorum

75 413 198 444 5non
241 417 289 444 ex
327 417 423 444 mea
461 403 679 457 opinione,
718 404 791 445 sed
824 419 873 445 ex
905 404 1128 446 hominum
1160 420 1331 448 rumore
1363 422 1460 461 pro-

111 461 279 515 ferrem,
310 462 439 503 istam
467 476 569 515 rem,
596 476 704 515 quae
731 465 821 503 tam
847 464 1114 517 populariter
1141 467 1254 505 esset
1281 466 1459 531 agitata,

110 520 344 586 praeterire
380 535 467 562 non
504 521 637 575 potui.
700 520 782 562 Sed
814 525 930 563 errat
962 523 1253 577 vehementer,
1295 524 1331 565 si
1363 524 1457 578 quis

110 579 156 620 in
205 579 472 620 orationibus
522 579 701 633 nostris,
753 594 858 634 quas
908 581 954 622 in
1003 581 1170 623 iudiciis
1214 583 1458 637 habuimus,

112 638 392 679 auctoritates
427 640 598 680 nostras
632 639 907 694 consignatas
942 654 986 680 se
1018 640 1176 682 habere
1209 641 1458 683 arbitratur.

58 708 92 733 10
111 696 270 738 Omnes
309 697 418 739 enim
458 697 559 738 illae
600 712 823 739 causarum
858 713 906 739 ac
938 701 1181 754 temporum
1214 703 1332 754 sunt,
1369 715 1458 742 11011

110 756 335 797 11011111111111
373 757 567 810 ipsorum
600 759 674 797 aut
706 760 1002 811 patronorum.
1063 758 1197 812 Nam,
1236 759 1272 800 81
1305 774 1456 801 6611866

110 815 229 869 ipsae
261 829 339 869 pro
373 829 418 855 se
450 815 570 869 loqui
601 818 792 870 possent,
822 825 948 857 nemo
977 816 1201 858 adhiberet
1227 821 1457 860 or.at0rem

110 873 235 915 Nunc
279 873 548 927 adhibemur,
592 877 640 915 ut
684 889 734 916 ea
776 875 985 929 dicamus,
1028 890 1116 917 non
1160 891 1268 930 quae
1306 880 1457 919 nostra

111 933 364 974 auctoritate
405 908 742 987 constituantur,
781 934 853 1000 sed
886 948 994 999 quae
1027 949 1077 975 ex
1108 949 1153 976 re
1185 935 1280 990 ipsa
1313 951 1457 977 661186-

59 1000 90 1026 15
112 1006 192 1045 que
225 991 444 1034 ducantur.
512 967 744 1033 Homineni
781 993 1072 1048 ingeniosum,
1110 993 1166 1035 Μ.
1194 995 1444 1048 Antonium,
1462 1005 1527 1038 140

111 1051 231 1091 aiunt
264 1050 440 1091 solitum
471 1064 564 1092 esse
597 1051 734 1093 dicere
777 1050 989 1093 ‘idcirco
1029 1066 1080 1093 se
1117 1053 1313 1094 nullam
1353 1070 1456 1095 um-

111 1123 256 1163 quam
307 1110 597 1151 orationem
649 1110 940 1165 scripsisse,
991 1113 1062 1164 ut,
1113 1111 1155 1152 si
1201 1112 1320 1166 quid
1365 1113 1456 1154 ali-

110 1167 312 1221 quando
338 1182 438 1209 non
459 1183 582 1223 opus
603 1171 739 1210 esset
760 1169 819 1210 ab
841 1183 890 1210 se
912 1183 1022 1210 esse
1044 1169 1252 1224 dictum,
1278 1175 1456 1225 posset

109 1240 296 1282 negare
341 1227 577 1280 dixisse'3
621 1228 798 1281 proinde
841 1228 982 1282 quasi,
1032 1228 1069 1269 si
1114 1227 1214 1283 quid
1259 1245 1284 1271 a
1327 1230 1454 1272 nobis

57 1294 90 1320 20
111 1284 271 1327 dictum
317 1288 391 1327 aut
435 1289 578 1327 actum
623 1286 697 1341 sit,
740 1287 784 1327 id
824 1286 907 1328 nisi
948 1287 1105 1328 litteris
1151 1288 1455 1343 mandarimus,

107 1343 330 1385 hominum
369 1345 576 1386 memoria
613 1359 700 1386 non
737 1345 1135 1400 comprehendatur.
1204 1346 1300 1402 Ego
1339 1362 1441 1389 vero
1469 1348 1519 1391 51

108 1402 154 1442 in
184 1402 269 1444 isto
302 1416 454 1457 genere
486 1404 689 1445 libentius
722 1419 817 1445 611111
848 1405 1101 1457 multorum,
1141 1407 1234 1445 tum
1266 1406 1454 1447 hominis

111 1461 450 1514 eloquentissimi
478 1464 521 1502 et
547 1462 868 1516 sapientissimi,
899 1462 945 1504 L.
968 1461 1125 1514 Crassi,
1151 1464 1453 1505 auctoritatem

111 1533 282 1573 sequor,
330 1520 401 1573 qui
446 1535 542 1561 cum
581 1520 656 1561 Cn.
694 1521 899 1562 Plancum
943 1520 1187 1562 defenderet
1225 1526 1454 1565 accusante

57 1587 90 1611 25
110 1577 165 1619 M.
198 1577 353 1629 Bruto,
397 1578 569 1619 homine
613 1579 658 1619 in
698 1579 873 1620 dicendo
914 1579 1160 1620 vehementi
1201 1582 1243 1622 et
1284 1582 1453 1636 callido,

109 1650 204 1678 cum
232 1636 390 1678 Brutus
419 1637 583 1678 duobus
609 1637 909 1678 recitatoribus
937 1638 1184 1679 constitutis
1212 1653 1261 1680 ex
1288 1640 1451 1682 duabus

109 1695 199 1736 eius
233 1695 499 1737 orationibus
533 1696 674 1750 capita
707 1696 873 1737 alterna
898 1696 1011 1737 inter
1037 1710 1081 1737 se
1108 1698 1326 1740 contraria
1351 1700 1452 1741 reei-

107 1753 238 1795 tanda
278 1756 487 1807 curasset,
533 1755 644 1808 quod
682 1754 728 1795 in
765 1755 1031 1796 dissuasione
1069 1756 1309 1811 rogationis
1349 1758 1452 1812 eius,

109 1827 217 1866 quae
255 1815 405 1854 contra
444 1813 658 1854 coloniam
690 1812 1014 1855 Narbonensem
1045 1813 1283 1869 ferebatur,
1322 1830 1451 1870 quan-

55 1879 89 1905 30
108 1874 200 1912 tum
225 1875 380 1925 potest,
407 1872 457 1912 de
485 1872 740 1913 auctoritate
767 1874 941 1913 senatus
962 1872 1161 1927 detrahit,
1187 1874 1231 1915 in
1252 1876 1450 1917 suasione

107 1929 216 1983 legis
261 1928 466 1972 Serviliae
517 1930 696 1971 summis
743 1934 868 1972 ornat
907 1933 1103 1972 senatum
1146 1907 1363 1987 laudibus,
1407 1937 1450 1975 et

107 1989 244 2029 multa
281 1989 326 2029 in
367 1989 531 2043 equites
564 1988 781 2031 Romanos
814 2004 908 2031 cum
941 2004 990 2031 ex
1022 2004 1071 2031 ea
1103 1992 1298 2032 0161510116
1331 2006 1448 2046 aspe-

107 2046 196 2087 rius
238 2046 352 2089 dicta
392 2048 632 2102 recitasset,
673 2062 756 2102 quo
798 2048 929 2089 animi
967 2048 1141 2090 illorum
1180 2050 1366 2091 iudicum
1404 2050 1448 2091 in

107 2103 310 2146 Crassum
359 2106 702 2160 incenderentur
753 2106 1021 2160 aliquantum
1072 2122 1163 2148 esse
1208 2111 1447 2150 commotus

52 2173 86 2198 35
107 2162 274 2205 dicitur.
352 2163 502 2218 Itaque
551 2165 596 2206 in
646 2166 939 2220 respondendo
994 2165 1182 2220 primum
1240 2167 1436 2220 exposuit
1453 2178 1517 2210 141

105 2221 327 2276 utriusque
367 2224 580 2264 rationem
618 2224 842 2278 temporiS,
882 2227 929 2265 ut
968 2225 1105 2266 oratio
1146 2239 1195 2265 ex
1233 2239 1278 2266 re
1317 2227 1359 2266 et
1397 2240 1447 2267 ex

106 2294 234 2321 causa
270 2280 420 2322 habita
459 2282 692 2337 videretur,
730 2282 897 2336 deinde,
939 2286 986 2324 ut
1017 2282 1269 2337 intellegere
1301 2287 1447 2338 posset
