1619 2542
543 72 645 106 CAP.
674 75 813 106 32—34
839 75 1029 113 §87-93.
1378 69 1463 111 135

115 170 230 212 niam
263 168 490 223 acceperit,
533 168 647 222 quod
678 168 947 210 innocentem
981 165 1319 209 circumvenerit.
1380 165 1464 207 Est

114 229 219 270 liaeo
264 228 419 282 opinio.
488 227 566 280 At,
611 227 646 268 si
691 227 753 268 ita
792 229 922 280 esset,
965 226 1046 267 hae
1084 226 1177 281 lege
1218 227 1464 266 accusatum

116 286 323 341 oportuit,
367 301 449 340 qua
493 287 718 326 accusatur
763 285 961 326 Habitus.
1035 286 1094 325 At
1138 285 1231 337 ipse
1276 298 1325 324 ea
1368 284 1464 338 lege

117 346 361 400 quaerebat.
430 344 594 386 Paucos
641 344 729 385 dies
769 346 1059 399 exspectasset
1098 342 1334 392 Quinctius.
1401 342 1463 383 At

80 416 96 442 5
117 419 252 459 neque
294 403 486 458 privatus
519 417 717 444 accusare
749 417 825 444 1166
858 403 1007 444 sedata
1037 402 1125 443 iam
1158 401 1320 442 invidia
1351 401 1464 442 vole-

118 464 204 504 bat.
247 462 414 504 Videtis
455 461 590 516 igitur
626 476 712 502 non
750 462 795 502 in
836 476 974 515 eausa,
1008 461 1081 502 sed
1111 461 1157 502 in
1187 463 1382 514 tempore
1416 474 1464 501 ao

116 524 330 577 potestate
375 535 494 575 spem
540 535 711 562 omnem
755 520 1015 561 accusatoris
1059 520 1203 561 fuisse.
1277 518 1462 560 Multam

117 580 281 635 petivit.
356 578 448 627 Qua
494 579 621 634 lege?
702 578 824 627 Quod
867 579 912 619 in
955 580 1093 633 legem
1136 593 1225 620 non
1266 579 1464 631 iurasset,

118 653 225 693 quae
251 653 319 679 res
345 638 506 679 nemini
531 652 736 691 umquam
755 638 895 678 fraudi
915 637 1009 691 fuit,
1037 640 1080 678 et
1100 637 1213 691 quod
1233 635 1276 678 O.
1292 636 1466 689 Verres,

65 710 98 734 10
117 699 291 752 praetor
328 697 536 750 urbanus,
573 696 701 738 homo
736 699 908 738 sanetus
942 699 984 737 et
1018 696 1220 750 diligens,
1260 695 1466 737 subsorti-

117 756 279 797 tionem
312 756 400 796 eius
432 756 477 796 in
510 770 558 796 eo
592 755 733 796 codice
765 770 852 796 non
883 755 1073 808 haberet,
1108 755 1181 808 qui
1211 757 1304 795 tum
1336 754 1465 794 inter-

117 815 220 856 litus
258 813 568 869 proferebatur.
629 813 709 854 His
755 814 804 854 de
837 814 976 855 causis
1010 813 1055 855 C.
1087 812 1234 854 Iunius
1269 813 1466 854 condem·

116 876 245 914 natus
284 876 366 926 est,
410 873 587 926 iudices,
631 873 860 913 levissimis
905 876 947 913 et
990 872 1314 926 infirmissimis,
1361 885 1466 925 quas

119 932 293 974 omnino
331 932 377 972 in
407 932 611 973 iudicium
643 931 798 972 adferri
830 946 918 973 non
949 931 1152 985 oportuit.
1210 930 1363 984 Itaque
1396 945 1467 984 op-

68 1002 100 1028 15
120 1005 293 1045 pressus
327 992 393 1031 est
418 1005 505 1031 non
530 1004 669 1044 eausa,
702 990 775 1032 sed
801 993 1006 1045 tempore.
1046 989 1141 1031 Hoc
1166 1004 1243 1031 vos
1265 988 1464 1030 Cluentio

119 1049 321 1090 iudicium
360 1049 525 1103 putatis
565 1049 714 1090 obesse
749 1050 974 1104 oportere?
1014 1063 1141 1103 quam
1176 1048 1229 1089 ob
1264 1048 1466 1089 eausam?

121 1107 165 1149 Si
207 1122 258 1148 ex
289 1108 383 1161 lege
417 1107 680 1149 subsortitus
711 1122 797 1149 non
831 1110 925 1149 erat
956 1107 1104 1148 Iunius
1138 1109 1213 1148 aut
1246 1107 1283 1148 si
1313 1106 1359 1147 in
1391 1106 1468 1147 ali-

122 1182 249 1221 quam
290 1166 431 1221 legem
473 1167 702 1220 aliquando
743 1181 831 1208 non
870 1166 1108 1219 iuraverat,
1148 1165 1306 1207 idcireo
1348 1166 1466 1206 illius

123 1225 394 1267 damnatione
434 1225 595 1279 aliquid
634 1226 683 1266 de
723 1225 920 1266 Cluentio
962 1225 1261 1266 indicabatur?
1324 1223 1468 1276 ‘Non',

69 1296 103 1320 ⁴20
121 1284 279 1338 inquit3
326 1284 415 1324 ‘sed
470 1284 544 1325 ille
594 1284 750 1325 idcirco
801 1284 889 1325 illis
939 1284 1108 1339 legibus
1160 1283 1469 1324 condemnatus

123 1345 205 1395 est,
261 1342 374 1396 quod
423 1346 573 1384 eontra
624 1343 755 1383 aliam
811 1343 950 1397 legem
1002 1340 1304 1383 commiserat?
1387 1341 1470 1389 Qui

121 1401 205 1442 1106
248 1401 524 1454 confitentur,
567 1404 750 1455 possunt
787 1401 898 1442 idem
943 1401 1051 1441 illud
1093 1400 1298 1441 iudicium
1336 1399 1469 1440 fuisse

125 1459 377 1500 defendere?
441 1458 607 1513 ‘Ergo'‚
644 1460 804 1513 inquit,
842 1459 1015 1500 ‘ideireo
1055 1458 1240 1499 infestus
1272 1461 1365 1498 tum
1397 1472 1471 1511 po-

124 1517 250 1572 pulus
277 1517 496 1558 Romanus
528 1517 610 1558 fuit
636 1516 680 1558 C.
706 1518 841 1571 Iunio,
875 1518 986 1571 quod
1012 1517 1121 1557 illud
1147 1516 1351 1558 iudicium
1379 1531 1469 1558 eor-

72 1588 106 1613 25
126 1578 299 1630 ruptum
332 1590 407 1630 per
439 1590 532 1616 eum
560 1576 823 1628 putabatur.9
868 1575 983 1616 Num
1010 1576 1144 1630 igitur
1169 1575 1250 1616 hoe
1275 1577 1469 1629 tempore

125 1649 254 1676 eausa
286 1636 455 1675 mutata
487 1635 581 1675 est‘?
619 1649 721 1675 num
754 1634 840 1675 alia
871 1649 956 1687 res7
997 1634 1082 1675 alia
1113 1633 1224 1675 ratio
1257 1633 1374 1674 1111113
1407 1634 1469 1674 111-

126 1693 235 1746 dieii,
268 1693 353 1733 alia
384 1695 540 1734 natura
564 1693 700 1734 totius
726 1693 890 1748 negotii
915 1707 1027 1734 1111116
1053 1694 1131 1745 est,
1163 1707 1211 1733 ao
1236 1695 1330 1733 tum
1356 1692 1469 1733 fuit?

125 1751 224 1793 Non
257 1752 408 1806 opinor
441 1766 491 1792 ex
516 1751 568 1792 iis
595 1752 734 1805 rebus,
770 1766 877 1805 quae
905 1754 1049 1806 gestae
1077 1753 1189 1806 sunt,
1219 1765 1310 1791 rem
1336 1751 1469 1792 ullam

127 1810 318 1864 potuisse
362 1810 533 1852 mutari.
600 1809 709 1858 Quid
747 1824 848 1864 ergo
889 1814 954 1851 est
992 1824 1162 1863 causae,
1207 1810 1320 1863 quod
1357 1824 1469 1852 1111116

74 1880 109 1904 30
127 1871 277 1910 nostra
324 1868 514 1910 defensio
566 1869 763 1909 audiatur
806 1871 930 1909 tanto
976 1868 1164 1921 silentio,
1211 1870 1305 1909 tum
1346 1867 1470 1909 Iunio

128 1926 377 1968 defendendi
430 1928 495 1968 sui
544 1930 736 1981 potestas
789 1930 936 1980 erepta
979 1927 1063 1968 sit‘?
1139 1926 1248 1975 Quia
1291 1930 1383 1967 tum
1427 1927 1471 1967 111

129 2000 257 2026 causa
281 1986 389 2026 nihil
409 1989 500 2026 erat
521 1989 688 2039 praeter
707 1985 922 2039 invidiam,
943 2000 1143 2039 errorem,
1170 1985 1471 2040 suspicionem,

129 2044 348 2085 contiones
391 2044 627 2085 cotidianas
667 2044 866 2084 seditiose
910 2059 959 2085 ao
989 2044 1257 2098 populariter
1290 2043 1473 2084 eoncita-

129 2104 209 2143 tas.
269 2102 516 2143 Aecusabat
552 2103 750 2144 tribunus
789 2102 927 2155 plebis
966 2103 1078 2143 idem
1110 2103 1155 2143 in
1187 2102 1473 2154 contionibus,

77 2171 111 2196 35
130 2159 242 2200 idem
275 2160 327 2201 ad
353 2161 573 2214 subsellia3
608 2161 661 2202 ad
687 2160 889 2201 iudicium
913 2175 1002 2202 non
1029 2161 1156 2202 modo
1183 2161 1232 2201 cle
1260 2159 1472 2212 contione,

132 2218 206 2260 sed
248 2218 377 2259 etiam
422 2233 516 2260 oum
555 2220 650 2274 ipsa
689 2219 887 2260 contione
924 2220 1136 2261 veniebat.
1199 2218 1367 2260 Gradus
1405 2217 1472 2258 illi

131 2275 293 2318 Aurelii
332 2279 425 2317 tum
462 2278 563 2319 novi
601 2278 724 2332 quasi
765 2292 843 2332 pro
875 2277 1045 2319 theatro
1077 2278 1141 2318 illi
1172 2276 1327 2318 iudicio
1360 2276 1472 2317 aedi-

1490 532 1528 563 91

1481 964 1539 1006 34

1493 1016 1537 1047 92

1497 1821 1541 1852 93
