1687 2533
598 107 849 150 CAP.1,2§
879 109 978 141 r-5.
1347 103 1432 145 389

91 205 298 261 ploravit,
336 205 434 258 hoc,
471 203 570 258 hoc,
610 203 802 257 inquam,
833 204 1025 256 tempore
1057 201 1272 256 implorat.
1335 199 1433 241 Non
1460 201 1487 241 2

93 265 196 306 estis
244 264 294 305 de
331 263 547 317 Lydorum
595 264 669 303 aut
705 261 926 316 Mysorum
966 262 1040 302 aut
1076 259 1320 315 Phrygum,
1363 259 1436 313 qui

91 323 175 364 huc
207 323 416 377 compulsi
450 321 734 375 concitatique
766 322 995 373 venerunt,
1027 319 1100 360 sed
1133 318 1184 359 de
1215 320 1360 359 vestra
1390 331 1436 358 re

94 382 268 437 publica
317 380 562 432 iudicaturi,
612 380 663 420 de
707 378 894 420 civitatis
939 380 1075 431 statu,
1126 377 1176 418 de
1220 376 1436 418 communi

59 453 74 478 5
97 441 255 494 salute,
293 440 343 481 de
382 453 456 493 spe
493 439 705 480 bonorum
746 438 953 490 omnium,
992 437 1029 478 si
1061 451 1145 491 qua
1175 436 1339 490 reliqua
1371 437 1437 476 est

97 500 226 540 etiam
247 513 370 552 nunc,
392 512 498 552 quae
518 497 697 539 fortium
714 496 870 538 civium
886 498 1050 537 mentes
1065 494 1436 551 cogitationesque

97 560 330 611 sustentet,
362 557 505 599 omnia
538 556 623 597 alia
654 555 850 610 perfugia
880 555 1106 608 bonorum,
1136 553 1352 608 praesidia
1376 553 1436 593 in-

95 616 353 667 nocentium,
386 614 578 657 subsidia
603 614 664 655 rei
690 614 898 669 publicae,
932 613 1121 667 consilia,
1149 611 1319 662 auxilia,
1343 611 1437 652 iura

95 675 347 717 ceciderunt.
378 672 512 723 Quem
533 674 645 715 enim
662 673 831 725 [alium]
848 672 1074 727 appellem,
1094 686 1219 726 quem
1236 671 1436 722 obtester,
1463 681 1484 711 4

43 747 76 772 10
96 749 220 789 quem
246 733 500 788 implorem?
527 732 806 774 senatumne?
845 731 911 772 At·
929 731 965 772 is
987 732 1078 785 ipse
1100 729 1307 772 auxilium
1326 729 1438 784 petit

97 808 121 834 a
157 793 278 834 vobis
326 795 368 833 et
411 792 779 834 confirmationem
822 789 1091 831 auctoritatis
1131 803 1232 830 suae
1269 790 1438 829 vestrae

96 851 304 906 potestati
329 850 582 906 permissam
609 864 701 891 esse
727 848 869 891 sentit.
909 850 978 890 An
1004 848 1167 902 equites
1188 846 1438 889 Romanos?

96 910 349 952 Iudicabitis
386 909 599 964 principes
638 909 726 949 eius
765 907 925 949 ordinis
959 906 1289 962 quinquaginta,
1327 905 1440 959 quod

97 984 191 1011 cum
226 969 423 1010 omnibus
455 967 687 1010 senseritis.
732 966 802 1008 An
827 966 1034 1021 populum
1059 964 1332 1007 Romanum?
1378 963 1440 1004 At

45 1039 77 1065 15
98 1029 134 1069 is
171 1028 341 1082 quidem
374 1041 543 1069 omnem
577 1041 697 1068 suam
731 1025 780 1067 de
812 1025 936 1066 nobis
968 1027 1230 1080 potestatem
1261 1022 1441 1064 tradidit

97 1087 231 1128 vobis.
294 1085 430 1135 Quam
469 1086 523 1127 ob
566 1100 675 1139 rem,
711 1084 795 1126 nisi
827 1084 909 1125 hoc
941 1084 1054 1137 loco,
1091 1082 1175 1124 nisi
1208 1082 1321 1137 apud
1352 1095 1441 1135 VOS,

97 1145 181 1187 nisi
211 1159 287 1200 per
317 1159 412 1198 vos,
449 1144 628 1198 iudices,
665 1158 752 1185 non
786 1143 1108 1197 auctoritatem,
1141 1148 1249 1196 quae
1282 1141 1442 1182 amissa

99 1207 177 1258 est,
204 1203 276 1245 sed
303 1204 489 1245 salutem
515 1206 723 1256 nostram,
750 1217 858 1256 quae
884 1216 959 1255 spe
986 1201 1139 1256 exigua
1165 1202 1441 1253 extremaque

99 1263 268 1317 pendet,
300 1263 576 1310 tenuerimus,
606 1262 714 1302 nihil
741 1264 807 1302 est
832 1262 1068 1314 praeterea,
1101 1274 1184 1313 quo
1212 1258 1441 1313 confugere

47 1333 82 1358 ‘20
101 1322 334 1376 possimus3
373 1321 454 1362 nisi
486 1320 616 1373 forte,
655 1333 763 1376 quae
794 1333 863 1360 res
894 1319 976 1360 hoc
1006 1318 1161 1359 iudicio
1193 1319 1442 1371 temptetur,

101 1380 202 1434 quid
235 1383 400 1435 agatur,
433 1379 500 1420 cui
531 1393 684 1420 causae
709 1378 990 1418 fundamenta
1014 1376 1238 1429 iaciantur,
1269 1375 1442 1427 iudices,

100 1452 186 1479 non
217 1438 383 1479 videtis.
428 1436 749 1479 Condemnatus
782 1439 847 1476 est
877 1435 926 1487 is,
959 1435 1031 1489 qui
1059 1433 1291 1476 Catilinam
1317 1433 1441 1488 signa

101 1497 267 1551 patriae
293 1496 548 1537 inferentem
574 1494 809 1547 interemit,
843 1493 943 1547 quid
970 1496 1036 1534 est
1062 1507 1225 1545 causae,
1257 1506 1331 1534 cur
1357 1505 1443 1532 non

102 1556 151 1609 is,
184 1555 256 1609 qui
282 1553 514 1595 Catilinam
547 1568 597 1594 ex
622 1553 727 1594 urbe
753 1552 929 1607 pepulit,
960 1551 1266 1606 pertimescat?
1315 1550 1444 1604 Rapi-

49 1625 83 1651 25
104 1617 174 1655 tur
218 1613 270 1654 ad
314 1627 514 1667 poenam,
559 1612 631 1666 qui
675 1611 831 1667 indicia
876 1611 1112 1652 communis
1157 1609 1275 1650 exitii
1313 1609 1444 1662 cepit3

104 1687 178 1715 cur
211 1671 294 1713 sibi
325 1670 510 1712 confidat
541 1671 590 1725 is,
623 1670 695 1724 qui
727 1685 776 1711 ea
801 1669 1056 1724 proferenda
1082 1671 1124 1709 et
1148 1667 1445 1723 patefacienda

105 1730 298 1772 curavit?
343 1728 455 1771 Socii
482 1729 769 1780 consiliorum,
794 1727 980 1768 ministri
1006 1727 1265 1781 comitesque
1291 1740 1444 1767 vexan-

105 1793 194 1842 tur,
227 1788 326 1843 quid
359 1791 568 1842 auctores,
601 1787 700 1842 quid
733 1787 871 1840 duces,
903 1786 1002 1840 quid
1027 1785 1242 1841 principes
1269 1785 1351 1826 sibi
1378 1799 1445 1826 cx-

107 1847 327 1901 spectent‘?
390 1848 532 1901 Atque
569 1846 733 1887 utinam
772 1844 933 1886 inimici
969 1844 1108 1886 nostri
1146 1859 1194 1886 ac
1232 1844 1444 1885 bonorum

53 1917 87 1942 30
108 1906 296 1946 omnium
322 1920 488 1947 mecum
513 1904 658 1959 potius
685 1903 962 1945 contendant!
1003 1902 1157 1944 Utrum
1183 1905 1277 1944 tum
1297 1916 1444 1944 omnes

107 1964 208 2005 boni
247 1964 372 2005 duces
409 1964 549 2005 nostri
587 1978 641 2004 an
678 1962 856 2003 comites
894 1961 1054 2003 fuerint
1092 1961 1145 2003 ad
1177 1974 1444 2003 communem

109 2023 441 2065 conservandam
475 2022 655 2063 salutem
676 2019 755 2046 ‘³‘ssss

1468 1444 1489 1475 0⁵1

319 2115 610 2157 FRAGMENTA
639 2126 668 2155 A
695 2125 979 2155 SCHOLIASTA
1004 2112 1231 2155 BOBIENSI

669 2184 888 2214 SERVATA.

200 2254 498 2310 strangulatos
530 2255 685 2296 maluit
716 2253 863 2295 dicere.

199 2312 309 2362 Quid
341 2313 423 2354 sibi
454 2328 572 2355 meus
603 2312 866 2354 necessarius
900 2310 1055 2353 Caetra
1086 2309 1251 2353 voluit?
