1619 2542
565 59 667 95 OAP.
696 63 786 94 1-4
813 63 832 101 ξ
858 62 960 95 3—9.
1351 58 1434 100 103

94 157 294 198 bentibus
333 159 407 198 aut
439 156 584 211 aequis
616 155 864 210 remittatis3
902 158 995 196 tum
1027 156 1188 207 autem,
1227 169 1322 196 cum
1355 169 1434 210 ego

94 231 180 257 una
224 229 389 270 quaque
433 215 483 256 de
527 229 571 256 re
620 215 758 256 dicam
796 217 838 255 et
876 214 1053 268 diluam,
1097 228 1150 254 ne
1181 214 1282 268 ipsi,
1328 228 1435 268 quae

95 274 312 316 conti-mia
344 274 442 327 sint,
471 273 593 314 taciti
620 273 875 329 cogitationi
900 275 1067 314 vestrae
1095 273 1330 326 subiciatis,
1362 272 1435 313 sed

97 333 150 375 ad
176 335 412 374 extremum
438 333 670 386 expectetis
697 346 848 386 meque
874 346 1017 373 meum
1048 331 1214 373 dicendi
1243 318 1435 372 ordinem

62 404 267 433 5ser·va1e
309 390 552 446 patiamini3
597 406 691 432 cum
724 405 945 445 pelor·,a10
988 393 1099 444 tum,
1143 390 1179 431 si
1216 390 1317 444 quid
1355 390 1435 431 erit

98 450 395 505 praeteritum,
435 464 460 490 a
497 464 564 490 me
599 449 841 505 requiratis.
908 448 1003 504 Ego
1041 463 1126 502 me,
1166 449 1344 503 iudices,
1384 449 1435 490 ad

99 524 191 550 eam
224 523 396 551 causam
428 508 644 562 accedere,
677 522 783 562 quae
815 508 902 548 iam
934 523 1009 562 per
1041 522 1174 549 annos
1208 510 1304 549 octo
1338 522 1437 549 con-

97 568 239 609 tinuos
272 582 321 608 ex
352 566 566 608 contraria
590 570 713 621 parte
740 566 937 607 audiatur
964 569 1091 621 atque
1117 566 1212 621 ipsa
1238 566 1436 620 opinione

97 626 319 668 hominum
362 624 496 667 tacita
539 640 672 680 prope
717 625 912 667 convicta
957 628 1083 679 atque
1128 627 1331 666 damnata
1370 625 1438 678 sit,

45 699 78 723 10
98 685 223 726 facile
255 685 475 740 intelleg03
515 683 588 724 sed
619 684 657 725 si
688 684 761 738 qui
792 684 897 724 mihi
930 683 1032 725 deus
1064 686 1254 725 vestram
1286 684 1338 725 ad
1371 698 1438 725 me

99 743 352 785 audiendum
377 742 713 785 benivolentiam
740 742 991 796 conciliarit,
1024 743 1206 784 efficiam
1233 743 1439 797 profecto,

98 806 146 844 ut
177 802 439 857 intellegatis
465 801 573 842 nihil
607 816 698 843 esse
730 801 893 842 homini
912 804 1014 842 >tam
1040 801 1277 843 timendum
1310 816 1439 855 quam

98 861 321 915 invidiam,
359 860 468 901 nihil
498 859 715 902 innocenti
747 863 945 914 suscepta
976 860 1136 901 invidia
1168 863 1258 901 tam
1292 863 1440 915 optan-

101 920 200 961 dum
241 934 368 974 quam
402 933 584 973 aequum
616 919 837 972 iudicium,
876 919 988 973 quod
1020 919 1065 959 in
1096 919 1177 961 hoc
1208 933 1292 960 uno
1326 919 1439 960 deni·

47 991 80 1017 15
101 993 180 1033 que
205 978 339 1020 falsae
364 977 565 1018 infamiae
592 978 688 1019 finis
716 978 851 1032 aliqui
877 981 1004 1031 atque
1031 978 1169 1019 exitus
1190 978 1439 1032 reperiatur.

101 1038 236 1086 Quam
269 1037 322 1078 ob
355 1051 445 1078 rem
477 1050 635 1091 magna
666 1051 732 1078 me
766 1051 862 1091 spes
894 1039 1024 1090 tenet,
1057 1037 1104 1090 si,
1137 1051 1244 1092 quae
1271 1036 1441 1078 suntin

100 1111 238 1150 causa,
265 1095 477 1149 explicare
504 1098 631 1149 atque
658 1096 802 1137 omnia
827 1095 1003 1136 dicendo
1025 1095 1228 1150 consequi
1246 1098 1441 1149 potuero,

99 1156 212 1196 hunc
250 1155 391 1196 locum
429 1168 758 1208 consessumque
790 1156 1000 1207 vestrum,
1039 1168 1165 1208 quem
1202 1154 1268 1194 illi
1306 1153 1442 1195 horri-

101 1214 233 1255 bilem
271 1214 322 1254 A.
356 1211 553 1254 Cluentio
592 1228 640 1254 ac
677 1212 1007 1254 formidolosum
1044 1212 1441 1267 foreputaverunt,

48 1285 82 1310 20
104 1287 198 1313 eum
235 1271 409 1313 tandem
448 1273 537 1312 eius
568 1271 768 1313 fortunae
801 1271 980 1312 miserae
1012 1272 1280 1326 multumque
1312 1272 1441 1312 iacta-

102 1334 171 1372 tae
202 1334 375 1384 portum
406 1345 455 1371 ac
486 1330 731 1385 perfugium
758 1330 962 1371 futurum.
1007 1329 1199 1371 Tametsi
1224 1330 1440 1383 permulta

104 1392 220 1442 sunt,
259 1403 365 1443 quae
403 1388 525 1441 mihi,
564 1392 794 1442 antequam
832 1388 882 1429 de
920 1403 1048 1429 causa
1086 1388 1196 1441 dico,
1241 1388 1291 1429 de
1330 1402 1441 1429 com-

104 1448 303 1489 munibus
353 1447 538 1487 invi‘diae
584 1447 784 1501 periculis
836 1446 1012 1487 dicenda
1062 1461 1153 1487 esse
1203 1447 1440 1497 videantur,

103 1510 265 1559 tamen,
302 1519 354 1546 ne
395 1505 553 1545 diutius
592 1505 785 1546 oratione
824 1519 918 1545 mea
957 1519 1162 1559 suspensa
1200 1505 1440 1559 expectatio

49 1578 84 1602 κε»
103 1568 249 1606 vestra
280 1566 493 1616 teneatur,
532 1563 754 1617 adgrediar
787 1563 840 1604 ad
872 1563 1030 1604 crimen
1062 1578 1157 1604 cum
1189 1564 1265 1604 illa
1297 1564 1441 1617 depre-

104 1624 284 1675 catione,
314 1622 485 1675 iudices,
516 1636 599 1675 qua
631 1621 735 1662 mihi
767 1621 935 1675 saepius
961 1622 1166 1662 utendum
1199 1636 1290 1663 esse
1316 1622 1440 1663 intel-

103 1683 220 1737 lego,
264 1681 323 1722 sic
366 1682 414 1721 ut
456 1694 522 1720 me
567 1680 768 1733 audiatis,
813 1679 935 1734 quasi
978 1680 1059 1722 hoc
1099 1683 1293 1735 tempore
1336 1680 1441 1723 11000

105 1755 232 1782 causa
262 1739 448 1794 primum
479 1738 656 1791 dicatur,
690 1738 814 1780 sicuti
846 1738 1010 1788 dicitur,
1041 1753 1127 1780 non
1159 1739 1281 1793 quasi
1315 1753 1441 1794 saepe

50 1810 52 1812 “
104 1800 191 1840 iam
228 1798 341 1839 dicta
378 1800 420 1838 et
457 1811 690 1851 numquam
727 1797 910 1851 probata
950 1797 1018 1839 sit.
1078 1797 1295 1839 Hodierno
1329 1799 1441 1839 enim

50 1869 86 1894 30
107 1858 172 1899 die
208 1857 394 1911 primum
433 1856 588 1897 veteris
626 1855 749 1896 istius
788 1855 975 1897 criminis
1018 1856 1207 1897 diluendi
1246 1859 1439 1911 potestas

107 1919 172 1957 est
209 1916 324 1968 data,
363 1917 462 1955 ante
498 1914 579 1956 hoc
616 1917 784 1968 tempus
818 1928 933 1955 error
964 1914 1008 1955 in
1040 1915 1119 1956 hac
1151 1930 1280 1956 causa
1312 1918 1440 1968 atque

106 1974 265 2016 invidia
300 1975 472 2014 versata
511 1975 587 2014 est.
654 1972 791 2021 Quam
829 1973 883 2013 ob
920 1987 1027 2026 rem,
1072 1974 1171 2014 dum
1208 1974 1440 2014 inultorum

107 2046 316 2074 annorum
359 2032 618 2072 accusationi
663 2031 848 2072 breviter
886 2031 1150 2086 dilucideque
1191 2032 1440 2086 respondeo,

108 2105 277 2145 quaeso,
301 2092 349 2131 ut
374 2104 453 2143 1110,
477 2089 648 2143 iudices,
675 2090 783 2131 sicut
808 2088 946 2130 facere
966 2090 1229 2140 instituistis,
1256 2090 1440 2145 benigne

54 2160 88 2186 35
109 2152 353 2202 attenteque
385 2148 580 2189 audiatis.

196 2205 447 2260 Corrupisse
485 2206 637 2248 dicitur
669 2205 720 2246 A.
753 2205 972 2247 Cluentius
1010 2206 1211 2248 iudicium
1250 2205 1441 2260 pecunia,

109 2280 192 2320 quo
217 2264 437 2306 inimicum
463 2279 583 2306 suum
609 2265 890 2318 innocentem,
918 2264 1103 2306 Statium
1131 2264 1317 2318 Albium,
1347 2278 1442 2305 con-

1463 424 1489 504 qv:

1466 2204 1495 2243 4

1467 2255 1487 2285 9
1530 2294 1533 2296 .
