1619 2542
511 112 794 148 ADNOTATIO
821 113 1023 149 CRITICA.
1320 115 1441 150 XXIII

98 229 140 234 —
157 207 195 243 P.
212 212 266 243 79.
284 211 328 243 30
345 211 425 252 pter
447 211 573 243 assunt
585 207 630 242 H.
647 229 689 233 —
705 207 743 242 P.
760 212 814 243 79.
830 212 874 243 32
895 209 1025 243 salinis
1046 207 1160 243 etiam
1179 208 1224 253 H,
1245 210 1346 244 silvis
1366 209 1438 253 ast,

99 255 260 290 Richter.
287 265 410 300 progr.
437 254 612 289 Rastenb.
644 258 731 289 1861
759 267 792 299 p.
821 260 840 290 7
868 255 912 290 cf.
939 255 1015 290 Mil.
1043 260 1074 290 9.
1099 261 1154 291 26.
1182 277 1225 282 —
1252 256 1290 291 P.
1320 261 1372 292 79.
1395 262 1438 292 33

96 304 262 346 portibus
281 302 315 336 H
337 313 419 336 cum
439 301 480 344 B,
509 314 543 346 p.
566 306 620 336 93.
643 306 686 336 22
707 301 823 344 THB,
852 303 896 336 cf.
916 314 951 347 p.
974 307 1052 337 219.
1074 307 1130 346 29,
1159 303 1207 337 ad
1225 315 1261 349 p.
1284 308 1361 339 399.
1386 309 1438 339 19.

99 370 140 375 —
162 350 199 385 P.
223 354 276 385 79.
298 354 342 384 36
362 350 651 383 conservaritis
670 349 775 384 codd.
797 349 878 393 EV,
906 349 1019 394 vulg,
1046 352 1339 386 conservaveritis
1358 351 1436 385 rell.

98 396 214 440 codd,
229 396 351 430 Halm.
378 395 582 439 Aliquanto
595 396 742 440 saepius
759 396 848 431 dett.
864 396 969 431 codd.
985 396 1121 432 addere
1136 397 1259 432 solent
1275 398 1438 442 syllabas

95 455 135 478 ve
155 446 193 478 et
210 446 246 478 vi
265 454 376 487 quam
397 442 553 486 demere,
575 444 617 477 ut
630 455 664 487 p.
681 448 734 478 82.
749 448 790 478 31
806 443 842 477 H
856 443 955 478 solus
970 445 1186 488 confirmae,
1210 449 1264 480 83.
1278 450 1322 480 33
1336 457 1438 490 snpe-

95 503 183 533 rav.,
205 494 258 525 98.
278 495 298 525 8
323 490 353 523 B
381 491 651 533 accommodata,
678 495 814 525 205.16
835 490 863 524 F
887 492 1038 536 impletu,
1065 496 1134 526 344
1161 496 1180 527 5
1207 492 1255 525 W
1280 504 1436 537 coynov.,

95 541 164 572 368
193 542 234 571 13
248 537 333 571 BW
353 538 510 580 landav„
531 541 610 571 430.
626 543 666 571 16
682 537 711 570 Ε
725 549 942 582 recuperem,
963 542 1042 574 488.
1062 543 1101 573 12
1116 539 1164 572 W
1178 541 1335 583 privam,
1357 544 1436 575 487.

96 590 141 619 34
156 584 231 619 GM
245 586 283 618 et
295 588 373 619 525.
389 588 433 619 29
449 583 480 618 G
493 586 670 627 collocem,
692 589 769 619 515.
786 589 806 619 9
821 584 852 619 G
867 597 1082 632 oppuynav„
1099 590 1177 621 539.
1195 590 1235 620 17
1252 586 1329 620 EM
1342 588 1439 622 iudi-

95 643 226 674 caver.;
255 631 349 676 adp.
366 636 420 666 98.
435 636 488 674 17,
513 635 589 665 184.
604 636 634 674 7,
657 636 736 665 231.
751 636 805 674 28,
828 637 975 675 25216,
998 637 1122 676 2591,
1145 637 1223 668 260.
1237 638 1269 677 4,
1290 638 1367 669 276.
1383 639 1438 677 33,

95 683 174 714 291.
188 683 243 721 31,
265 683 343 713 298.
357 683 388 721 8,
404 682 482 713 314.
496 683 526 721 6,
543 683 620 714 377.
635 683 689 721 25,
706 683 783 714 379.
800 684 852 721 13,
869 684 946 714 392.
962 683 1015 723 18,
1031 684 1109 715 398.
1122 685 1178 723 30,
1195 685 1274 715 404.
1290 685 1343 724 11,
1358 686 1438 716 408.

95 731 150 769 33,
178 730 256 763 451,
274 730 305 769 6,
331 730 409 760 460.
425 729 481 768 28,
508 730 586 760 461.
603 730 658 760 26.
681 747 724 751 -
744 725 783 760 P.
811 729 902 761 80.2
928 738 1009 771 erqo
1033 727 1077 761 H.
1104 749 1148 753 -
1175 727 1214 763 Ρ.
1242 731 1331 762 803
1360 740 1439 763 cum

94 775 144 808 ad
168 773 218 816 H,
252 773 300 807 ad
324 785 358 817 p.
387 776 514 808 60.17.
542 793 585 798 —
615 772 654 806 Ρ.
682 777 736 807 80.
755 777 796 807 13
822 775 915 808 naui
940 774 989 815 H,
1024 774 1071 808 ad
1097 774 1199 809 Verr.
1224 787 1260 819 p.
1288 779 1366 809 290.
1383 780 1437 809 24.

95 841 138 846 -
166 819 204 854 P.
228 824 281 855 80.
301 824 342 855 16
364 820 435 854 Est
458 819 565 854 codd.
586 819 754 864 EVHSB,
788 820 905 864 vulg,
938 821 1027 855 Erit
1046 821 1125 855 rell.
1148 822 1271 865 codd,
1298 822 1438 864 Halm.;

95 867 190 911 ofip.
207 871 261 902 63.
278 871 309 909 2,
339 871 394 901 92.
411 872 442 909 7,
470 871 524 901 94.
540 870 595 909 25,
625 870 773 910 180.10,
801 871 879 902 202.
895 872 927 913 2,
955 872 1033 902 214.
1050 872 1105 911 20,
1133 873 1284 912 21533,
1312 874 1389 903 231.
1407 874 1438 912 7,

95 919 174 949 273.
190 918 250 957 28,
278 918 357 948 292.
374 918 428 957 34,
458 918 535 948 307.
552 918 606 956 32,
635 918 712 948 324.
731 918 784 957 11,
814 918 891 949 353.
908 919 963 957 37,
991 919 1070 950 398.
1088 922 1117 949 1.
1156 915 1194 950 P.
1217 921 1270 951 58.
1288 920 1307 950 2
1332 916 1437 951 codd.

94 962 235 996 habent
254 962 354 1004 dicis,
382 961 473 995 item
493 965 570 996 501.
593 966 612 995 3
633 972 699 1005 pro
720 962 852 1004 dicitis,
875 961 936 997 all.
957 963 1091 1006 dicetis,
1113 967 1169 997 95.
1185 967 1204 997 5
1231 964 1311 998 dico
1332 964 1439 998 codd.

94 1011 243 1053 praeter
257 1008 374 1051 ETV,
399 1012 475 1043 150.
491 1012 536 1042 34
550 1009 629 1043 dieo
645 1008 716 1051 ST,
733 1012 787 1042 65.
806 1012 846 1042 11
862 1010 964 1043 venio
979 1009 1084 1044 codd.
1100 1011 1248 1054 praeter
1262 1009 1291 1043 E
1303 1012 1342 1053 T,
1361 1015 1438 1046 107.

94 1060 138 1091 23
154 1057 296 1098 debetis,
318 1059 396 1089 138.
412 1059 456 1090 35
472 1057 649 1099 reperitur
664 1066 788 1089 omnes
804 1057 952 1100 praeter
965 1056 1004 1099 P,
1026 1060 1104 1090 464.
1122 1060 1166 1090 28
1180 1059 1373 1101 respondeo
1389 1057 1437 1101 (ἦ

93 1115 127 1148 p.
150 1107 228 1137 284.
245 1107 288 1137 36
310 1102 454 1146 aliquot
469 1103 670 1146 postulabo,
694 1107 771 1137 347.
788 1106 807 1136 2
827 1105 1044 1147 respondebo
1064 1103 1160 1147 TW,
1182 1108 1261 1138 368.
1278 1108 1298 1139 8
1319 1116 1438 1140 conce-

93 1151 184 1186 detis
203 1150 306 1193 dett„
334 1153 412 1184 502.
429 1153 470 1183 11
493 1161 569 1193 sqq.
592 1150 721 1194 loquar
734 1170 776 1175 —
792 1150 986 1194 disputabo
1006 1161 1142 1184 omnes.
1161 1171 1199 1175 -
1217 1151 1269 1185 Π).
1287 1163 1338 1194 sq.
1361 1152 1438 1197 [eo-

94 1197 197 1242 rum]
217 1196 350 1231 Eberh.
368 1218 409 1222 —
426 1196 464 1231 Ρ.
482 1200 536 1231 80.
555 1201 596 1231 19
617 1198 712 1232 illud
725 1199 888 1241 primum
908 1197 1012 1232 codd.
1028 1200 1175 1241 praeter
1194 1197 1235 1240 Ε,
1256 1198 1377 1232 Halm.
1396 1220 1438 1224 -

94 1244 131 1278 P.
160 1248 215 1279 80.
232 1247 277 1279 20
297 1245 458 1278 omissis
483 1255 540 1278 scr
566 1243 609 1278 cf.
637 1256 672 1288 p.
700 1248 754 1278 92.
772 1248 808 1287 9,
837 1248 915 1279 271.
932 1248 975 1278 32
1003 1256 1093 1288 sqq.,
1110 1245 1157 1279 ad
1184 1244 1250 1279 Off.
1271 1257 1306 1290 p.
1329 1250 1382 1280 54.
1405 1250 1437 1289 8,

94 1293 236 1326 amissis
258 1291 376 1334 codd„
398 1290 505 1333 Bait,
526 1290 659 1333 Klotz„
681 1302 763 1324 cum
783 1302 890 1325 cruce
914 1291 1046 1334 Halm„
1067 1291 1187 1335 Hem,
1207 1303 1272 1327 nos
1287 1294 1439 1337 publica

92 1339 149 1373 his
168 1339 310 1373 amissis
330 1338 566 1383 [vectigalia]
586 1338 770 1381 Momms,
798 1338 923 1382 Kays„
944 1351 1017 1373 rem
1033 1350 1070 1383 p.
1090 1341 1209 1383 ipsam
1227 1340 1295 1374 illa
1313 1342 1436 1384 veetiy.

94 1385 241 1428 Eberh.,
255 1396 327 1420 rem
330 1397 368 1429 p.
379 1387 512 1420 amissa
525 1387 646 1429 vectiy.
656 1396 760 1429 posse
773 1385 817 1418 H.
828 1386 869 1419 A.
880 1385 1007 1429 Koch,
1022 1397 1087 1421 nos
1100 1388 1233 1421 amissa
1246 1388 1438 1430 vectigyalia

90 1443 193 1477 posse
206 1431 461 1474 Cornelissen„
475 1433 577 1467 novis
586 1433 796 1476 publicanis
810 1434 943 1467 amissa
956 1437 1039 1467 vect.
1052 1435 1093 1467 A.
1106 1432 1436 1467 Mosbacl1.F1eek-

96 1479 158 1513 eis.
175 1490 258 1513 ann.
278 1482 367 1513 1884
380 1491 416 1523 p.
431 1483 474 1513 55
491 1490 581 1522 sqq„
595 1490 660 1513 nos
673 1480 951 1522 publicanorum
967 1480 1069 1514 bonis
1086 1480 1273 1523 (fortunis)
1294 1482 1438 1515 amissis

94 1526 284 1569 vectiyalia
304 1527 386 1569 ipsa
404 1536 504 1569 posse
518 1525 610 1559 coni.
626 1525 760 1567 Halm,
783 1525 843 1561 all.
860 1525 907 1559 al.
926 1546 966 1551 —
983 1524 1022 1559 P.
1038 1530 1092 1560 80.
1109 1530 1153 1559 24
1169 1537 1219 1569 sq.
1234 1527 1274 1560 id
1294 1528 1438 1570 quidem

96 1576 185 1606 certe
200 1571 263 1604 ‘W
284 1573 393 1615 (teste
413 1571 637 1615 Lambino)’,
658 1571 770 1615 vulg,
791 1573 831 1606 id
849 1573 944 1616 quod
963 1576 1051 1606 certe
1071 1572 1175 1606 codd.
1192 1572 1268 1616 FB,
1289 1578 1378 1608 certe
1397 1575 1437 1609 id

95 1621 236 1663 quidem
249 1617 361 1651 EVH
373 1618 415 1662 ‘E'
432 1617 554 1652 Halm.
570 1639 613 1644 —
629 1618 666 1652 P.
684 1623 737 1653 80.
751 1623 795 1653 28
809 1618 866 1652 Ne
880 1620 969 1652 enim
986 1618 1036 1660 H3
1050 1630 1084 1663 p.
1101 1623 1178 1653 208.
1197 1623 1250 1654 18.
1267 1640 1310 1645 -
1324 1620 1363 1655 P.
1380 1625 1435 1657 80.

95 1670 139 1700 35
167 1677 218 1708 sq.
244 1676 287 1698 ne
312 1675 385 1699 non
411 1675 490 1708 scr„
516 1676 589 1699 non
614 1664 660 1707 H,
685 1676 771 1699 num
797 1664 877 1698 rell.
905 1665 1008 1700 codd.
1040 1667 1077 1700 et
1102 1666 1184 1701 edd.
1204 1677 1278 1701 non
1303 1667 1436 1702 melius

95 1723 206 1757 quam
230 1724 264 1756 p.
287 1715 412 1746 9820.
445 1712 556 1745 Num
581 1722 648 1755 pro
673 1722 747 1746 non
771 1712 912 1746 habent-
936 1725 971 1756 p.
998 1716 1113 1748 40.19
1139 1713 1178 1756 T,
1208 1718 1285 1749 148.
1302 1718 1322 1748 3
1349 1715 1434 1756 FM,

95 1759 143 1794 ad
157 1763 236 1794 259.
251 1763 303 1801 10,
320 1763 398 1793 304.
418 1762 458 1793 18
470 1758 533 1802 Lg.
547 1762 601 1801 86,
617 1761 696 1792 328.
711 1762 752 1792 12
767 1758 815 1801 M,
831 1763 909 1793 333.
925 1763 968 1793 29
983 1760 1219 1804 largitionum
1234 1762 1313 1803 (aut-
1324 1762 1435 1806 lai-yi-

94 1808 200 1851 tione)
223 1816 348 1840 omnes
368 1816 435 1849 pro
450 1806 595 1849 Iaryitio
610 1816 695 1847 non,
716 1809 794 1840 324.
811 1810 830 1840 7
846 1805 947 1848 BW;
969 1818 1085 1841 nunc
1098 1818 1165 1851 pro
1180 1819 1253 1842 non
1267 1819 1300 1852 p.
1318 1812 1373 1842 31.
1390 1813 1432 1843 31

95 1853 134 1898 (S
151 1865 249 1888 nunc
267 1854 369 1897 mel),
392 1856 504 1887 66.15
523 1862 595 1887 non
614 1853 717 1887 modo
735 1864 834 1887 nunc
854 1863 979 1887 omnes
993 1855 1141 1897 praeter
1157 1854 1192 1897 k,
1216 1859 1270 1889 92.
1284 1859 1327 1889 36
1346 1858 1434 1898 (non

94 1902 154 1945 34)
175 1899 260 1943 ΤΗ,
289 1903 366 1934 136.
384 1903 426 1934 15
440 1899 485 1941 Τ,
511 1910 585 1934 non
604 1910 670 1943 pro
691 1911 779 1933 num
799 1903 878 1934 330.
892 1904 937 1934 25
958 1902 995 1934 et
1014 1904 1058 1935 28
1078 1901 1145 1946 Lg.
1163 1906 1193 1943 1,
1215 1905 1293 1936 353.
1312 1906 1354 1936 16
1375 1902 1434 1944 W,

93 1951 232 1982 368.25
259 1957 385 1981 omnes
411 1947 558 1990 praeter
583 1946 662 1988 ΕΤ,
689 1950 824 1981 41711
846 1946 938 1990 FW,
966 1951 1103 1982 420.11
1135 1948 1206 1991 ST,
1234 1952 1311 1982 502.
1326 1953 1369 1982 33
1392 1947 1434 1982 G.

93 1995 198 2028 Arus.
226 1993 335 2027 Mess.
359 2005 395 2037 p.
423 1997 501 2028 479.
532 1997 549 2026 1
579 1992 699 2028 Cicero
724 1994 766 2028 de
785 1994 934 2038 imperio
962 1993 1129 2038 Pompei:
1155 1994 1359 2029 incumbite
1386 1995 1434 2029 ad.

93 2041 132 2075 id
155 2040 306 2083 bellum,
334 2039 505 2081 Quirites.
526 2060 569 2064 -
590 2039 628 2074 Ρ.
657 2044 712 2074 81.
742 2045 758 2074 1
787 2051 839 2083 sq.
860 2042 1071 2076 coniunctae
1097 2052 1167 2075 om.
1189 2042 1303 2076 etiam
1322 2041 1367 2075 H.
1390 2062 1432 2067 —

95 2087 135 2121 P.
157 2092 210 2122 81.
227 2092 249 2121 4
273 2092 415 2122 autem
434 2098 500 2131 pro
525 2088 619 2121 enim.
639 2086 673 2120 H
692 2088 733 2120 ut
752 2098 786 2130 p.
803 2091 857 2121 82.
873 2092 917 2122 28
937 2087 969 2132 23
990 2089 1075 2130 εἴας
1104 2088 1151 2122 ad
1171 2100 1205 2132 p.
1221 2092 1300 2123 285.
1316 2093 1370 2131 28,
1399 2088 1433 2123 S.

94 2133 203 2169 Rosc.
228 2145 264 2178 p.
291 2138 346 2168 40.
374 2138 429 2177 35,
455 2133 684 2178 Heerdegen.
711 2133 805 2168 Mus.
830 2134 947 2168 Rhen.
977 2138 1065 2169 1883
1091 2147 1126 2179 p.
1148 2139 1216 2170 246
1243 2147 1295 2178 sq.
1323 2155 1366 2160 —
1393 2134 1434 2170 P.

95 2186 151 2216 81.
176 2185 196 2214 6
222 2182 350 2216 elabor.
378 2180 485 2223 Bak„
518 2180 648 2224 Kays.;
676 2180 720 2214 cf.
748 2180 796 2214 ad
821 2180 923 2215 Verr.
948 2192 983 2226 p.
1014 2186 1090 2216 151,
1115 2186 1170 2216 34.
1194 2203 1233 2207 —
1264 2182 1303 2215 P.
1330 2186 1385 2216 81.
1413 2186 1431 2217 7

95 2239 136 2262 ea
161 2227 316 2270 Buttm„
346 2226 475 2271 Kays,
508 2227 646 2270 Halm,
679 2226 832 2270 Ehem„
864 2240 888 2263 α
922 2228 1026 2264 codd.
1053 2229 1201 2272 praeter
1225 2228 1268 2271 V,
1301 2228 1431 2271 Klotz,

95 2285 165 2308 om.
194 2274 236 2317 V,
262 2273 358 2308 Bait.
380 2295 423 2299 —
444 2274 483 2308 Ρ.
509 2277 564 2308 81.
585 2278 606 2309 8
632 2274 760 2318 Adque
786 2273 830 2308 H.
853 2295 894 2299 ——
916 2274 954 2309 P.
976 2279 1030 2310 81.
1055 2279 1095 2309 11
1124 2287 1176 2318 sq.
1203 2275 1434 2310 Mithridati

95 2320 174 2356 cod.
201 2320 260 2364 W,
293 2319 420 2365 Kays,
453 2320 591 2364 Klotz„
623 2320 774 2365 Eberh.,
806 2322 987 2356 mitridati
1012 2321 1062 2364 H,
1092 2322 1326 2357 Mithridatis
1351 2322 1432 2357 rell.
