1687 2533
522 86 625 123 GAP.
653 91 742 122 5—7
770 91 788 130 ς
817 91 966 122 11—16.
1330 88 1418 129 463

75 183 313 226 decuriatos
347 198 394 225 ac
427 183 663 239 descriptos
694 183 876 225 haberes
904 183 1114 225 exercitus
1141 183 1419 239 perditorum,

73 257 213 284 nonne
250 241 559 296 providendum
599 242 765 283 senatui
802 242 903 295 fuit,
939 256 992 284 ne
1032 243 1077 284 in
1108 242 1219 285 hanc
1250 245 1418 284 tantam

75 301 297 343 materiem
348 301 569 342 seditionis
621 302 729 342 iacta
766 301 850 342 ista
888 301 1059 343 funesta
1102 301 1173 342 fax
1217 301 1418 343 adhaere-

77 359 243 402 sceret?

40 431 56 457 5
163 418 262 460 Fuit
304 418 438 473 igitur
482 433 610 460 causa
649 418 843 472 capiendi
880 419 981 460 novi
1019 419 1198 461 consilii.
1262 419 1417 461 Videte

75 492 198 530 nunc,
229 477 443 519 fuerintne
475 479 621 532 partes
653 492 772 519 meae
804 492 938 532 paene
964 478 1231 533 praecipuae.
1282 477 1416 527 Quem

74 540 167 578 tum
207 535 380 591 Sergius
428 536 502 576 1110
539 540 656 588 tuus,
699 551 823 591 quem
863 535 1044 591 Lollius,
1089 551 1213 591 quem
1253 539 1418 578 ceterae

75 597 217 649 pestes
249 595 294 636 in
326 594 591 648 lapidatione
622 595 700 636 illa
724 596 1016 650 nominabant,
1049 610 1174 649 quem
1203 610 1418 637 annonam

76 657 294 708 praestare
327 656 524 707 oportere
557 654 784 695 dicebant?
815 669 954 695 nonne
988 655 1084 695 me‘?
1147 653 1286 703 Quid?
1320 669 1418 709 ope-

24 724 57 750 10
76 727 222 753 rarum
259 713 335 753 illa
373 713 638 754 concursatio
680 715 890 754 nocturna
920 727 1007 754 non
1039 728 1064 754 a
1095 716 1138 754 te
1169 714 1264 768 ipso
1297 713 1419 754 insti-

75 774 171 813 tuta
210 786 277 812 me
315 771 575 812 frumentum
615 771 871 826 flagitabat?
934 770 1064 820 Quasi
1095 786 1197 813 vero
1231 786 1310 828 ego
1344 774 1419 813 aut

75 830 137 871 rei
162 829 467 872 frumentariae
499 829 781 885 praefuissem
813 833 887 871 aut
920 845 1212 885 compressum
1245 831 1419 885 aliquod

75 888 337 930 frumentum
374 892 563 930 tenerem
602 892 675 930 aut
711 889 755 930 in
796 889 879 930 isto
914 903 1068 945 genere
1101 889 1274 932 omnino
1307 890 1419 944 quic-

78 962 205 1002 quam
256 950 331 989 aut
380 947 598 989 curatione
644 950 717 989 aut
759 950 975 1002 potestate
1019 948 1262 989 valuissem.
1337 947 1419 989 Sed

27 1018 60 1043 15
81 1006 210 1047 homo
250 1006 302 1047 ad
341 1006 510 1048 caedem
550 1006 761 1048 inminens
799 1022 941 1048 meum
971 1022 1128 1048 nomen
1161 1007 1301 1061 operis
1336 1007 1417 1049 edi-

78 1064 216 1118 derat,
253 1065 448 1119 inperitis
487 1065 703 1106 iniecerat.
766 1064 872 1107 Cum
910 1066 960 1106 de
997 1081 1093 1106 mea
1133 1066 1344 1121 dignitate
1374 1066 1420 1107 in

77 1124 239 1178 templo
277 1123 392 1165 Iovis
432 1123 584 1177 optimi
620 1124 796 1165 maximi
834 1127 1008 1166 senatus
1046 1123 1418 1178 frequentissimus

77 1196 160 1223 uno
201 1182 283 1223 isto
316 1182 592 1224 dissentiente
626 1183 901 1235 decrevisset,
941 1183 1083 1224 subito
1115 1183 1192 1225 illo
1224 1183 1319 1237 ipso
1353 1182 1419 1224 die

80 1241 346 1282 carissimam
374 1256 586 1283 annonam
611 1256 688 1283 nec
715 1243 891 1296 opinata
916 1242 1061 1283 vilitas
1089 1245 1317 1284 consecuta
1344 1245 1419 1283 est.

26 1311 59 1336 20
79 1298 233 1354 Erant,
284 1300 356 1353 qui
407 1300 507 1341 deos
557 1300 824 1341 immortales
875 1300 936 1352 (id
980 1300 1092 1355 quod
1135 1314 1214 1355 ego
1260 1299 1417 1355 sentio)

79 1359 253 1398 numine
286 1372 361 1399 suo
389 1358 572 1399 reditum
600 1373 741 1399 meum
767 1359 955 1400 dicerent
981 1359 1300 1413 comprobasse;
1332 1373 1420 1400 non

79 1416 187 1456 nulli
223 1419 365 1457 autem
403 1416 523 1457 illam
561 1431 650 1458 rem
690 1417 742 1458 ad
779 1417 917 1471 ipsam
955 1417 1166 1459 rationem
1205 1418 1419 1459 coniectu-

80 1489 253 1529 ramque
285 1475 566 1529 revocabant,
600 1475 684 1529 qui,
717 1476 828 1530 quod
860 1476 904 1516 in
929 1490 1023 1517 meo
1050 1476 1191 1517 reditu
1218 1490 1314 1530 spes
1342 1476 1421 1517 otii

80 1536 122 1574 et
161 1533 409 1575 concordiae
452 1534 534 1575 sita
564 1534 807 1589 videbatur,
844 1534 890 1575 in
921 1534 1109 1576 discessu
1142 1536 1284 1576 autem
1317 1535 1420 1576 coti·

27 1602 61 1629 25
83 1591 231 1633 dianus
265 1592 485 1633 seditionis
517 1592 660 1646 timor,
691 1593 775 1634 iam
808 1607 942 1648 paene
968 1593 1073 1634 belli
1100 1593 1275 1647 depulso
1302 1595 1420 1634 metu

83 1652 389 1691 commutatam
416 1665 629 1693 annonam
656 1665 747 1693 esse
774 1652 988 1706 dicebant3
1016 1666 1122 1706 quae
1150 1652 1249 1705 quia
1274 1666 1418 1692 rursus

81 1709 124 1749 in
157 1723 249 1750 meo
282 1709 421 1750 reditu
451 1709 567 1751 facta
599 1713 691 1750 erat
723 1710 884 1763 durior,
917 1725 942 1751 a
974 1725 1052 1762 me,
1084 1710 1200 1752 cuius
1235 1710 1420 1751 adventu

81 1767 173 1808 fore
210 1768 423 1808 vilitatem
466 1768 569 1810 boni
605 1768 687 1809 viri
725 1768 998 1823 dictitabant,
1044 1783 1213 1810 annona
1250 1769 1418 1824 flagita-

82 1825 222 1867 batur.
270 1825 364 1880 Ego
399 1826 577 1881 denique
608 1841 696 1868 non
723 1828 860 1869 solum
887 1827 939 1868 ab
968 1827 1108 1881 operis
1134 1827 1220 1869 tuis
1246 1827 1420 1882 inpulsu

30 1895 63 1921 30
82 1886 156 1925 tuo
193 1885 464 1937 nominabar,
502 1885 575 1926 sed
613 1886 742 1927 etiam
781 1886 968 1939 depulsis
1001 1901 1049 1927 ac
1081 1886 1301 1940 dissipatis
1334 1886 1419 1926 tuis

84 1942 216 1996 copiis
255 1958 280 1984 a
321 1944 479 1997 populo
512 1943 707 1986 Romano
739 1944 956 1999 universo,
996 1945 1068 1999 qui
1099 1948 1191 1986 tum
1223 1944 1269 1985 in
1300 1943 1422 1997 Capi-

84 2001 239 2042 tolium
277 2005 552 2057 convenerat,
597 2017 692 2044 cum
729 2002 806 2044 illo
846 2002 911 2045 die
949 2003 1088 2044 minus
1127 2003 1331 2056 valerem,
1377 2002 1422 2042 in

85 2062 279 2100 senatum
309 2061 564 2103 nominatim
588 2061 786 2103 vocabar.
835 2060 946 2103 Veni
973 2064 1239 2117 expectatus3
1272 2060 1420 2101 multis

83 2117 169 2158 iam
203 2118 425 2160 sententiis
458 2119 582 2161 dictis
614 2122 791 2174 rogatus
819 2134 913 2161 sum
940 2120 1214 2172 sententiam,
1248 2118 1335 2159 dixi
1360 2118 1422 2159 rei

30 2187 63 2213 35
83 2175 278 2230 publicae
319 2177 662 2232 saluberrimam,
699 2178 805 2219 mihi
835 2179 1130 2220 necessariam.
1191 2177 1423 2218 Petebatur

85 2248 109 2274 a
141 2248 207 2274 me
238 2233 444 2276 frumenti
474 2236 607 2291 copia,
640 2251 831 2279 annonae
862 2237 1025 2290 vilitas3
1057 2250 1228 2290 possem
1262 2234 1423 2288 aliquid

83 2291 128 2332 in
178 2306 227 2333 ea
270 2306 315 2334 re
357 2307 507 2349 necne,
556 2294 668 2337 ratio
711 2309 797 2338 non
841 2294 1093 2338 habebatur.
1167 2293 1422 2349 Flagitabar

1445 405 1470 445 6

1446 457 1489 487 14

1447 1311 1489 1342 15

1449 1828 1471 1869 7

1449 2071 1490 2102 16
