1619 2542
164 93 249 134 186
474 92 539 127 DE
569 92 691 128 LEGE
718 92 935 127 AGRARIA
961 92 1138 128 ORATIO
1163 93 1189 129 Ι.

90 201 132 232 23
159 189 402 244 cogitarint.
463 187 673 242 ErrastiS,
705 188 851 242 Rulle,
882 189 1157 230 vehementer
1189 192 1232 230 et
1261 191 1308 230 tu
1341 192 1384 231 et
1414 204 1500 231 non

159 248 269 289 nulli
300 248 493 303 collegae
524 248 606 301 tui,
647 248 718 301 qui
752 247 957 301 sperastis
990 262 1066 288 vos
1100 250 1250 289 contra
1281 248 1500 289 consulem

159 306 361 357 veritate,
404 321 490 347 non
528 306 815 347 ostentatione
853 307 1106 360 popularem
1143 320 1269 359 posse
1300 306 1345 347 in
1383 321 1500 347 ever-

159 365 290 406 tenda
327 379 372 405 re
412 364 583 418 publica
621 364 851 419 populares
886 364 1135 406 existimari.
1196 364 1379 406 Lacesso
1410 379 1500 418 vos,

160 424 206 464 in
243 423 486 465 contionem
518 438 645 476 voco,
682 423 842 476 populo
880 423 1073 464 Romano
1113 423 1399 477 disceptatore
1436 423 1536 464 uti5

109 485 133 525 8
160 483 271 524 volo.
321 481 507 533 Etenim,
533 484 581 523 ut
607 482 997 536 circumspiciamus
1025 482 1180 535 omnia,
1206 497 1314 536 quae
1339 482 1500 537 populo

162 544 288 596 grata
326 543 454 594 atque
492 540 675 581 iucunda
717 544 834 594 sunt,
873 541 981 581 1111111
1013 544 1103 582 tam
1135 541 1341 595 populare
1374 555 1501 594 quam

160 614 327 654 pacem,
372 614 500 653 quam
545 599 834 653 concordiam,
880 614 1007 653 quam
1051 599 1187 640 otium
1227 599 1501 654 reperiemus.

162 657 404 699 Sollicitam
431 658 535 699 mihi
562 658 781 699 civitatem
808 658 1061 711 suspicione,
1094 672 1347 712 suspensam
1373 661 1502 712 metu,

161 717 457 771 perturbatam
495 717 652 758 vestris
690 716 858 770 legibus
897 719 940 757 et
978 716 1249 758 contionibus
1281 719 1324 757 et
1355 717 1556 758 deduc-1⁰

162 776 352 816 tionibus
373 775 629 829 tradidistis,
651 789 770 829 spem
790 775 998 829 improbis
1020 775 1282 829 ostendistis,
1300 776 1503 816 timorem

162 834 288 875 bonis
314 834 534 886 iiiiecistis,
559 834 687 875 fidem
715 833 764 874 de
783 833 891 887 foro,
920 834 1176 888 dignitatem
1197 834 1247 874 de
1267 849 1311 875 re
1331 834 1503 888 publica

93 905 137 935 24
164 892 414 934 sustulistis.
482 892 575 934 Hoc
614 895 734 933 motu
772 896 899 947 atque
936 892 1016 933 hac
1053 893 1376 946 perturbatione
1415 892 1502 934 ani-

164 966 332 993 morum
382 953 510 1005 atque
560 966 702 992 rerum
753 966 846 992 cum
892 951 1050 1005 populo
1095 951 1289 993 Romano
1333 965 1416 992 vox
1460 953 1504 992 et

165 1010 398 1051 auctoritas
431 1010 618 1051 consulis
651 1013 826 1064 repente
857 1009 902 1050 111
927 1009 1060 1050 tantis
1086 1010 1275 1051 tenebris
1300 1010 1503 1063 illuxerit,
1523 1019 1556 1046 15

164 1084 259 1110 cum
300 1068 537 1109 ostenderit
575 1068 683 1109 nihil
726 1082 817 1109 esse
855 1068 1146 1122 metuendum,
1186 1069 1352 1109 nullum
1390 1082 1503 1109 exer-

165 1127 314 1180 citum,
345 1127 508 1167 nullam
542 1141 728 1179 manum,
759 1126 900 1167 nullas
933 1127 1137 1180 colonias,
1167 1127 1331 1168 nullam
1362 1126 1503 1167 vendi-

164 1186 327 1227 tionem
360 1185 647 1239 vectigalium,
678 1185 845 1225 nullum
877 1185 1103 1238 imperium
1133 1199 1304 1238 novum,
1334 1185 1502 1226 nullum

165 1258 343 1299 regnum
383 1244 681 1295 decemvirale,
721 1243 883 1284 nullam
926 1244 1105 1284 alteram
1144 1243 1326 1284 Romam
1366 1258 1502 1297 neque

166 1303 296 1343 aliam
336 1302 477 1343 sedem
515 1302 685 1356 imperii
722 1302 846 1343 nobis
886 1302 1131 1343 consulibus
1168 1301 1360 1343 futuram
1391 1316 1503 1342 sum·
1522 1312 1556 1337 20

166 1375 365 1414 mamque
405 1361 768 1415 tranquillitatem
810 1360 927 1414 pac-is
966 1364 1093 1414 atque
1126 1360 1220 1414 otii,
1260 1360 1502 1414 verendum,

167 1420 304 1472 credo,
335 1419 460 1460 nobis
493 1419 586 1471 erit,
617 1433 669 1460 ne
695 1421 839 1460 vestra
870 1419 955 1460 ista
985 1419 1207 1473 praeclara
1238 1419 1307 1460 lex
1333 1418 1504 1473 agraria

96 1490 139 1521 25
167 1479 306 1534 magis
354 1478 577 1532 popularis
628 1491 719 1518 esse
769 1478 974 1518 videatur.
1047 1476 1154 1519 Cum
1199 1491 1298 1518 vero
1343 1478 1504 1519 scelera

168 1537 445 1579 consiliorum
482 1539 724 1577 vestrorum
766 1535 1044 1590 fraudemque
1085 1535 1192 1590 legis
1234 1538 1277 1576 et
1314 1536 1503 1589 insidias,

169 1610 276 1650 quae
328 1595 413 1648 ipsi
462 1595 621 1649 populo
670 1594 865 1636 Romano
916 1609 941 1635 a
989 1595 1269 1649 popularibus
1318 1594 1501 1635 tribunis
1522 1604 1555 1630 25

167 1654 307 1708 plebis
338 1654 463 1706 fiant,
501 1653 746 1705 ostendero,
784 1653 1101 1707 pertimescam,
1140 1652 1281 1705 credo,
1312 1667 1365 1694 ne
1396 1652 1503 1693 mihi

166 1727 254 1753 non
286 1712 414 1753 liceat
446 1716 596 1752 contra
626 1726 703 1752 vos
734 1712 779 1752 in
811 1711 1008 1753 contione
1040 1711 1283 1763 consistere,
1314 1725 1502 1764 praeser-

166 1770 246 1811 tim
297 1785 393 1811 cum
442 1770 549 1811 mihi
599 1770 881 1811 deliberatum
931 1773 974 1811 et
1017 1769 1298 1811 constitutum
1343 1769 1399 1810 sit
1440 1769 1504 1810 ita

168 1842 314 1883 gerere
359 1829 646 1882 consulatum,
691 1842 773 1882 quo
817 1843 900 1869 uno
939 1828 1064 1869 modo
1103 1827 1195 1882 geri
1232 1827 1421 1882 graviter
1461 1829 1504 1868 et

168 1887 301 1927 libere
344 1890 505 1940 potest,
549 1890 597 1927 ut
638 1901 774 1940 neque
814 1886 1079 1940 provinciam
1118 1900 1253 1939 neque
1296 1885 1504 1927 honorem
1521 1896 1557 1922 30

168 1959 302 1999 neque
354 1948 653 1986 ornamentum
703 1945 876 1998 aliquod
926 1948 1000 1986 aut
1048 1943 1318 1985 commodum
1366 1959 1503 1999 neque

169 2018 259 2045 rem
302 2003 455 2055 ullam,
501 2017 608 2056 quae
654 2018 679 2044 a
721 2003 893 2044 tribuno
937 2002 1074 2057 plebis
1118 2001 1315 2055 impediri
1352 2003 1503 2057 possit,

99 2073 142 2104 26
171 2062 438 2116 appetiturus
480 2061 573 2102 sim.
634 2061 750 2102 Dicit
785 2060 1132 2115 frequentissimo
1172 2064 1323 2101 senatu
1355 2061 1504 2102 consul

169 2120 375 2161 Kalendis
418 2119 629 2160 Ianuariis
675 2134 785 2172 sese,
829 2119 865 2160 si
908 2121 1047 2160 status
1090 2118 1161 2159 hic
1204 2119 1266 2160 rei
1309 2119 1503 2173 publicae

170 2181 342 2219 maneat
361 2191 497 2232 neque
518 2177 691 2231 aliquod
709 2178 930 2232 negotium
951 2177 1176 2230 exstiterit,
1197 2177 1306 2230 quod
1327 2178 1504 2219 honeste
1523 2187 1557 2213 35

170 2237 465 2290 subterfugere
505 2249 591 2276 11011
630 2237 788 2289 possit,
828 2236 873 2276 in
910 2235 1174 2288 provinciam
1213 2250 1299 2277 non
1331 2236 1504 2277 iturum.

171 2294 239 2336 Sic
277 2309 343 2336 me
381 2294 425 2335 in
464 2293 545 2335 hoc
583 2294 845 2348 magistratu
883 2307 1047 2348 geram,
1084 2296 1230 2346 patres
1263 2294 1505 2348 conscripti,
