1619 2542
513 74 614 109 CAP.
644 78 778 109 17—-21
807 78 825 117 ἓ
852 78 1004 110 40-50,
1376 80 1428 120 13

84 169 244 225 agitur:
280 182 372 212 CUM
405 181 510 211 ILLE
543 181 846 225 PossmERET,
880 173 922 212 et
953 171 1034 214 1100
1066 173 1270 228 amplius:
1303 186 1429 225 QUOD

83 239 174 270 NEC
201 241 248 269 VI
281 240 371 270 NEC
406 239 529 269 CLAM
561 240 652 271 NEC
684 241 910 272 PRECARIO
937 242 1232 274 POSSIDERET.
1288 232 1429 276 Multa

83 287 238 328 dantur
270 287 325 341 ei,
358 287 429 342 qui
461 287 503 328 vi
542 288 727 329 alterum
765 288 997 331 detrusisse
1036 290 1208 345 dicitur3
1249 306 1430 346 quorum

83 345 119 387 si
145 360 274 387 unum
303 346 525 401 quodlibet
550 347 734 401 probare
759 348 888 389 iudici
913 349 1113 403 potuerit,
1140 350 1311 392 etiamsi
1331 366 1430 393 con-

46 415 62 442 5
82 404 220 446 fessus
253 404 334 446 erit
366 419 410 446 se
441 404 484 446 vi
516 404 729 460 deiecisse,
761 406 906 448 vincat
935 421 1108 449 necesse
1135 412 1212 463 est,
1244 409 1312 451 vel
1343 424 1429 451 non

81 463 321 517 possedisse
354 477 466 517 eum,
506 464 578 517 qui
611 464 798 507 deiectus
832 465 905 520 sit,
943 466 1011 508 vel
1043 468 1085 508 vi
1119 468 1172 509 ab
1206 482 1250 510 se
1282 483 1429 522 posse-

82 521 193 563 disse
224 522 292 563 vel
324 522 435 564 clam
468 523 534 563 vel
566 524 772 578 precario.
833 524 904 577 Ei,
947 525 1019 579 qui
1052 525 1102 567 de
1133 526 1176 567 vi
1207 527 1428 569 confessus

81 583 210 634 esset,
248 583 315 622 tot
355 581 622 623 defensiones
661 586 807 624 tamen
846 583 895 624 ad
937 598 1109 626 causam
1150 585 1428 627 obtinendam

80 639 263 681 maiores
304 640 582 694 reliquerunt.
643 640 738 696 Age
778 641 887 682 illud
927 643 1112 684 alterum
1152 644 1428 687 interdictum

31 709 62 734 ιο
81 698 409 751 consideremus,
442 699 554 753 quod
585 700 689 741 item
714 714 827 742 nunc
853 704 918 742 est
944 702 1224 744 constitutum
1251 706 1429 759 propter

81 756 256 798 eandem
273 757 544 812 iniquitatem
565 761 807 813 temporum
827 759 1091 815 nimiamque
1116 761 1339 804 hominum
1360 796 1369 804 .
1391 796 1399 805 .
1419 796 1429 805 .

498 817 658 871 [Multa
688 819 999 871 desider-amma]

79 874 182 916 boni
208 875 364 917 debent
390 875 540 918 dicere.
590 876 735 931 Atque
767 876 842 918 ille
873 878 1013 933 legem
1046 878 1152 920 mihi
1185 879 1235 920 de
1266 892 1333 921 XII
1366 883 1428 922 ta-

79 933 192 975 bulis
224 934 439 988 recitavit,
478 949 585 990 quae
617 936 849 990 permittit,
889 941 937 978 ut
967 936 1106 978 furem
1137 941 1267 979 noctu
1299 939 1427 980 liceat

81 992 270 1034 occidere
308 996 350 1035 et
387 993 488 1047 luci,
527 994 563 1035 si
602 1008 646 1035 se
684 995 772 1035 telo
813 994 1030 1050 defendat,
1069 998 1111 1037 et
1149 997 1290 1053 legem
1323 998 1429 1039 anti-

28 1061 61 1088 15
82 1066 209 1106 quam
247 1052 297 1093 de
336 1052 506 1107 legibus
545 1053 743 1106 sacratis,
782 1068 890 1108 quae
927 1054 1074 1096 iubeat
1104 1055 1263 1109 inpune
1296 1056 1429 1098 occidi

81 1124 193 1163 eum,
232 1111 305 1165 qui
341 1111 564 1152 tribunum
596 1112 654 1167 pl.
685 1112 936 1167 pulsaverit.
998 1112 1138 1168 Nihil,
1176 1117 1225 1155 ut
1264 1115 1428 1170 opinor,

79 1172 302 1224 praeterea
334 1169 384 1211 de
417 1170 598 1226 legibus.
649 1171 739 1220 Qua
771 1171 817 1212 in
848 1186 893 1213 re
924 1171 1006 1214 1100
1037 1173 1225 1227 primum
1257 1188 1428 1228 quaero,

81 1227 181 1281 quid
219 1228 272 1269 ad
309 1228 390 1271 hoc
428 1229 632 1270 iudicium
663 1230 836 1271 recitari
867 1231 975 1272 istas
1008 1231 1134 1286 leges·
1158 1233 1428 1287 pertinuerit.

79 1284 196 1327 Num
233 1302 358 1341 quem
397 1288 617 1329 tribunum
652 1289 708 1342 pl.
742 1289 851 1330 servi
884 1288 941 1330 M.
972 1289 1086 1330 Tulli
1117 1291 1427 1345 pulsaverunt?

28 1356 62 1381 20
80 1343 180 1386 Non
220 1346 384 1401 opinor.
451 1345 567 1388 Num
613 1346 805 1388 furatum
848 1347 1019 1389 domum
1061 1348 1106 1391 P.
1146 1349 1256 1390 Fabi
1298 1353 1426 1391 noctuv

80 1405 316 1446 venerunt?
378 1404 443 1446 Ne
481 1405 524 1446 id
564 1405 745 1460 quidem.
808 1405 923 1447 Num
955 1407 1049 1448 luce
1080 1406 1273 1448 furatum
1304 1422 1426 1449 vene-

80 1464 181 1503 runt
212 1465 254 1504 et
286 1477 330 1504 se
361 1464 450 1505 telo
483 1463 789 1506 defenderunt?
844 1464 941 1506 Diei
972 1479 1058 1506 non
1089 1468 1248 1519 potest.
1308 1466 1426 1520 Ergo

80 1520 175 1561 istis
200 1521 380 1575 legibus,
413 1537 518 1576 quas
550 1523 756 1575 recitasti,
788 1525 900 1564 certe
926 1538 1012 1564 non
1035 1524 1179 1578 potuit
1209 1524 1335 1566 istius
1366 1525 1451 1577 fa—⁴

82 1579 201 1620 milia
233 1593 376 1621 servos
403 1579 459 1621 M.
485 1580 600 1621 Tulli
626 1581 826 1622 occidere.
878 1581 1020 1634 ‘Non’,
1051 1583 1203 1636 inquit,
1236 1583 1305 1625 ‘ad
1332 1598 1425 1625 eam

29 1649 61 1674 25
80 1652 169 1679 rem
201 1638 396 1692 recitavi,
428 1639 501 1680 sed
532 1641 580 1680 ut
610 1639 691 1680 hoc
722 1639 1014 1694 intellegeres,
1044 1655 1131 1682 non
1162 1641 1303 1683 visum
1334 1656 1426 1684 esse

81 1696 313 1738 maioribus
362 1698 524 1739 nostris
573 1700 664 1739 tam
706 1698 927 1754 indignum
971 1699 1084 1741 istuc
1125 1701 1269 1742 neseio
1314 1701 1426 1755 quid,

82 1769 209 1809 quam
246 1758 294 1797 tu
332 1759 477 1810 putas,
515 1756 731 1797 hominem
771 1756 937 1799 occidi'.
998 1757 1059 1799 At
1098 1759 1283 1813 primum
1315 1760 1425 1801 istae

80 1814 197 1867 ipsae
225 1815 354 1870 leges,
386 1829 493 1869 quas
519 1815 686 1868 recitas,
717 1817 766 1856 ut
792 1816 963 1857 mittam
989 1819 1142 1871 cetera,
1169 1817 1425 1873 significant,

81 1886 210 1926 quam
246 1873 463 1915 noluerint
502 1873 685 1915 maiores
722 1874 876 1928 nostri,
918 1874 1002 1916 nisi
1041 1890 1136 1917 cum
1173 1891 1423 1931 pernecesse

28 1942 63 1967 30
82 1934 211 1984 esset,
249 1931 468 1974 hominem
506 1932 651 1974 occidi.
712 1931 904 1974 Primum
935 1933 1021 1975 ista
1052 1934 1120 1976 lex
1148 1938 1316 1977 sacrata
1348 1939 1425 1988 est,

82 2003 209 2043 quam
240 1994 449 2046 rogarunt
482 1991 653 2043 armati,
684 1994 733 2032 ut
764 1991 947 2033 inermes
981 1992 1071 2034 sine
1102 1994 1291 2048 periculo
1330 2008 1424 2047 pos-

82 2051 176 2089 sent
202 2063 305 2090 esse.
356 2048 495 2098 Quare
519 2064 606 2091 non
637 2049 805 2103 iniuria,
838 2064 919 2104 quo
952 2051 1208 2106 magistratu
1234 2053 1423 2093 munitae

80 2107 195 2160 leges
235 2109 352 2161 sunt,
392 2107 481 2149 eius
513 2108 796 2164 magistratus
828 2123 980 2162 corpus
1013 2110 1183 2165 legibus
1214 2111 1423 2152 vallatum

81 2178 171 2206 esse
203 2166 438 2207 voluerunt.
499 2165 673 2219 Furem,
712 2167 794 2208 lioc
831 2170 897 2208 est
926 2168 1185 2222 praedonem
1217 2171 1259 2210 et
1290 2169 1421 2210 latro-

27 2233 61 2258 85
79 2237 188 2276 nem,
214 2223 307 2264 luce
333 2224 465 2266 occidi
491 2228 641 2266 vetant
666 2237 734 2267 XII
760 2225 948 2280 tabulae3
976 2241 1072 2268 cum
1097 2227 1212 2268 intra
1237 2227 1420 2281 parietes

81 2283 176 2322 tuos
202 2281 372 2324 hostem
403 2283 690 2326 certissimum
722 2287 880 2335 teneas,
910 2286 995 2326 nisi
1027 2300 1072 2327 se
1103 2285 1190 2327 telo
1223 2285 1421 2334 defendit,

1456 246 1499 276 45

1454 892 1497 924 47

1449 2180 1491 2211 50
