1619 2542
23 724 57 749 10

25 1016 58 1042 15

27 1309 61 1335 20

29 1601 63 1627 25

535 90 635 125 CAP.
664 95 753 125 7—9
781 95 799 132 g
825 95 975 125 23-27.
1336 91 1418 132 187

75 187 124 226 ut
162 185 326 240 possim
363 186 583 227 tribunum
623 186 762 240 plebis
794 186 855 227 rei
886 187 1083 241 publicae
1114 187 1273 229 iratum
1306 192 1419 230 coer-

75 258 186 297 cere,
218 244 324 285 mihi
356 244 515 286 iratum
548 252 828 286 contemnere.

165 302 302 352 Quam
336 303 390 344 ob
423 318 525 354 rem,
556 318 632 358 per
665 304 764 345 deos
794 304 1078 345 immortales!
1113 305 1305 359 colligite
1330 319 1421 359 vos,

76 361 240 402 tribuni
270 362 422 416 plebis,
455 361 637 403 deserite
670 377 754 415 eos,
787 377 811 403 a
844 363 1011 416 quibus,
1042 363 1127 404 nisi
1159 363 1419 418 prospicitis,

75 420 196 461 brevi
234 423 426 474 tempore
460 421 730 474 deseremini,
769 422 1011 475 conspirate
1042 422 1283 475 nobiscum,
1321 437 1418 464 con-

77 479 232 520 sentite
264 493 359 520 cum
385 479 522 533 bonis,
549 494 818 520 communem
844 495 934 520 rem
960 480 1176 534 publicam
1203 482 1419 522 communi

76 537 218 578 studio
251 539 380 592 atque
413 552 556 579 amore
590 538 814 579 defendite.
865 538 1004 579 Multa
1037 542 1136 580 sunt
1162 540 1332 581 occulta
1356 540 1419 581 rei

75 596 272 650 publicae
310 596 500 650 vulnera,
532 597 670 637 multa
700 596 963 637 nefariorum
995 597 1152 638 civium
1178 599 1419 653 perniciosa

76 654 272 708 consilia3
298 655 465 696 nullum
492 657 715 696 externum
741 655 978 708 periculum
1006 658 1083 709 est,
1109 671 1195 698 non
1221 672 1308 710 reX,
1333 672 1420 698 non

76 727 181 767 gens
230 714 338 767 ulla,
387 728 474 755 non
522 714 640 755 natio
685 714 1024 767 pertimescenda
1069 717 1155 765 est3
1205 715 1420 757 inclusum

76 772 255 826 malum,
292 773 547 813 intestinum
586 787 635 814 ac
668 772 949 814 domesticum
983 776 1059 814 est.
1120 773 1233 815 Huic
1263 789 1341 829 pro
1375 789 1419 815 se

77 830 256 884 quisque
286 834 481 872 nostrum
509 831 669 872 mederi
696 833 824 885 atque
851 832 931 873 hoc
958 846 1106 872 omnes
1134 847 1285 874 sanare
1310 833 1419 874 velle

76 890 289 931 debemus.
356 889 546 943 Erratis,
586 890 622 931 si
659 894 856 931 senatum
894 891 1078 945 probare
1117 905 1184 944 ea,
1222 906 1330 957 quae
1364 891 1421 932 di·

77 950 231 989 cuntur
272 963 297 990 a
340 963 425 1002 me,
467 948 650 1003 putatis,
694 949 902 1003 populum
944 952 1088 990 autem
1127 964 1219 991 esse
1257 950 1303 990 in
1336 951 1422 991 alia

79 1007 312 1048 voluntate
362 1006 532 1061 Omnes
565 1008 637 1061 qui
669 1022 713 1048 se
738 1007 975 1049 incolumes
1002 1008 1158 1063 volent,
1191 1012 1422 1063 sequentur

79 1066 381 1106 auctoritatem
420 1041 608 1108 considis
647 1066 777 1107 soluti
815 1081 840 1107 a
877 1042 1203 1121 cupiditatibus,
1240 1068 1366 1108 liberi
1398 1083 1422 1108 a

79 1124 257 1178 delictiS,
282 1125 397 1166 cauti
422 1125 465 1165 in
490 1124 703 1179 periculis,
729 1139 815 1166 non
834 1125 1006 1166 timidi
996 1140 1040 1166 111
1061 1126 1420 1167 contentionibus.

79 1182 239 1231 Quodsi
276 1183 348 1237 qui
385 1186 576 1225 vestrum
620 1197 695 1238 spe
733 1183 902 1225 ducitur
933 1198 977 1225 se
1008 1185 1422 1239 posseturbulenta

79 1241 244 1282 ratione
281 1242 435 1283 honori
471 1242 678 1284 velificari
715 1257 811 1296 suo,
848 1243 1035 1297 primum
1073 1258 1140 1284 me
1172 1244 1347 1285 consule
1379 1243 1423 1284 id

81 1314 252 1354 sperare
290 1300 488 1354 desistat,
530 1300 679 1342 deinde
718 1300 876 1342 habeat
914 1316 980 1342 1116
1012 1301 1153 1356 ipsum
1186 1302 1268 1343 sibi
1301 1302 1417 1343 docu-

81 1361 238 1412 mento,
264 1373 389 1413 quem
416 1360 603 1414 equestri
631 1362 772 1401 ortum
800 1360 894 1401 loco
922 1361 1139 1401 consulem
1160 1360 1288 1410 videt,
1315 1375 1422 1414 quae

80 1417 196 1458 vitae
220 1417 291 1458 via
314 1417 520 1459 facillime
548 1418 660 1459 vii-os
687 1419 822 1459 bonos
845 1418 896 1459 ad
918 1418 1126 1459 honorem
1147 1419 1424 1473 dignitatem-

83 1489 163 1528 que
211 1475 426 1529 perducat.
501 1476 661 1525 Quodsi
704 1490 780 1517 vos
824 1478 1016 1517 vestrum
1066 1477 1173 1517 mihi
1222 1477 1423 1530 studium,

82 1535 227 1587 patres
260 1534 498 1588 conscripti,
531 1535 583 1575 ad
615 1548 882 1575 communem
916 1535 1172 1589 dignitatem
1200 1535 1423 1576 defenden-

85 1591 181 1632 dam
212 1592 490 1646 profitemini,
528 1592 746 1647 perficiam
778 1593 989 1646 profecto,
1020 1593 1062 1633 id
1095 1593 1207 1647 quod
1239 1594 1423 1635 maxime

82 1664 148 1691 res
174 1650 345 1705 publica
370 1650 594 1703 desiderat,
619 1653 666 1691 ut
691 1651 818 1691 huius
845 1651 1010 1692 ordinis
1037 1653 1283 1706 auctoritas,
1316 1667 1423 1707 quae

84 1709 197 1763 apud
234 1709 417 1751 maiores
454 1712 626 1751 nostros
664 1708 764 1763 fuit,
805 1709 950 1750 eadem
990 1725 1101 1751 nunc
1133 1712 1264 1767 longo
1296 1712 1424 1752 inter-

83 1768 200 1809 vallo
231 1768 293 1809 rei
324 1768 521 1822 publicae
553 1767 754 1808 restituta
787 1782 878 1808 esse
910 1768 1116 1810 videatur.
