1619 2542
481 78 580 113 CAP.
612 82 749 114 16—18
777 82 796 119 ,Ξ
823 82 972 114 36-40.
1348 81 1399 121 31

55 175 186 228 falso,
220 175 313 230 quis
344 175 504 230 negat?
546 190 693 216 verum
732 177 873 216 tamen
909 175 963 216 ab
1001 174 1174 217 inimico
1215 175 1328 218 dicta
1361 179 1404 218 et

57 234 234 276 obiecta.
297 233 433 282 Quam
466 234 605 274 multa
635 233 699 275 Μ’.
725 234 925 289 Aquilius
958 234 1124 276 audivit
1155 235 1199 275 in
1232 249 1307 276 suo
1341 235 1401 277 iu-

58 293 185 337 dicio
218 308 345 347 quam
377 293 515 334 multa
546 292 591 333 L.
626 292 765 343 Cotta,
800 292 979 347 denique
1012 293 1057 336 P.
1089 293 1294 335 Rutilius!
1329 294 1403 348 qui

59 352 140 393 etsi
172 352 398 394 damnatus
431 354 508 405 est,
540 351 647 392 mihi
672 352 841 393 videtur
866 354 1012 393 tamen
1043 352 1156 393 inter
1188 352 1304 394 viros
1332 368 1402 407 op-

21 411 187 452 5timos
232 413 359 477 atque
402 410 775 452 innocentissimos
820 425 911 452 esse
951 411 1252 453 numerandus.
1322 411 1402 453 Ille

57 470 191 524 igitur
233 469 325 523 ipse
368 469 499 510 homo
548 469 845 511 sanctissimus
890 484 938 512 ac
980 470 1401 524 temperantissimus

59 529 196 570 multa
223 528 386 569 audivit
417 528 462 569 in
489 542 566 569 sua
598 543 738 581 causa,
772 543 878 583 quae
912 528 965 570 ad
997 529 1284 584 suspicionem
1316 532 1402 571 stu-

57 602 232 641 prorum
253 602 302 629 ac
321 587 547 628 libidinum
567 587 845 641 pertinerent.
896 589 978 639 [29]
1004 588 1140 629 Extat
1161 589 1298 630 oratio
1325 589 1401 630 ho-
1428 600 1471 630 39

58 646 198 699 minis,
227 648 277 687 111,
303 646 446 701 opinio
481 660 575 687 mea
600 646 706 698 fert,
737 649 985 687 nostrorum
1018 647 1239 688 hominum
1273 648 1401 703 longe

8 716 40 741 10
57 705 391 760 ingeniosissimi
431 707 557 759 atque
596 705 956 759 eloquentissimi,
996 704 1040 747 C.
1079 705 1278 759 Gracchi3
1319 721 1402 761 qua

57 764 101 806 in
133 764 326 806 oratione
364 764 582 819 permulta
618 764 663 805 in
693 763 739 804 L.
770 763 974 805 Pisonem
1012 765 1155 819 turpia
1194 780 1242 807 ac
1280 765 1401 820 fiagi-

56 823 169 864 tiosa
201 823 410 865 dicuntur.
473 824 532 863 At
562 823 607 864 in
639 837 765 877 quem
797 824 955 864 virum!
990 823 1061 877 qui
1093 826 1217 865 tanta
1242 824 1402 865 virtute

58 886 185 937 atque
216 882 465 936 integritate
496 882 591 935 fuit,
623 885 671 923 ut
698 882 829 923 etiam
860 882 949 923 illis
978 883 1166 936 optumis
1198 883 1399 937 tempori-

57 942 149 994 bus,
181 956 276 983 cum
301 941 522 982 hominem
553 941 743 982 invenire
775 955 959 995 nequam
992 941 1207 982 neminem
1239 956 1400 996 posses

7 1011 38 1037 15
59 1000 176 1042 solus
208 1003 354 1041 tamen
384 999 518 1055 Frugi
554 999 861 1041 nominaretur.
925 998 1060 1048 Quem
1092 1014 1187 1041 cum
1227 1004 1273 1041 in
1305 1015 1401 1042 con-

56 1060 217 1100 tionem
257 1059 474 1101 Gracchus
516 1059 660 1100 vocari
696 1059 863 1100 iuberet
901 1061 944 1100 et
980 1059 1121 1100 viator
1165 1062 1401 1114 quam—‚eret

58 1132 182 1173 quem
201 1117 426 1184 Pisonem,
441 1117 553 1171 quod
573 1119 696 1159 erant
720 1118 882 1172 plures:
917 1116 1085 1170 ‘Coois
1112 1118 1205 1158 me'
1209 1151 1220 1171 ,
1250 1118 1401 1172 inquit,

58 1176 258 1218 dicere:
284 1176 545 1218 inimicum
566 1191 726 1217 meum
746 1175 930 1231 F1ugi’.
962 1176 1004 1218 13
1024 1177 1158 1227 1ο1·1111
1178 1176 1254 1226 vir,
1275 1191 1401 1232 quem

56 1250 110 1277 116
134 1235 332 1276 inimicus
359 1235 529 1290 quidem
556 1235 694 1276 satis
682 1250 726 1276 111
752 1236 1010 1301 appellando
1037 1214 1279 1290 significare
1309 1238 1402 1290 pot-

6 1305 40 1331 20
60 1298 162 1347 erat,
193 1294 278 1335 nisi
311 1297 410 1335 ante
442 1294 673 1348 laudasset,
707 1294 779 1349 qui
810 1309 894 1336 uno
929 1294 1184 1349 cognomine
1219 1294 1401 1336 declara-

58 1353 186 1394 batur
221 1367 308 1394 non
346 1353 472 1394 modo
512 1353 606 1407 quis
645 1355 774 1405 esset,
819 1353 888 1394 sed
929 1353 1058 1393 etiam
1099 1353 1237 1407 qualis
1277 1356 1401 1407 esset,

58 1414 203 1453 tamen
233 1412 278 1452 in
308 1411 464 1452 falsam
497 1414 625 1465 atque
662 1412 854 1466 iniquam
890 1412 1148 1466 probrorum
1180 1412 1397 1452 insimul-a-

58 1471 219 1511 tionem
245 1471 503 1523 vocabatur3
547 1472 628 1522 [30]
662 1469 719 1510 Μ.
743 1469 947 1511 Fonteius
979 1470 1042 1510 ita
1074 1469 1238 1511 duabus
1271 1470 1398 1511 actio·
1427 1481 1470 1512 40

58 1529 185 1569 nibus
217 1531 438 1570 accusatus
472 1531 547 1579 est,
578 1531 626 1569 ut
659 1529 874 1569 obiectum
904 1527 1012 1568 nihil
1046 1528 1120 1581 sit,
1154 1543 1237 1582 quo
1271 1528 1399 1584 signi-

6 1598 39 1624 25
58 1587 177 1629 ficari
211 1587 438 1642 vestigium
470 1586 672 1640 libidinis,
704 1586 980 1641 petulantiae,
1014 1587 1294 1641 crudelitatis,
1326 1602 1399 1629 311-

60 1646 204 1688 daciae
236 1646 391 1699 possit,
422 1660 508 1686 non
540 1645 665 1686 modo
697 1645 862 1686 nullum
897 1644 1062 1686 facinus
1095 1645 1221 1686 huius
1254 1649 1397 1701 protu-

58 1706 210 1755 lerunt,
244 1705 316 1745 sed
347 1719 400 1745 ne
433 1704 593 1745 dictum
621 1703 790 1758 quidem
823 1704 995 1757 aliquod
1020 1704 1396 1758 reprehenderunt.

59 1764 153 1816 [14]
188 1762 359 1816 Quodsi,
389 1766 463 1804 aut
483 1765 689 1818 quantam
714 1763 985 1804 voluntatem
1006 1763 1168 1804 habent
1202 1763 1254 1804 ad
1286 1763 1396 1806 hunc
1416 1765 1469 1806 18

61 1821 387 1877 opprimendum
408 1825 481 1863 3111
502 1824 706 1876 quantam
727 1821 780 1862 ad
800 1821 912 1862 male
926 1821 1149 1863 dicendum
1169 1822 1399 1873 licentiam,

8 1883 228 1922 Sotantum
265 1881 474 1922 haberent
511 1882 585 1921 aut
623 1880 676 1921 ad
714 1880 1026 1922 ementiendum
1064 1881 1195 1922 animi
1234 1885 1308 1922 aut
1346 1881 1399 1922 ad

59 1939 306 1994 fingendum
331 1939 505 1995 ingenii,
536 1953 622 1980 non
649 1938 825 1979 meliore
850 1939 1024 1980 fortuna
1050 1939 1103 1980 ad
1128 1939 1288 1994 probra
1312 1954 1400 1981 non

61 1998 269 2039 audienda
294 1998 349 2039 M.
370 1998 572 2039 Fonteius
599 2012 726 2052 quam
759 1997 836 2050 illi,
869 1997 918 2039 de
946 1998 1099 2052 quibus
1126 2000 1254 2039 antea
1285 2012 1399 2040 com-

60 2057 307 2110 memoravi,
327 2056 490 2098 fuisset.
521 2056 654 2112 Frugi
674 2056 807 2110 igitur
825 2055 1056 2110 hominem,
1076 2056 1248 2109 iudices,
1272 2057 1398 2111 frugi,

60 2115 252 2169 inquam,
285 2117 328 2156 et
358 2115 403 2156 in
434 2115 633 2157 omnibus
665 2115 779 2156 vitae
816 2115 1012 2169 partibus
1050 2115 1317 2156 moderatum
1351 2129 1398 2156 ac

9 2182 42 2209 85
60 2175 385 2228 temperantem,
415 2174 591 2228 plenum
622 2173 813 2228 pudoris,
846 2173 1019 2227 plenum
1052 2174 1193 2227 officii,
1224 2173 1398 2226 plenum

61 2231 281 2286 religionis
312 2232 466 2273 videtis
496 2232 686 2287 positum
717 2232 764 2272 in
795 2235 938 2273 vestra
969 2232 1051 2273 fide
1090 2247 1137 2273 ac
1169 2234 1397 2286 potestate,

62 2292 187 2344 atque
219 2290 293 2343 ita,
325 2292 373 2331 ut
398 2291 650 2332 commissus
683 2290 739 2332 sit
769 2290 879 2344 fidei,
909 2291 1145 2346 permissus
1177 2290 1396 2345 potestati.
