1687 2533
178 423 222 455 23

246 83 332 124 466
441 84 503 119 DE
528 84 665 120 DOMO
694 84 785 119 sUA
809 84 874 118 AD
900 83 1180 119 PONTIFICES
1209 84 1400 120 ORATIO.

249 179 475 221 ordinariis
525 180 812 234 potestatibus
862 180 1109 220 libertatem
1159 179 1401 222 ademisses.
1468 179 1582 229 Quas

249 242 324 279 aut
354 253 585 293 numquam
618 238 697 279 tibi
728 239 802 279 ille
834 238 1000 279 litteras
1033 237 1150 279 misit
1183 241 1273 291 aut,
1305 238 1341 279 si
1372 238 1508 292 misit,
1540 239 1584 279 in

249 297 446 338 contione
484 297 657 338 recitari
688 297 839 338 noluit.
900 296 978 350 At,
1018 296 1108 337 sive
1139 296 1211 337 ille
1244 296 1377 350 misit,
1416 297 1503 338 sive
1535 299 1583 338 tu

248 355 424 409 finxisti,
456 358 568 397 certe
601 355 825 396 consilium
857 357 978 396 tuum
1011 355 1060 396 de
1088 353 1265 396 Catonis
1298 355 1458 396 honore
1489 355 1581 396 illa-

248 429 342 455 rum
368 414 611 455 litterarum
637 413 887 455 recitatione
912 413 1175 468 patefactum
1201 416 1275 454 est.
1321 412 1402 455 Sed
1428 413 1580 455 omitto
1600 423 1617 449 5

250 471 468 525 Catonem,
495 472 611 526 cuius
639 472 793 513 eximia
818 472 966 525 virtus,
992 472 1178 526 dignitas
1200 474 1242 513 et
1261 471 1307 512 in
1326 486 1375 513 eo
1394 471 1583 527 negotio,

249 531 361 585 quod
417 531 567 585 gessit,
616 531 719 571 fides
769 533 812 572 et
862 530 1124 572 continentia
1173 533 1317 586 tegere
1367 530 1583 572 videretur

247 589 557 644 inprobitatem
598 592 640 630 et
671 589 778 644 legis
812 591 854 630 et
886 589 1064 630 actionis
1095 591 1212 642 tuae3
1252 588 1380 643 quid?
1417 589 1582 630 homini

247 651 345 702 post
376 648 571 689 homines
603 651 729 689 natos
762 647 1032 701 turpissimo,
1065 647 1407 700 sceleratissimo,
1439 650 1580 689 conta-

248 706 533 748 minatissimo
579 706 673 760 quis
711 706 832 748 illam
871 706 1058 760 opimam
1095 705 1365 760 fertilemque
1404 704 1580 760 Syriam,
1601 715 1635 739 1⁰

248 765 342 820 quis
376 765 536 806 bellum
564 779 655 806 cum
679 765 966 820 pacatissimis
994 765 1207 820 gentibus,
1239 765 1333 819 quis
1358 764 1582 819 pecuniam

248 823 301 865 ad
339 823 537 865 emendos
576 837 702 879 agros
735 824 1013 865 constitutam
1045 825 1234 877 ereptam
1267 837 1317 864 ex
1348 822 1580 864 visceribus

248 882 417 935 aerarii,
457 883 550 936 quis
592 882 818 937 imperium
850 883 1062 923 infinitum
1096 881 1240 922 dedit?
1302 879 1381 922 Cui
1411 881 1581 935 quidem

247 956 342 982 cum
376 939 568 982 Ciliciam
602 941 801 994 dedisses,
833 940 1011 981 mutasti
1042 940 1284 994 pactionem
1316 942 1359 981 et
1387 938 1582 981 Ciliciam

249 999 301 1041 ad
327 1002 570 1054 praetorem
597 1000 699 1040 item
726 1002 847 1040 extra
874 999 1063 1040 ordinem
1090 998 1368 1050 transtulisti3
1397 997 1579 1039 Gabinio
1601 1005 1634 1031 15

247 1058 386 1112 pretio
426 1058 688 1112 amplificato
723 1056 889 1111 Syriam
927 1057 1182 1098 nominatim
1215 1056 1380 1098 dedisti.
1443 1056 1580 1105 Quid?

247 1116 411 1157 homini
443 1116 703 1169 taeterrimo,
734 1116 1038 1169 crudelissimo,
1068 1115 1359 1168 fallacissimo,
1391 1115 1581 1157 omnium

248 1175 453 1216 scelerum
486 1174 795 1228 libidinumque
827 1174 1004 1215 maculis
1034 1174 1320 1227 notatissimo,
1351 1172 1398 1215 L.
1423 1173 1583 1226 Pisoni,

246 1247 385 1274 nonne
417 1232 671 1274 nominatim
704 1233 886 1287 populos
918 1233 1076 1273 liberos
1108 1232 1256 1273 multis
1289 1234 1460 1273 senatus
1486 1246 1580 1273 con-

248 1291 392 1344 sultis,
448 1291 577 1332 etiam
633 1291 793 1333 recenti
849 1292 942 1346 lege
994 1291 1140 1345 generi
1189 1290 1323 1345 ipsius
1374 1290 1579 1331 liberatos
1600 1299 1635 1323 20

246 1350 412 1391 vinctos
446 1353 489 1390 et
520 1350 776 1391 constrictos
803 1349 1046 1391 tradidisti?
1109 1348 1278 1401 Nonne,
1317 1363 1412 1390 cum
1444 1349 1497 1389 ab
1530 1363 1580 1390 eo

247 1423 407 1450 merces
446 1409 510 1449 tui
548 1408 742 1450 beneficii
778 1408 1047 1463 pretiumque
1086 1407 1328 1462 provinciae
1360 1421 1454 1448 meo
1487 1421 1581 1448 san-

248 1467 375 1522 guine
407 1466 488 1507 tibi
520 1469 633 1508 esset
663 1467 950 1522 persolutum,
987 1470 1131 1508 tamen
1162 1466 1372 1507 aerarium
1404 1480 1499 1507 cum
1531 1480 1580 1506 eo

247 1525 432 1579 partitus
481 1526 554 1566 es?
619 1525 741 1567 Itane
784 1526 914 1567 vero?
964 1528 1011 1566 tu
1054 1524 1293 1579 provincias
1333 1523 1580 1577 consularis,

249 1598 354 1638 quas
393 1583 436 1625 C.
470 1583 702 1636 Gracchus,
747 1585 819 1638 qui
863 1599 970 1625 unus
1008 1584 1191 1625 maxime
1230 1582 1448 1637 popularis
1485 1582 1579 1636 fuit,
1599 1590 1632 1616 25

246 1657 333 1683 non
360 1642 485 1684 modo
510 1657 597 1683 non
622 1643 802 1697 apstulit
826 1657 850 1684 a
876 1645 1040 1696 senatu,
1072 1641 1145 1683 secl
1170 1641 1311 1694 etiam,
1336 1643 1384 1682 ut
1408 1655 1579 1682 necesse

249 1703 361 1741 esset
400 1701 631 1754 quotannis
670 1700 873 1743 constitui
904 1715 980 1755 per
1012 1703 1203 1742 senatum
1239 1700 1448 1753 decretas,
1485 1699 1579 1753 lege

249 1759 406 1812 sanxit,
445 1773 515 1800 eas
547 1760 641 1814 lege
674 1759 926 1814 Sempronia
963 1773 1039 1814 per
1071 1761 1264 1800 senatum
1297 1758 1486 1799 decretas
1518 1772 1579 1798 re-

249 1817 430 1870 scidisti,
468 1820 588 1858 extra
626 1818 819 1859 ordinem
857 1818 945 1858 sine
981 1819 1094 1859 sorte
1131 1816 1386 1858 nominatim
1425 1815 1579 1856 dedisti

247 1889 334 1917 non
371 1876 634 1929 consulibus,
673 1876 744 1917 sed
782 1876 842 1917 rei
880 1875 1077 1930 publicae
1108 1875 1319 1929 pestibus,
1355 1887 1434 1915 nos
1467 1874 1577 1927 quod
1597 1882 1632 1908 30

246 1933 501 1975 nominatim
527 1934 588 1974 rei
608 1935 817 1975 maximae
836 1949 971 1988 paene
990 1934 1076 1975 iam
1097 1933 1344 1987 desperatae
1365 1947 1579 1974 summum

248 1992 387 2034 virum
427 2006 552 2046 saepe
591 1992 643 2033 ad
681 1996 871 2034 extrema
908 1993 968 2033 rei
1005 1992 1202 2047 publicae
1235 1990 1479 2032 discrimina
1511 1990 1578 2031 de-

180 2051 234 2092 10
249 2051 407 2092 lectum
438 2049 736 2105 praefecimus,
769 2066 794 2092 a
824 2053 867 2092 te
899 2050 1283 2104 reprehendemur?
1347 2048 1455 2097 Quid
1486 2051 1578 2090 tan-

250 2109 374 2150 dem?
407 2109 460 2162 si,
493 2123 598 2163 quae
630 2111 723 2149 tum
754 2109 798 2150 in
829 2109 915 2150 illis
946 2109 1008 2150 rei
1037 2109 1233 2162 publicae
1264 2107 1452 2148 tenebris
1485 2121 1576 2148 cae-

248 2167 391 2221 cisque
410 2167 595 2208 nubibus
616 2170 657 2208 et
676 2167 884 2221 procellis,
904 2182 999 2209 cum
1019 2170 1213 2208 senatum
1235 2181 1259 2207 a
1279 2165 1576 2221 gubernaculis
1595 2173 1629 2200 35

249 2225 488 2280 deiecisses,
530 2226 736 2280 populum
780 2240 801 2267 e
848 2225 946 2267 navi
984 2225 1274 2278 exturbasses,
1316 2224 1407 2279 ipse
1445 2223 1577 2265 archi-

247 2283 388 2337 pirata
426 2298 520 2326 cum
559 2297 687 2339 grege
719 2283 980 2338 praedonum
1010 2283 1285 2337 inpurissimo
1317 2281 1576 2337 plenissimis
