1687 2533
588 523 673 577 'M.
713 531 902 577 TULLI
940 530 1267 579 CICERONIS

270 638 545 705 ORATIO,
591 639 737 694 CUM
780 640 1049 695 POPULO
1094 640 1392 697 GRATIAS
1429 641 1608 695 EGIT.

416 824 795 864 ARGUMENTUM
827 825 1053 864 VETERIS
1086 825 1462 865 ENARRATORIS

341 896 412 933 AB
443 895 661 934 ANGELO
695 895 829 934 MAIO
861 896 1070 935 EDITUM
1103 897 1169 934 ET
1204 897 1533 936 SUPPLETUM.

364 973 635 1017 Argumentum
659 973 768 1007 huius
795 973 973 1007 orationis
1001 973 1194 1008 Tullianae
1220 985 1372 1018 prorsus
1398 985 1482 1008 oum
1502 984 1608 1019 supe-

271 1020 367 1054 riore
394 1030 587 1055 commune
615 1022 680 1054 est.
723 1021 932 1054 Restitutus
959 1020 1007 1055 M.
1035 1020 1188 1063 Tullius,
1217 1021 1316 1065 quod
1343 1021 1500 1056 eandem
1527 1032 1610 1055 cau-

272 1078 350 1102 sam
370 1067 541 1102 beneficii
560 1066 715 1101 videbat
733 1067 772 1100 in
792 1078 896 1101 suam
918 1067 1140 1111 dignitatem
1160 1078 1275 1112 prope
1299 1069 1463 1102 omnium
1484 1069 1611 1103 favore

272 1114 412 1157 collati,
439 1126 522 1148 cum
543 1115 684 1157 gratias
705 1115 844 1157 egisset
865 1115 1022 1156 senatui,
1049 1115 1163 1148 etiam
1184 1115 1321 1159 populo
1343 1117 1611 1159 consequenter

272 1161 436 1205 agendas
473 1161 677 1195 arbitratus
715 1161 754 1194 in
792 1161 1002 1195 contionem
1040 1163 1220 1205 processit
1252 1164 1289 1196 et
1321 1163 1450 1196 eadem
1482 1173 1611 1207 paene,

272 1219 366 1252 quae
411 1207 509 1252 apud
552 1210 678 1252 patres
716 1208 944 1253 conscriptos
984 1208 1142 1249 dixerat,
1186 1220 1284 1242 nunc
1323 1210 1435 1243 etiam
1472 1209 1610 1254 populo

273 1255 446 1289 audiente
478 1258 671 1299 percenset
702 1255 838 1299 magis,
871 1258 913 1289 ut
939 1255 1084 1299 opinor,
1117 1256 1259 1300 gloriae
1286 1267 1375 1290 suae
1402 1256 1610 1298 consulens,

272 1305 314 1336 ut
346 1302 579 1336 existimetur
610 1302 774 1336 omnium
807 1302 977 1336 ordinum
1013 1314 1193 1337 consensu
1219 1302 1409 1337 restitutus
1433 1314 1501 1337 nec
1531 1303 1611 1337 ulla

271 1361 358 1394 pars
390 1349 519 1394 populi
553 1349 599 1383 ab
626 1360 693 1383 sua
718 1349 904 1393 dignitate
930 1349 1162 1392 dissenserit,
1199 1360 1270 1393 quo
1296 1349 1474 1384 videlicet
1497 1350 1610 1385 hone-

273 1396 366 1431 stius
399 1397 582 1440 gloriatur
606 1396 857 1430 necessarium
883 1407 921 1430 se
947 1397 1108 1431 tuendae
1133 1397 1276 1441 patriae
1299 1397 1513 1431 iudicatum.
1563 1397 1613 1431 Et

272 1443 333 1478 hic
359 1443 474 1487 igitur
494 1443 811 1477 demonstratione
839 1444 1030 1487 qualitatis
1056 1445 1188 1488 implet
1207 1443 1482 1478 exsecutionem
1502 1444 1612 1478 simul

274 1492 312 1525 et
343 1490 523 1525 beneficia
555 1501 849 1525 commemorans
882 1492 920 1525 et
952 1491 1027 1525 vim
1060 1492 1231 1534 querelae
1256 1491 1295 1525 in
1320 1491 1499 1526 invidiam
1525 1502 1610 1526 con-

273 1537 394 1572 ferens
426 1537 676 1580 inimicorum,
709 1538 796 1581 quia
826 1537 904 1572 sive
938 1539 1106 1572 auctores
1138 1538 1287 1572 fuerant
1311 1537 1506 1573 exsulandi
1531 1537 1610 1573 sive

275 1585 362 1628 quia
387 1584 450 1618 diu
475 1584 694 1619 facultatem
719 1595 794 1619 non
819 1584 1066 1629 permiserant
1090 1584 1310 1619 revertendi.

225 1774 247 1812 1
363 1772 483 1821 Quod
520 1777 716 1827 precatus
755 1789 780 1815 a
812 1774 913 1815 Iove
951 1775 1113 1828 optimo
1152 1774 1337 1816 maximo
1376 1774 1611 1829 ceterisque

230 1824 248 1853 1
276 1832 340 1872 dis
371 1832 689 1874 immortalibus
723 1848 834 1883 sum,
866 1832 1065 1886 Quirites,
1101 1848 1148 1874 eo
1181 1836 1384 1887 tempore,
1416 1847 1512 1874 cum
1543 1847 1611 1874 me

274 1890 552 1944 fortunasque
594 1906 710 1932 meas
747 1906 824 1946 pro
862 1895 1006 1933 vestra
1043 1892 1356 1945 incolumitate,
1395 1891 1482 1932 otio
1515 1906 1611 1933 con-

276 1948 501 2003 cordiaque
529 1949 689 2001 devovi,
716 1953 775 2004 ut,
803 1950 837 1991 si
863 1964 979 1991 meas
1006 1951 1191 1991 rationes
1218 1964 1420 2004 umquam
1444 1952 1610 1992 vestrae

277 2007 407 2048 saluti
438 2008 787 2062 anteposuissem,
820 2009 1123 2063 sempiternam
1150 2022 1331 2063 poenam
1357 2008 1610 2050 sustinerem
1629 2019 1647 2046 5

277 2081 371 2107 mea
402 2066 624 2107 voluntate
657 2070 910 2121 susceptam,
943 2068 1008 2108 sin
1040 2070 1082 2107 et
1114 2081 1173 2120 ea,
1206 2081 1313 2121 quae
1345 2069 1444 2108 ante
1470 2081 1612 2122 gesse-

276 2139 386 2177 ram,
427 2125 739 2166 conservandae
777 2125 964 2166 civitatis
997 2139 1125 2166 causa
1156 2126 1382 2180 gessissem
1417 2128 1460 2166 et
1489 2126 1611 2166 illam

277 2183 476 2224 miseram
526 2182 834 2238 profectionem
879 2187 1045 2225 vestrae
1095 2184 1246 2225 salutis
1290 2184 1430 2239 gratia
1473 2198 1610 2226 susce-

276 2242 451 2296 pissem,
485 2244 559 2294 ut,
583 2241 695 2295 quod
727 2242 870 2283 odium
903 2242 1100 2283 scelerati
1130 2242 1323 2284 homines
1357 2245 1399 2283 et
1431 2242 1610 2284 audaces

276 2301 320 2341 in
356 2314 446 2340 rem
486 2300 701 2355 publicam
742 2303 784 2341 et
821 2300 866 2341 in
897 2315 1042 2342 omnes
1075 2300 1210 2342 bonos
1243 2303 1494 2355 conceptum
1525 2301 1611 2342 iam
1631 2311 1664 2337 10
