1687 2533
159 1561 200 1592 16

215 103 301 145 380
532 101 626 137 PRO
647 99 831 136 ARCHIA
856 98 1018 134 POETA
1044 97 1233 134 ORATIO.

214 216 319 242 num
351 199 590 242 cotidianos
622 197 809 252 impetus
842 195 1106 237 obiecissem.
1150 192 1231 235 Sed
1263 193 1380 248 pleni
1411 207 1556 234 omnes

217 262 316 301 sunt
367 258 486 311 libri,
536 257 688 311 plenae
740 254 998 310 sapientium
1049 267 1191 306 voces,
1239 253 1367 306 plena
1423 266 1557 293 exem-

218 319 391 373 plorum
417 319 629 369 vetustas3
663 328 770 368 quae
796 315 985 354 iacerent
1009 313 1055 353 in
1078 311 1267 353 tenebris
1294 310 1450 364 omnia,
1474 309 1559 352 nisi

216 377 458 418 litterarum
489 376 635 415 lumen
667 371 895 414 accederet.
939 370 1075 419 Quam
1108 370 1266 411 multas
1297 369 1422 411 nobis
1453 369 1559 410 ima-

219 436 338 490 gines
370 449 458 475 non
491 433 630 475 solum
663 431 716 473 ad
747 430 1011 484 intuendum,
1042 444 1191 470 verum
1223 428 1352 470 etiam
1384 428 1439 470 ad
1468 428 1596 469 imi-5

219 494 399 535 tandum
431 492 767 533 fortissimorum
793 489 984 531 virorum
1012 502 1235 543 expressas
1263 487 1492 542 scriptores
1518 489 1561 527 et

220 552 371 594 Graeci
410 554 452 592 et
482 550 628 592 Latini
666 548 948 602 reliquerunt!
988 561 1093 601 quas
1132 559 1212 600 ego
1250 546 1357 587 mihi
1394 559 1562 600 semper

219 612 265 652 in
310 608 651 652 administranda
695 622 740 648 re
783 607 956 662 publica
998 619 1241 660 proponens
1287 605 1475 646 animum
1520 606 1562 645 et

226 672 414 711 mentem
440 683 581 709 meam
606 667 702 722 ipsa
729 665 988 721 cogitatione
1015 664 1237 705 hominum
1265 662 1560 704 excellentium

221 727 555 770 conformabam.
1582 733 1615 758 ιο

310 786 495 835 Quaeret
546 784 778 839 quispiam:
829 782 983 831 eQuid‘.>
1031 782 1096 823 illi
1145 781 1228 835 ipsi
1271 779 1428 822 summi
1469 779 1563 834 viri,

223 860 404 900 quorum
436 844 619 886 virtutes
646 842 804 883 litteris
831 841 1026 897 proditae
1053 842 1163 894 sunt,
1194 841 1332 881 istane
1359 839 1564 892 doctrina,

224 919 352 959 quam
392 906 441 944 tu
480 903 604 944 effers
642 901 860 953 laudibus,
899 898 1055 940 eruditi
1090 898 1309 940 fuerunt?
1376 897 1563 939 Difficile

224 966 289 1005 est
319 963 401 1004 hoc
427 962 477 1003 de
506 960 703 1003 omnibus
731 960 994 1012 confirmare,
1027 957 1101 999 sed
1126 960 1273 998 tamen
1298 959 1363 998 est
1389 959 1565 1009 certum,

224 1021 325 1076 quid
375 1020 667 1074 respondeam.
740 1017 836 1073 Ego
887 1017 1046 1058 multos
1094 1016 1289 1057 homines
1340 1015 1565 1056 excellenti
1585 1024 1618 1051 15

227 1080 368 1122 animo
403 1094 451 1120 ac
476 1079 637 1119 virtute
662 1077 795 1118 fuisse
822 1076 912 1117 sine
938 1075 1131 1117 doctrina
1158 1078 1201 1115 et
1224 1077 1403 1115 naturae
1428 1074 1564 1129 ipsius

222 1139 377 1180 habitu
420 1151 553 1192 prope
601 1136 743 1177 divino
788 1149 864 1189 per
908 1148 951 1175 se
994 1134 1111 1188 ipsos
1157 1136 1199 1174 et
1241 1133 1485 1174 moderatos
1522 1134 1565 1173 et

225 1211 377 1252 graves
421 1195 614 1237 extitisse
651 1194 807 1247 fateor3
848 1193 977 1234 etiam
1014 1192 1120 1233 illud
1153 1191 1359 1247 adiungo,
1395 1191 1564 1245 saepius

227 1256 279 1297 ad
305 1255 476 1296 laudem
503 1257 630 1308 atque
656 1253 860 1294 virtutem
885 1254 1084 1293 naturam
1111 1251 1201 1292 sine
1222 1250 1417 1292 doctrina
1436 1264 1565 1303 quam

226 1314 316 1355 sine
347 1316 504 1355 natura
535 1312 719 1353 valuisse
751 1310 1002 1352 doctrinam.
1052 1311 1196 1363 Atque
1227 1309 1340 1350 idem
1373 1321 1451 1363 ego
1484 1308 1565 1349 hoc
1585 1320 1619 1344 20

225 1372 456 1426 contendo,
494 1386 589 1413 cum
622 1371 676 1411 ad
707 1372 904 1411 naturam
938 1368 1137 1410 eximiam
1170 1370 1213 1409 et
1243 1367 1469 1409 inlustrem
1502 1381 1567 1408 ac-

229 1431 406 1473 cesserit
438 1430 548 1471 ratio
582 1429 792 1483 quaedam
818 1427 1185 1481 conformatioque
1211 1425 1441 1479 doctrinae,
1473 1427 1567 1466 tum

226 1491 332 1532 illud
370 1490 513 1531 nescio
547 1488 648 1543 quid
679 1487 948 1542 praeclarum
982 1500 1029 1528 ac
1062 1485 1280 1539 singulare
1313 1485 1450 1526 solere
1484 1484 1566 1525 exi·

228 1551 350 1590 stere.
399 1548 466 1589 Ex
497 1547 578 1588 hoc
610 1561 701 1588 esse
732 1546 846 1587 hunc
875 1559 1065 1597 numer0‚
1098 1558 1222 1598 quem
1253 1546 1397 1598 patres
1429 1542 1568 1584 nostri

227 1608 442 1661 viderunt,
486 1606 676 1647 divinum
722 1605 957 1657 hominem,
1003 1602 1272 1656 Africanum,
1310 1616 1360 1643 ex
1399 1601 1481 1643 hoc
1521 1599 1620 1643 C.25

229 1665 441 1719 Laelium,
472 1663 519 1705 L.
551 1664 742 1717 Furium,
773 1662 1139 1704 moderatissimos
1170 1661 1364 1703 homines
1397 1662 1440 1701 et
1471 1674 1568 1701 con-

231 1724 562 1773 tinentissimos,
595 1737 644 1764 ex
675 1722 756 1763 hoc
787 1721 1073 1763 fortissimum
1104 1720 1243 1761 virum
1275 1722 1318 1761 et
1347 1718 1432 1759 illis
1464 1721 1568 1759 tem·

228 1782 404 1836 poribus
443 1781 758 1835 doctissimum,
795 1780 858 1822 M.
891 1779 1098 1821 Catonem
1134 1779 1256 1819 illum
1293 1791 1454 1830 senem3
1495 1776 1568 1830 qui

229 1841 421 1894 profecto
449 1840 486 1881 si
511 1840 621 1880 nihil
643 1840 695 1881 ad
715 1838 1031 1894 percipiendam
1051 1837 1347 1889 colendamque
1365 1835 1567 1876 virtutem

229 1899 387 1940 litteris
421 1898 744 1951 adiuvarentur,
774 1911 1007 1951 numquam
1039 1910 1083 1938 se
1116 1895 1169 1937 ad
1201 1909 1346 1936 earum
1379 1893 1566 1934 studium
1586 1904 1621 1930 30

231 1958 524 2000 contulissent.
594 1956 755 2005 Quodsi
797 1970 883 1998 non
929 1955 998 1996 hic
1042 1957 1187 1995 tantus
1223 1953 1390 1994 fructus
1429 1954 1568 1993 osten-

232 2016 416 2070 deretur,
447 2018 490 2056 et
522 2015 559 2056 si
591 2030 640 2056 ex
671 2015 739 2056 his
773 2014 924 2055 studiis
957 2012 1182 2054 delectatio
1216 2012 1308 2053 sola
1339 2012 1569 2065 peteretur,

230 2078 394 2128 tamen,
431 2077 480 2115 ut
512 2073 680 2128 opinor,
717 2073 829 2115 hanc
861 2072 993 2114 animi
1024 2071 1317 2112 remissionem
1349 2069 1567 2110 humanis·

232 2134 384 2175 simam
429 2147 478 2174 ac
528 2131 877 2172 liberalissimam
919 2129 1175 2172 iudicaretis.
1246 2127 1360 2170 Nam
1403 2130 1568 2169 ceterae

230 2206 368 2246 neque
405 2194 648 2244 temporum
689 2192 788 2230 sunt
819 2203 955 2243 neque
988 2190 1178 2229 aetatum
1211 2186 1401 2228 omnium
1430 2199 1566 2239 neque
1585 2195 1620 2222 35

231 2251 441 2303 locorum3
479 2252 524 2290 at
561 2249 665 2290 haec
703 2247 844 2289 studia
882 2245 1215 2288 adulescentiam
1255 2245 1392 2298 alunt,
1430 2258 1566 2285 senec-

232 2313 369 2351 tutem
409 2308 640 2360 oblectant,
672 2306 876 2347 secundas
910 2319 976 2347 res
1010 2306 1175 2356 ornant,
1207 2303 1394 2345 adversis
1426 2301 1566 2356 perfu-
