1619 2542
76 412 120 443 86

75 1384 118 1416 87

150 102 233 147 336
519 102 611 137 PRO
639 103 678 137 L.
704 101 912 137 MURENA
940 101 1130 137 ORATIO.

148 199 294 240 eadem
332 199 418 240 ista
457 200 619 253 omnia,
657 198 694 240 si
732 200 886 240 ornata
923 198 1011 239 suis
1050 198 1274 253 praesidiis
1311 199 1392 240 erit
1423 212 1491 241 res

146 258 331 312 publica,
357 257 482 299 facile
509 261 552 299 et
578 257 913 312 magistratuum
940 257 1128 298 consiliis
1155 260 1199 299 et
1222 258 1490 312 privatorum

149 316 373 372 diligentia
405 316 736 371 conprimentur.

237 374 353 424 Quae
392 390 486 416 cum
524 375 587 426 ita
625 375 727 428 sint,
766 374 942 429 iudices,
981 375 1168 430 primum
1201 375 1263 416 rei
1294 375 1490 431 publicae

147 448 293 488 causa,
332 448 416 488 qua
452 433 574 475 nulla
605 448 672 475 res
705 433 904 488 cuiquam
934 435 1078 488 potior
1110 434 1236 475 debet
1267 448 1377 489 esse,
1414 448 1489 476 vos
1528 444 1544 470 5

145 507 223 545 pro
263 507 357 534 mea
395 507 563 533 summa
601 495 645 534 et
675 492 798 534 vobis
837 494 1010 548 cognita
1041 492 1082 533 in
1117 507 1162 534 re
1193 492 1367 548 publica
1399 492 1491 534 dili·

147 552 294 606 gentia
332 566 503 604 moneo,
542 566 618 605 pro
658 551 912 593 auctoritate
952 552 1165 593 consulari
1203 552 1372 605 hortor,
1411 566 1489 606 pro

146 610 440 665 magnitudine
484 610 661 665 periculi
703 610 913 660 obtestor,
958 613 1007 651 ut
1051 610 1158 664 otio,
1201 613 1249 651 ut
1285 609 1400 665 paci,
1441 612 1491 652 ut

147 669 289 722 Saluti,
316 671 364 710 ut
389 670 502 710 vitae
529 671 697 710 vestrae
725 671 768 709 et
793 671 1031 710 ceterorum
1058 669 1214 710 civium
1235 668 1489 723 consulatis,

147 727 296 769 deinde
336 742 415 783 ego
454 728 566 769 idem
604 742 680 769 vos
720 727 956 769 defensoris
995 730 1038 768 et
1076 727 1204 769 amici
1243 727 1383 769 officio
1417 727 1489 768 ad·
1508 738 1542 763 10

146 787 297 828 ductus
355 801 430 828 oro
476 790 602 841 atque
644 786 839 841 obsecro,
888 786 1064 840 iudices,
1115 789 1163 827 ut
1206 801 1258 828 ne
1301 785 1489 827 hominis

146 845 291 886 miseri
324 848 365 886 et
397 860 492 887 cum
525 845 715 899 corporis
749 845 911 899 morbo,
944 848 1036 886 tum
1063 845 1195 886 animi
1222 845 1366 886 dolore
1392 859 1490 887 con-

145 905 259 959 fecti,
287 903 333 945 L.
354 903 567 958 Murenae,
593 906 806 945 recentem
834 904 1169 959 gratulationem
1195 919 1308 945 nova
1333 905 1490 945 lamen·

146 963 309 1004 tatione
365 963 570 1005 obruatis.
650 962 777 1004 Modo
834 962 1019 1004 maximo
1080 963 1285 1004 beneficio
1342 962 1489 1018 populi

146 1021 330 1062 Romani
366 1024 541 1063 ornatus
567 1022 815 1063 fortunatus
842 1021 1079 1075 videbatur,
1113 1022 1226 1076 quod
1251 1021 1416 1076 primus
1442 1021 1486 1062 in
1509 1030 1543 1056 15

146 1081 355 1121 familiam
378 1087 573 1132 veterem,
595 1080 757 1134 primus
777 1080 821 1121 in
841 1080 1119 1135 municipium
1141 1080 1489 1135 antiquissimum

146 1139 418 1180 consulatum
451 1139 686 1192 attulisset3
718 1153 830 1180 nunc
855 1139 968 1180 idem
995 1139 1194 1194 squalore
1221 1142 1264 1180 et
1290 1138 1488 1180 sordibus

146 1198 384 1252 confectus,
429 1197 616 1238 lacrimis
668 1212 716 1238 ac
766 1212 958 1239 maerore
1001 1197 1192 1252 perditus
1236 1200 1379 1239 vester
1423 1199 1488 1238 est

147 1256 344 1311 supplex,
386 1256 563 1311 iudices,
608 1259 796 1297 vestram
839 1257 966 1297 fidem
1012 1257 1274 1310 obtestatur,
1315 1259 1489 1298 vestram

146 1315 481 1356 misericordiam
508 1315 724 1368 implorat,
750 1318 937 1356 vestram
962 1317 1225 1369 potestatem
1251 1329 1301 1356 ac
1319 1317 1486 1356 vestras
1506 1325 1540 1350 ‘20

147 1388 248 1429 opes
286 1374 488 1414 intuetur.
549 1373 715 1427 Nolite,
753 1388 829 1428 per
861 1374 961 1415 deos
993 1374 1276 1415 immortales!
1316 1372 1488 1427 iudices,

145 1433 224 1474 hac
270 1447 365 1474 eum
407 1446 498 1474 cum
535 1447 598 1484 re,
643 1448 727 1487 qua
765 1447 809 1473 se
850 1432 1141 1474 honestiorem
1179 1433 1270 1474 fore
1308 1431 1488 1486 putavit,

147 1491 277 1532 etiam
327 1492 478 1532 ceteris
532 1494 630 1532 ante
674 1491 810 1545 partis
854 1491 1155 1533 honestatibus
1200 1493 1328 1545 atque
1373 1490 1488 1533 omni

147 1550 356 1604 dignitate
382 1550 639 1604 fortunaque
666 1551 846 1604 privare.
890 1550 1034 1604 Atque
1059 1550 1122 1591 ita
1141 1564 1216 1591 vos
1237 1549 1284 1591 L.
1298 1549 1488 1604 Murena,

146 1609 319 1663 iudices,
352 1612 448 1650 orat
474 1612 602 1663 atque
629 1610 838 1663 obsecrat,
865 1609 900 1650 si
925 1610 1082 1650 iniuste
1107 1608 1322 1650 neminem
1348 1608 1487 1662 laesit,
1507 1616 1540 1643 2⁵

148 1667 184 1707 si
220 1667 381 1708 nullius
420 1667 534 1708 auris
566 1668 888 1715 voluntatemve
919 1667 1118 1721 violavit,
1158 1667 1193 1708 si
1225 1666 1402 1721 nemini,
1440 1669 1488 1708 ut

147 1725 362 1766 levissime
396 1725 554 1779 dicam,
593 1726 690 1768 odio
722 1741 800 1768 nec
833 1726 948 1767 domi
979 1741 1056 1767 nec
1088 1726 1267 1767 militiae
1299 1725 1398 1779 fuit,
1431 1725 1488 1766 sit

148 1783 260 1838 apud
298 1798 373 1825 vos
412 1784 646 1826 modestiae
683 1786 820 1839 locus,
859 1785 916 1826 sit
956 1785 1140 1826 demisso
1174 1783 1315 1826 animo
1347 1783 1487 1837 perfu-

148 1843 284 1897 gium,
334 1842 391 1882 sit
429 1843 635 1884 auxilium
673 1843 838 1898 pudori.
905 1842 1242 1884 Misericordiam
1281 1841 1486 1896 spoliatio

148 1900 394 1942 consulatus
433 1915 634 1956 magnam
672 1902 830 1943 habere
864 1902 1006 1955 debet,
1042 1901 1219 1955 iudices3
1257 1914 1343 1941 una
1374 1900 1486 1942 enim
1506 1911 1540 1937 30

148 1959 386 2013 eripiuntur
430 1974 526 2000 cum
571 1961 796 2002 consulatu
834 1960 996 2015 omnia,
1037 1959 1241 2001 invidiam
1280 1973 1380 2000 vero
1418 1959 1485 2000 his

147 2017 414 2071 temporibus
441 2017 596 2058 habere
624 2019 871 2060 consulatus
896 2019 987 2072 ipse
1012 2018 1175 2059 nullam
1201 2019 1365 2072 potest,
1400 2017 1486 2059 obi-

149 2076 259 2118 citur
292 2075 403 2117 enim
436 2076 706 2118 contionibus
740 2077 1058 2130 seditiosorum,
1097 2075 1263 2117 insidiis
1296 2076 1486 2118 coniura-

148 2137 309 2189 torum,
352 2133 451 2175 telis
491 2133 718 2188 Catilinae,
763 2135 816 2176 ad
862 2149 985 2176 omne
1026 2134 1205 2188 denique
1249 2135 1485 2188 periculum

77 2203 121 2234 88
149 2196 277 2248 atque
323 2192 376 2234 ad
422 2207 591 2234 omnem
635 2193 836 2234 iniuriam
879 2193 996 2234 solus
1035 2193 1278 2248 opponitur.
1346 2192 1484 2241 Quare
1504 2203 1538 2230 ³5

149 2251 250 2306 quid
293 2251 565 2293 invidendum
605 2249 808 2293 Murenae
852 2254 926 2292 aut
964 2251 1159 2304 cuiquam
1199 2253 1395 2293 nostrum
1427 2251 1484 2292 sit

148 2311 192 2351 in
222 2310 303 2351 hoc
335 2309 556 2364 praeclaro
590 2310 832 2365 consulatu,
869 2324 955 2351 non
986 2309 1127 2363 video,
1163 2309 1340 2365 iudices,
1377 2304 1484 2364 q'uae
