<?xml version="1.0" encoding="UTF-8"?>
<!DOCTYPE html PUBLIC "-//W3C//DTD XHTML 1.0 Transitional//EN"
    "http://www.w3.org/TR/xhtml1/DTD/xhtml1-transitional.dtd">
<html xmlns="http://www.w3.org/1999/xhtml" xml:lang="en" lang="en">
 <head>
  <title>
</title>
<meta http-equiv="Content-Type" content="text/html;charset=utf-8" />
  <meta name='ocr-system' content='tesseract 3.04.00' />
  <meta name='ocr-capabilities' content='ocr_page ocr_carea ocr_par ocr_line ocrx_word'/>
</head>
<body>
  <div class='ocr_page' id='page_1' title='image "./p2scriptaquaemanse02ciceuoft_0277.png"; bbox 0 0 1619 2542; ppageno 0'>
   <div class='ocr_carea' id='block_1_1' title="bbox 546 68 1446 112">
    <p class='ocr_par' dir='ltr' id='par_1_1' title="bbox 546 68 1446 112">
     <span class='ocr_line' id='line_1_1' title="bbox 546 68 1446 112; baseline 0.008 -9"><span class='ocrx_word' id='word_1_1' title='bbox 546 69 648 104; x_wconf 83' lang='lat' dir='ltr'>CAP.</span> <span class='ocrx_word' id='word_1_2' title='bbox 675 73 731 112; x_wconf 78' lang='lat'>23,</span> <span class='ocrx_word' id='word_1_3' title='bbox 757 73 803 103; x_wconf 78' lang='lat'>24</span> <span class='ocrx_word' id='word_1_4' title='bbox 828 73 847 111; x_wconf 65' lang='grc' dir='ltr'>ξ</span> <span class='ocrx_word' id='word_1_5' title='bbox 873 68 1446 110; x_wconf 78' lang='grc'><strong>62-67.125</strong></span> 
     </span>
    </p>
   </div>
   <div class='ocr_carea' id='block_1_2' title="bbox 50 164 1459 2330">
    <p class='ocr_par' dir='ltr' id='par_1_2' title="bbox 50 164 1459 2330">
     <span class='ocr_line' id='line_1_2' title="bbox 100 164 1444 232; baseline -0.002 -24"><span class='ocrx_word' id='word_1_6' title='bbox 100 182 215 221; x_wconf 91' lang='lat' dir='ltr'>eum,</span> <span class='ocrx_word' id='word_1_7' title='bbox 253 166 326 232; x_wconf 70' lang='lat' dir='ltr'>qui</span> <span class='ocrx_word' id='word_1_8' title='bbox 364 180 484 220; x_wconf 88' lang='lat' dir='ltr'>spem</span> <span class='ocrx_word' id='word_1_9' title='bbox 523 165 676 207; x_wconf 85' lang='lat' dir='ltr'>salutis</span> <span class='ocrx_word' id='word_1_10' title='bbox 716 166 760 206; x_wconf 90' lang='lat' dir='ltr'>in</span> <span class='ocrx_word' id='word_1_11' title='bbox 798 165 882 206; x_wconf 87' lang='lat' dir='ltr'>alia</span> <span class='ocrx_word' id='word_1_12' title='bbox 913 164 1080 206; x_wconf 89' lang='lat' dir='ltr'>ratione</span> <span class='ocrx_word' id='word_1_13' title='bbox 1112 179 1199 206; x_wconf 87' lang='lat' dir='ltr'>non</span> <span class='ocrx_word' id='word_1_14' title='bbox 1230 164 1444 218; x_wconf 89' lang='lat' dir='ltr'>habuerit,</span> 
     </span>
     <span class='ocr_line' id='line_1_3' title="bbox 101 222 1446 279; baseline -0.002 -12"><span class='ocrx_word' id='word_1_15' title='bbox 101 240 208 279; x_wconf 87' lang='lat' dir='ltr'>eum,</span> <span class='ocrx_word' id='word_1_16' title='bbox 242 225 314 279; x_wconf 88' lang='lat' dir='ltr'>qui</span> <span class='ocrx_word' id='word_1_17' title='bbox 347 238 514 278; x_wconf 82' lang='lat' dir='ltr'>semper</span> <span class='ocrx_word' id='word_1_18' title='bbox 547 224 758 279; x_wconf 83' lang='lat' dir='ltr'>singulari</span> <span class='ocrx_word' id='word_1_19' title='bbox 789 223 919 265; x_wconf 87' lang='lat' dir='ltr'>fuerit</span> <span class='ocrx_word' id='word_1_20' title='bbox 946 223 1132 265; x_wconf 85' lang='lat' dir='ltr'>audacia.</span> <span class='ocrx_word' id='word_1_21' title='bbox 1177 222 1318 265; x_wconf 89' lang='lat' dir='ltr'>Multa</span> <span class='ocrx_word' id='word_1_22' title='bbox 1344 227 1446 265; x_wconf 89' lang='lat' dir='ltr'>sunt</span> 
     </span>
     <span class='ocr_line' id='line_1_4' title="bbox 102 282 1444 337; baseline -0.001 -12"><span class='ocrx_word' id='word_1_23' title='bbox 102 285 191 326; x_wconf 87' lang='lat' dir='ltr'>eius</span> <span class='ocrx_word' id='word_1_24' title='bbox 223 283 357 337; x_wconf 81' lang='lat' dir='ltr'>modi3</span> <span class='ocrx_word' id='word_1_25' title='bbox 389 297 534 324; x_wconf 85' lang='lat' dir='ltr'>verum</span> <span class='ocrx_word' id='word_1_26' title='bbox 568 298 664 324; x_wconf 84' lang='lat' dir='ltr'>cum</span> <span class='ocrx_word' id='word_1_27' title='bbox 696 283 879 324; x_wconf 85' lang='lat' dir='ltr'>habeam</span> <span class='ocrx_word' id='word_1_28' title='bbox 911 297 1002 323; x_wconf 88' lang='lat' dir='ltr'>rem</span> <span class='ocrx_word' id='word_1_29' title='bbox 1032 297 1120 323; x_wconf 92' lang='lat' dir='ltr'>non</span> <span class='ocrx_word' id='word_1_30' title='bbox 1149 282 1336 335; x_wconf 87' lang='lat' dir='ltr'>dubiam,</span> <span class='ocrx_word' id='word_1_31' title='bbox 1370 282 1444 324; x_wconf 89' lang='lat' dir='ltr'>sed</span> 
     </span>
     <span class='ocr_line' id='line_1_5' title="bbox 102 341 1445 397; baseline -0.002 -13"><span class='ocrx_word' id='word_1_32' title='bbox 102 345 295 397; x_wconf 86' lang='lat' dir='ltr'>apertam</span> <span class='ocrx_word' id='word_1_33' title='bbox 346 344 472 396; x_wconf 89' lang='lat' dir='ltr'>atque</span> <span class='ocrx_word' id='word_1_34' title='bbox 521 341 814 395; x_wconf 73' lang='lat' dir='ltr'>manifestam,</span> <span class='ocrx_word' id='word_1_35' title='bbox 864 341 1127 382; x_wconf 75' lang='lat' dir='ltr'>enumeratio</span> <span class='ocrx_word' id='word_1_36' title='bbox 1177 341 1445 395; x_wconf 83' lang='lat' dir='ltr'>singulorum</span> 
     </span>
     <span class='ocr_line' id='line_1_6' title="bbox 50 398 1443 457; baseline 0.001 -18"><span class='ocrx_word' id='word_1_37' title='bbox 50 415 65 439; x_wconf 86' lang='lat'>5</span> <span class='ocrx_word' id='word_1_38' title='bbox 105 403 458 457; x_wconf 83' lang='lat' dir='ltr'>argumentorum</span> <span class='ocrx_word' id='word_1_39' title='bbox 504 414 593 441; x_wconf 87' lang='lat' dir='ltr'>non</span> <span class='ocrx_word' id='word_1_40' title='bbox 639 404 704 441; x_wconf 89' lang='lat' dir='ltr'>est</span> <span class='ocrx_word' id='word_1_41' title='bbox 751 399 1004 441; x_wconf 88' lang='lat' dir='ltr'>necessaria.</span> <span class='ocrx_word' id='word_1_42' title='bbox 1075 398 1182 441; x_wconf 84' lang='lat' dir='ltr'>Dico</span> <span class='ocrx_word' id='word_1_43' title='bbox 1231 399 1277 442; x_wconf 82' lang='lat' dir='ltr'>C.</span> <span class='ocrx_word' id='word_1_44' title='bbox 1316 400 1443 440; x_wconf 88' lang='lat' dir='ltr'>Aelio</span> 
     </span>
     <span class='ocr_line' id='line_1_7' title="bbox 103 457 1448 513; baseline -0.001 -12"><span class='ocrx_word' id='word_1_45' title='bbox 103 459 276 501; x_wconf 75' lang='lat' dir='ltr'>Staieno</span> <span class='ocrx_word' id='word_1_46' title='bbox 308 458 436 500; x_wconf 87' lang='lat' dir='ltr'>iudici</span> <span class='ocrx_word' id='word_1_47' title='bbox 468 458 692 512; x_wconf 88' lang='lat' dir='ltr'>pecuniam</span> <span class='ocrx_word' id='word_1_48' title='bbox 725 458 930 513; x_wconf 80' lang='lat' dir='ltr'>grandem</span> <span class='ocrx_word' id='word_1_49' title='bbox 963 457 1149 499; x_wconf 82' lang='lat' dir='ltr'>Statium</span> <span class='ocrx_word' id='word_1_50' title='bbox 1181 458 1360 499; x_wconf 87' lang='lat' dir='ltr'>Albium</span> <span class='ocrx_word' id='word_1_51' title='bbox 1393 458 1448 500; x_wconf 88' lang='lat' dir='ltr'>ad</span> 
     </span>
     <span class='ocr_line' id='line_1_8' title="bbox 104 517 1445 572; baseline -0.001 -12"><span class='ocrx_word' id='word_1_52' title='bbox 104 517 459 572; x_wconf 85' lang='lat' dir='ltr'>corrumpendum</span> <span class='ocrx_word' id='word_1_53' title='bbox 494 517 697 558; x_wconf 84' lang='lat' dir='ltr'>iudicium</span> <span class='ocrx_word' id='word_1_54' title='bbox 739 517 916 558; x_wconf 85' lang='lat' dir='ltr'>dedisse.</span> <span class='ocrx_word' id='word_1_55' title='bbox 986 517 1102 558; x_wconf 86' lang='lat' dir='ltr'>&#39;Num</span> <span class='ocrx_word' id='word_1_56' title='bbox 1145 517 1240 571; x_wconf 86' lang='lat' dir='ltr'>quis</span> <span class='ocrx_word' id='word_1_57' title='bbox 1281 518 1445 572; x_wconf 76' lang='lat' dir='ltr'>negat?</span> 
     </span>
     <span class='ocr_line' id='line_1_9' title="bbox 104 575 1446 631; baseline -0.001 -13"><span class='ocrx_word' id='word_1_58' title='bbox 104 578 176 631; x_wconf 88' lang='lat' dir='ltr'>Te,</span> <span class='ocrx_word' id='word_1_59' title='bbox 209 576 455 631; x_wconf 80' lang='lat' dir='ltr'>Oppianice,</span> <span class='ocrx_word' id='word_1_60' title='bbox 487 576 677 631; x_wconf 89' lang='lat' dir='ltr'>appello,</span> <span class='ocrx_word' id='word_1_61' title='bbox 708 578 763 628; x_wconf 88' lang='lat' dir='ltr'>te,</span> <span class='ocrx_word' id='word_1_62' title='bbox 796 575 841 616; x_wconf 86' lang='lat' dir='ltr'>T.</span> <span class='ocrx_word' id='word_1_63' title='bbox 862 576 976 629; x_wconf 82' lang='lat' dir='ltr'>Acci,</span> <span class='ocrx_word' id='word_1_64' title='bbox 1010 590 1192 630; x_wconf 86' lang='lat' dir='ltr'>quorum</span> <span class='ocrx_word' id='word_1_65' title='bbox 1225 576 1335 617; x_wconf 91' lang='lat' dir='ltr'>alter</span> <span class='ocrx_word' id='word_1_66' title='bbox 1361 576 1446 617; x_wconf 91' lang='lat' dir='ltr'>elo-</span> 
     </span>
     <span class='ocr_line' id='line_1_10' title="bbox 106 634 1447 691; baseline -0.001 -14"><span class='ocrx_word' id='word_1_67' title='bbox 106 636 280 691; x_wconf 83' lang='lat' dir='ltr'>quentia</span> <span class='ocrx_word' id='word_1_68' title='bbox 317 634 637 676; x_wconf 81' lang='lat' dir='ltr'>damnationem</span> <span class='ocrx_word' id='word_1_69' title='bbox 678 635 817 687; x_wconf 91' lang='lat' dir='ltr'>illam,</span> <span class='ocrx_word' id='word_1_70' title='bbox 859 635 968 675; x_wconf 84' lang='lat' dir='ltr'>alter</span> <span class='ocrx_word' id='word_1_71' title='bbox 1006 635 1140 676; x_wconf 88' lang='lat' dir='ltr'>tacita</span> <span class='ocrx_word' id='word_1_72' title='bbox 1179 635 1341 689; x_wconf 87' lang='lat' dir='ltr'>pietate</span> <span class='ocrx_word' id='word_1_73' title='bbox 1381 635 1447 676; x_wconf 93' lang='lat' dir='ltr'>de-</span> 
     </span>
     <span class='ocr_line' id='line_1_11' title="bbox 55 692 1447 750; baseline -0.001 -14"><span class='ocrx_word' id='word_1_74' title='bbox 55 707 88 731; x_wconf 77' lang='grc'>10</span> <span class='ocrx_word' id='word_1_75' title='bbox 107 696 268 750; x_wconf 79' lang='lat' dir='ltr'>plorat3</span> <span class='ocrx_word' id='word_1_76' title='bbox 316 694 467 735; x_wconf 90' lang='lat' dir='ltr'>audete</span> <span class='ocrx_word' id='word_1_77' title='bbox 513 708 672 749; x_wconf 82' lang='lat' dir='ltr'>negare</span> <span class='ocrx_word' id='word_1_78' title='bbox 721 693 774 734; x_wconf 88' lang='lat' dir='ltr'>ab</span> <span class='ocrx_word' id='word_1_79' title='bbox 818 692 1052 747; x_wconf 76' lang='lat' dir='ltr'>Oppianico</span> <span class='ocrx_word' id='word_1_80' title='bbox 1096 692 1270 735; x_wconf 82' lang='lat' dir='ltr'>Staieno</span> <span class='ocrx_word' id='word_1_81' title='bbox 1318 693 1447 735; x_wconf 88' lang='lat' dir='ltr'>iudici</span> 
     </span>
     <span class='ocr_line' id='line_1_12' title="bbox 106 751 1446 808; baseline -0.001 -14"><span class='ocrx_word' id='word_1_82' title='bbox 106 753 328 808; x_wconf 83' lang='lat' dir='ltr'>pecuniam</span> <span class='ocrx_word' id='word_1_83' title='bbox 370 753 532 806; x_wconf 87' lang='lat' dir='ltr'>datam,</span> <span class='ocrx_word' id='word_1_84' title='bbox 567 755 744 808; x_wconf 85' lang='lat' dir='ltr'>negate,</span> <span class='ocrx_word' id='word_1_85' title='bbox 787 751 980 805; x_wconf 82' lang='lat' dir='ltr'>inquam,</span> <span class='ocrx_word' id='word_1_86' title='bbox 1025 767 1118 793; x_wconf 89' lang='lat' dir='ltr'>meo</span> <span class='ocrx_word' id='word_1_87' title='bbox 1161 752 1268 793; x_wconf 89' lang='lat' dir='ltr'>loco.</span> <span class='ocrx_word' id='word_1_88' title='bbox 1338 751 1446 800; x_wconf 83' lang='lat' dir='ltr'>Quid</span> 
     </span>
     <span class='ocr_line' id='line_1_13' title="bbox 106 810 1449 866; baseline -0.001 -13"><span class='ocrx_word' id='word_1_89' title='bbox 106 812 288 854; x_wconf 79' lang='lat' dir='ltr'>tacetis‘.&gt;</span> <span class='ocrx_word' id='word_1_90' title='bbox 321 826 375 852; x_wconf 85' lang='lat' dir='ltr'>an</span> <span class='ocrx_word' id='word_1_91' title='bbox 407 825 563 866; x_wconf 84' lang='lat' dir='ltr'>negare</span> <span class='ocrx_word' id='word_1_92' title='bbox 594 825 680 852; x_wconf 89' lang='lat' dir='ltr'>non</span> <span class='ocrx_word' id='word_1_93' title='bbox 706 811 913 865; x_wconf 77' lang='lat' dir='ltr'>potestis,</span> <span class='ocrx_word' id='word_1_94' title='bbox 933 810 1047 864; x_wconf 87' lang='lat' dir='ltr'>quod</span> <span class='ocrx_word' id='word_1_95' title='bbox 1071 810 1304 864; x_wconf 86' lang='lat' dir='ltr'>repetistis,</span> <span class='ocrx_word' id='word_1_96' title='bbox 1337 811 1449 866; x_wconf 86' lang='lat' dir='ltr'>quod</span> 
     </span>
     <span class='ocr_line' id='line_1_14' title="bbox 107 868 1448 925; baseline -0.002 -13"><span class='ocrx_word' id='word_1_97' title='bbox 107 870 291 913; x_wconf 85' lang='lat' dir='ltr'>confessi</span> <span class='ocrx_word' id='word_1_98' title='bbox 328 870 449 923; x_wconf 87' lang='lat' dir='ltr'>estis,</span> <span class='ocrx_word' id='word_1_99' title='bbox 487 869 599 924; x_wconf 90' lang='lat' dir='ltr'>quod</span> <span class='ocrx_word' id='word_1_100' title='bbox 637 869 908 911; x_wconf 73' lang='lat' dir='ltr'>abstulistis?</span> <span class='ocrx_word' id='word_1_101' title='bbox 971 868 1062 917; x_wconf 80' lang='lat' dir='ltr'>Quo</span> <span class='ocrx_word' id='word_1_102' title='bbox 1101 869 1276 910; x_wconf 84' lang='lat' dir='ltr'>tandem</span> <span class='ocrx_word' id='word_1_103' title='bbox 1314 870 1448 925; x_wconf 82' lang='lat' dir='ltr'>igitur</span> 
     </span>
     <span class='ocr_line' id='line_1_15' title="bbox 109 927 1450 983; baseline -0.002 -12"><span class='ocrx_word' id='word_1_104' title='bbox 109 944 180 971; x_wconf 89' lang='lat' dir='ltr'>ore</span> <span class='ocrx_word' id='word_1_105' title='bbox 225 929 486 970; x_wconf 85' lang='lat' dir='ltr'>mentionem</span> <span class='ocrx_word' id='word_1_106' title='bbox 524 928 715 983; x_wconf 85' lang='lat' dir='ltr'>corrupti</span> <span class='ocrx_word' id='word_1_107' title='bbox 754 928 898 969; x_wconf 91' lang='lat' dir='ltr'>iudicii</span> <span class='ocrx_word' id='word_1_108' title='bbox 934 927 1095 981; x_wconf 67' lang='lat' dir='ltr'>facitis,</span> <span class='ocrx_word' id='word_1_109' title='bbox 1139 942 1236 969; x_wconf 86' lang='lat' dir='ltr'>cum</span> <span class='ocrx_word' id='word_1_110' title='bbox 1275 929 1327 969; x_wconf 89' lang='lat' dir='ltr'>ab</span> <span class='ocrx_word' id='word_1_111' title='bbox 1365 928 1450 969; x_wconf 84' lang='lat' dir='ltr'>ista</span> 
     </span>
     <span class='ocr_line' id='line_1_16' title="bbox 56 986 1450 1042; baseline 0 -15"><span class='ocrx_word' id='word_1_112' title='bbox 56 999 89 1024; x_wconf 83' lang='lat'>15</span> <span class='ocrx_word' id='word_1_113' title='bbox 109 990 231 1042; x_wconf 84' lang='lat' dir='ltr'>parte</span> <span class='ocrx_word' id='word_1_114' title='bbox 268 987 398 1028; x_wconf 90' lang='lat' dir='ltr'>iudici</span> <span class='ocrx_word' id='word_1_115' title='bbox 429 987 655 1042; x_wconf 90' lang='lat' dir='ltr'>pecuniam</span> <span class='ocrx_word' id='word_1_116' title='bbox 688 990 788 1028; x_wconf 87' lang='lat' dir='ltr'>ante</span> <span class='ocrx_word' id='word_1_117' title='bbox 819 986 1023 1028; x_wconf 86' lang='lat' dir='ltr'>iudicium</span> <span class='ocrx_word' id='word_1_118' title='bbox 1056 986 1220 1040; x_wconf 88' lang='lat' dir='ltr'>datam,</span> <span class='ocrx_word' id='word_1_119' title='bbox 1258 989 1358 1041; x_wconf 88' lang='lat' dir='ltr'>post</span> <span class='ocrx_word' id='word_1_120' title='bbox 1389 987 1450 1028; x_wconf 90' lang='lat' dir='ltr'>iu-</span> 
     </span>
     <span class='ocr_line' id='line_1_17' title="bbox 110 1044 1450 1100; baseline -0.001 -13"><span class='ocrx_word' id='word_1_121' title='bbox 110 1047 266 1088; x_wconf 91' lang='lat' dir='ltr'>dicium</span> <span class='ocrx_word' id='word_1_122' title='bbox 298 1049 490 1100; x_wconf 87' lang='lat' dir='ltr'>ereptam</span> <span class='ocrx_word' id='word_1_123' title='bbox 522 1061 614 1087; x_wconf 90' lang='lat' dir='ltr'>esse</span> <span class='ocrx_word' id='word_1_124' title='bbox 645 1045 900 1087; x_wconf 75' lang='lat' dir='ltr'>fateamini?</span> <span class='ocrx_word' id='word_1_125' title='bbox 952 1044 1145 1093; x_wconf 81' lang='lat' dir='ltr'>Quonam</span> <span class='ocrx_word' id='word_1_126' title='bbox 1177 1045 1313 1100; x_wconf 80' lang='lat' dir='ltr'>igitur</span> <span class='ocrx_word' id='word_1_127' title='bbox 1345 1045 1450 1086; x_wconf 85' lang='lat' dir='ltr'>haec</span> 
     </span>
     <span class='ocr_line' id='line_1_18' title="bbox 109 1104 1451 1159; baseline -0.001 -13"><span class='ocrx_word' id='word_1_128' title='bbox 109 1105 236 1147; x_wconf 87' lang='lat' dir='ltr'>modo</span> <span class='ocrx_word' id='word_1_129' title='bbox 269 1108 391 1159; x_wconf 85' lang='lat' dir='ltr'>gesta</span> <span class='ocrx_word' id='word_1_130' title='bbox 423 1105 550 1146; x_wconf 86' lang='lat' dir='ltr'>sunt‘?</span> <span class='ocrx_word' id='word_1_131' title='bbox 612 1105 823 1158; x_wconf 81' lang='lat' dir='ltr'>Repetam</span> <span class='ocrx_word' id='word_1_132' title='bbox 855 1105 981 1158; x_wconf 88' lang='lat' dir='ltr'>paulo</span> <span class='ocrx_word' id='word_1_133' title='bbox 1015 1104 1165 1157; x_wconf 71' lang='lat' dir='ltr'>altius,</span> <span class='ocrx_word' id='word_1_134' title='bbox 1198 1104 1376 1157; x_wconf 85' lang='lat' dir='ltr'>indices,</span> <span class='ocrx_word' id='word_1_135' title='bbox 1409 1106 1451 1145; x_wconf 90' lang='lat' dir='ltr'>et</span> 
     </span>
     <span class='ocr_line' id='line_1_19' title="bbox 112 1163 1451 1217; baseline -0.001 -12"><span class='ocrx_word' id='word_1_136' title='bbox 112 1163 271 1217; x_wconf 86' lang='lat' dir='ltr'>omnia,</span> <span class='ocrx_word' id='word_1_137' title='bbox 318 1178 425 1217; x_wconf 91' lang='lat' dir='ltr'>quae</span> <span class='ocrx_word' id='word_1_138' title='bbox 469 1164 515 1204; x_wconf 90' lang='lat' dir='ltr'>in</span> <span class='ocrx_word' id='word_1_139' title='bbox 558 1163 759 1204; x_wconf 85' lang='lat' dir='ltr'>diuturna</span> <span class='ocrx_word' id='word_1_140' title='bbox 804 1163 1068 1204; x_wconf 85' lang='lat' dir='ltr'>obscuritate</span> <span class='ocrx_word' id='word_1_141' title='bbox 1113 1164 1349 1213; x_wconf 84' lang='lat' dir='ltr'>latuerunt,</span> <span class='ocrx_word' id='word_1_142' title='bbox 1392 1163 1451 1204; x_wconf 85' lang='lat' dir='ltr'>sic</span> 
     </span>
     <span class='ocr_line' id='line_1_20' title="bbox 112 1220 1452 1276; baseline -0.001 -12"><span class='ocrx_word' id='word_1_143' title='bbox 112 1222 313 1276; x_wconf 86' lang='lat' dir='ltr'>aperiam,</span> <span class='ocrx_word' id='word_1_144' title='bbox 344 1224 392 1263; x_wconf 88' lang='lat' dir='ltr'>ut</span> <span class='ocrx_word' id='word_1_145' title='bbox 424 1237 473 1264; x_wconf 89' lang='lat' dir='ltr'>ea</span> <span class='ocrx_word' id='word_1_146' title='bbox 504 1236 675 1264; x_wconf 87' lang='lat' dir='ltr'>cernere</span> <span class='ocrx_word' id='word_1_147' title='bbox 709 1222 840 1263; x_wconf 86' lang='lat' dir='ltr'>oculis</span> <span class='ocrx_word' id='word_1_148' title='bbox 867 1221 1106 1263; x_wconf 83' lang='lat' dir='ltr'>videamini.</span> <span class='ocrx_word' id='word_1_149' title='bbox 1150 1220 1247 1263; x_wconf 82' lang='lat' dir='ltr'>&#39;Vos</span> <span class='ocrx_word' id='word_1_150' title='bbox 1281 1236 1452 1275; x_wconf 83' lang='lat' dir='ltr'>quaeso,</span> 
     </span>
     <span class='ocr_line' id='line_1_21' title="bbox 59 1280 1453 1334; baseline -0.001 -12"><span class='ocrx_word' id='word_1_151' title='bbox 59 1294 93 1318; x_wconf 80' lang='lat'>20</span> <span class='ocrx_word' id='word_1_152' title='bbox 112 1283 159 1322; x_wconf 91' lang='lat' dir='ltr'>ut</span> <span class='ocrx_word' id='word_1_153' title='bbox 197 1281 334 1322; x_wconf 87' lang='lat' dir='ltr'>adhuc</span> <span class='ocrx_word' id='word_1_154' title='bbox 372 1295 439 1322; x_wconf 90' lang='lat' dir='ltr'>me</span> <span class='ocrx_word' id='word_1_155' title='bbox 478 1283 641 1322; x_wconf 85' lang='lat' dir='ltr'>attente</span> <span class='ocrx_word' id='word_1_156' title='bbox 675 1281 873 1334; x_wconf 86' lang='lat' dir='ltr'>audistis,</span> <span class='ocrx_word' id='word_1_157' title='bbox 911 1283 959 1321; x_wconf 92' lang='lat' dir='ltr'>ut</span> <span class='ocrx_word' id='word_1_158' title='bbox 989 1281 1110 1332; x_wconf 86' lang='lat' dir='ltr'>item,</span> <span class='ocrx_word' id='word_1_159' title='bbox 1148 1294 1255 1334; x_wconf 89' lang='lat' dir='ltr'>quae</span> <span class='ocrx_word' id='word_1_160' title='bbox 1286 1280 1453 1334; x_wconf 87' lang='lat' dir='ltr'>reliqua</span> 
     </span>
     <span class='ocr_line' id='line_1_22' title="bbox 113 1338 1453 1393; baseline -0.001 -12"><span class='ocrx_word' id='word_1_161' title='bbox 113 1342 224 1393; x_wconf 88' lang='lat' dir='ltr'>sunt,</span> <span class='ocrx_word' id='word_1_162' title='bbox 257 1339 460 1393; x_wconf 66' lang='lat' dir='ltr'>audiatis,</span> <span class='ocrx_word' id='word_1_163' title='bbox 492 1340 684 1393; x_wconf 87' lang='lat' dir='ltr'>profecto</span> <span class='ocrx_word' id='word_1_164' title='bbox 717 1339 826 1380; x_wconf 89' lang='lat' dir='ltr'>nihil</span> <span class='ocrx_word' id='word_1_165' title='bbox 859 1354 883 1380; x_wconf 92' lang='lat' dir='ltr'>a</span> <span class='ocrx_word' id='word_1_166' title='bbox 915 1353 982 1379; x_wconf 88' lang='lat' dir='ltr'>me</span> <span class='ocrx_word' id='word_1_167' title='bbox 1015 1339 1188 1392; x_wconf 88' lang='lat' dir='ltr'>dicetur,</span> <span class='ocrx_word' id='word_1_168' title='bbox 1221 1338 1334 1392; x_wconf 88' lang='lat' dir='ltr'>quod</span> <span class='ocrx_word' id='word_1_169' title='bbox 1366 1353 1453 1379; x_wconf 89' lang='lat' dir='ltr'>non</span> 
     </span>
     <span class='ocr_line' id='line_1_23' title="bbox 114 1396 1452 1453; baseline -0.001 -15"><span class='ocrx_word' id='word_1_170' title='bbox 114 1398 290 1453; x_wconf 86' lang='lat' dir='ltr'>dignum</span> <span class='ocrx_word' id='word_1_171' title='bbox 315 1398 396 1439; x_wconf 89' lang='lat' dir='ltr'>hoc</span> <span class='ocrx_word' id='word_1_172' title='bbox 417 1401 628 1440; x_wconf 87' lang='lat' dir='ltr'>conventu</span> <span class='ocrx_word' id='word_1_173' title='bbox 649 1401 691 1439; x_wconf 92' lang='lat' dir='ltr'>et</span> <span class='ocrx_word' id='word_1_174' title='bbox 711 1398 894 1450; x_wconf 85' lang='lat' dir='ltr'>silentio,</span> <span class='ocrx_word' id='word_1_175' title='bbox 921 1398 1098 1452; x_wconf 77' lang='lat' dir='ltr'>dignum</span> <span class='ocrx_word' id='word_1_176' title='bbox 1118 1398 1274 1438; x_wconf 77' lang='lat' dir='ltr'>vestris</span> <span class='ocrx_word' id='word_1_177' title='bbox 1298 1396 1452 1437; x_wconf 87' lang='lat' dir='ltr'>studiis</span> 
     </span>
     <span class='ocr_line' id='line_1_24' title="bbox 115 1457 810 1510; baseline 0 -13"><span class='ocrx_word' id='word_1_178' title='bbox 115 1459 242 1510; x_wconf 85' lang='lat' dir='ltr'>atque</span> <span class='ocrx_word' id='word_1_179' title='bbox 276 1457 448 1497; x_wconf 88' lang='lat' dir='ltr'>auribus</span> <span class='ocrx_word' id='word_1_180' title='bbox 480 1470 573 1498; x_wconf 89' lang='lat' dir='ltr'>esse</span> <span class='ocrx_word' id='word_1_181' title='bbox 605 1457 810 1497; x_wconf 86' lang='lat' dir='ltr'>videatur.</span> 
     </span>
     <span class='ocr_line' id='line_1_25' title="bbox 203 1511 1453 1569; baseline -0.001 -14"><span class='ocrx_word' id='word_1_182' title='bbox 203 1513 328 1568; x_wconf 88' lang='lat' dir='ltr'>Nam,</span> <span class='ocrx_word' id='word_1_183' title='bbox 360 1517 408 1555; x_wconf 90' lang='lat' dir='ltr'>ut</span> <span class='ocrx_word' id='word_1_184' title='bbox 438 1515 623 1569; x_wconf 90' lang='lat' dir='ltr'>primum</span> <span class='ocrx_word' id='word_1_185' title='bbox 650 1514 908 1569; x_wconf 86' lang='lat' dir='ltr'>Oppianicus</span> <span class='ocrx_word' id='word_1_186' title='bbox 942 1528 991 1554; x_wconf 75' lang='lat' dir='ltr'>ex</span> <span class='ocrx_word' id='word_1_187' title='bbox 1018 1528 1080 1567; x_wconf 87' lang='lat' dir='ltr'>eo,</span> <span class='ocrx_word' id='word_1_188' title='bbox 1112 1513 1225 1568; x_wconf 86' lang='lat' dir='ltr'>quod</span> <span class='ocrx_word' id='word_1_189' title='bbox 1254 1511 1453 1554; x_wconf 88' lang='lat' dir='ltr'>Scaman-</span> 
     </span>
     <span class='ocr_line' id='line_1_26' title="bbox 61 1572 1454 1626; baseline -0.001 -12"><span class='ocrx_word' id='word_1_190' title='bbox 61 1585 94 1610; x_wconf 80' lang='lat'>25</span> <span class='ocrx_word' id='word_1_191' title='bbox 117 1574 189 1614; x_wconf 89' lang='lat' dir='ltr'>der</span> <span class='ocrx_word' id='word_1_192' title='bbox 219 1587 316 1614; x_wconf 88' lang='lat' dir='ltr'>reus</span> <span class='ocrx_word' id='word_1_193' title='bbox 349 1575 441 1613; x_wconf 89' lang='lat' dir='ltr'>erat</span> <span class='ocrx_word' id='word_1_194' title='bbox 471 1573 623 1626; x_wconf 85' lang='lat' dir='ltr'>factus,</span> <span class='ocrx_word' id='word_1_195' title='bbox 656 1573 754 1626; x_wconf 85' lang='lat' dir='ltr'>quid</span> <span class='ocrx_word' id='word_1_196' title='bbox 789 1573 870 1613; x_wconf 85' lang='lat' dir='ltr'>sibi</span> <span class='ocrx_word' id='word_1_197' title='bbox 901 1572 1180 1626; x_wconf 89' lang='lat' dir='ltr'>impenderet,</span> <span class='ocrx_word' id='word_1_198' title='bbox 1212 1572 1352 1625; x_wconf 88' lang='lat' dir='ltr'>coepit</span> <span class='ocrx_word' id='word_1_199' title='bbox 1385 1587 1454 1613; x_wconf 90' lang='lat' dir='ltr'>su-</span> 
     </span>
     <span class='ocr_line' id='line_1_27' title="bbox 117 1630 1455 1686; baseline -0.001 -14"><span class='ocrx_word' id='word_1_200' title='bbox 117 1631 289 1686; x_wconf 85' lang='lat' dir='ltr'>spicari,</span> <span class='ocrx_word' id='word_1_201' title='bbox 334 1631 481 1672; x_wconf 87' lang='lat' dir='ltr'>statim</span> <span class='ocrx_word' id='word_1_202' title='bbox 530 1645 574 1672; x_wconf 89' lang='lat' dir='ltr'>se</span> <span class='ocrx_word' id='word_1_203' title='bbox 618 1632 671 1672; x_wconf 87' lang='lat' dir='ltr'>ad</span> <span class='ocrx_word' id='word_1_204' title='bbox 716 1631 904 1672; x_wconf 86' lang='lat' dir='ltr'>hominis</span> <span class='ocrx_word' id='word_1_205' title='bbox 948 1631 1130 1684; x_wconf 79' lang='lat' dir='ltr'>egentis,</span> <span class='ocrx_word' id='word_1_206' title='bbox 1173 1630 1362 1683; x_wconf 83' lang='lat' dir='ltr'>audacis,</span> <span class='ocrx_word' id='word_1_207' title='bbox 1409 1630 1455 1671; x_wconf 88' lang='lat' dir='ltr'>in</span> 
     </span>
     <span class='ocr_line' id='line_1_28' title="bbox 115 1689 1454 1744; baseline -0.001 -13"><span class='ocrx_word' id='word_1_208' title='bbox 115 1690 281 1731; x_wconf 84' lang='lat' dir='ltr'>iudiciis</span> <span class='ocrx_word' id='word_1_209' title='bbox 321 1690 639 1744; x_wconf 86' lang='lat' dir='ltr'>corrumpendis</span> <span class='ocrx_word' id='word_1_210' title='bbox 685 1690 921 1741; x_wconf 81' lang='lat' dir='ltr'>exercitati,</span> <span class='ocrx_word' id='word_1_211' title='bbox 964 1692 1057 1730; x_wconf 87' lang='lat' dir='ltr'>tum</span> <span class='ocrx_word' id='word_1_212' title='bbox 1104 1691 1248 1730; x_wconf 86' lang='lat' dir='ltr'>autem</span> <span class='ocrx_word' id='word_1_213' title='bbox 1288 1689 1454 1742; x_wconf 88' lang='lat' dir='ltr'>iudicis,</span> 
     </span>
     <span class='ocr_line' id='line_1_29' title="bbox 119 1747 1455 1802; baseline -0.001 -13"><span class='ocrx_word' id='word_1_214' title='bbox 119 1748 291 1802; x_wconf 83' lang='lat' dir='ltr'>Staieni,</span> <span class='ocrx_word' id='word_1_215' title='bbox 337 1748 680 1789; x_wconf 78' lang='lat' dir='ltr'>familiaritatem</span> <span class='ocrx_word' id='word_1_216' title='bbox 729 1749 808 1800; x_wconf 81' lang='lat' dir='ltr'>[se]</span> <span class='ocrx_word' id='word_1_217' title='bbox 861 1748 1104 1802; x_wconf 84' lang='lat' dir='ltr'>applicavit.</span> <span class='ocrx_word' id='word_1_218' title='bbox 1165 1747 1229 1789; x_wconf 87' lang='lat' dir='ltr'>Ac</span> <span class='ocrx_word' id='word_1_219' title='bbox 1268 1747 1455 1802; x_wconf 88' lang='lat' dir='ltr'>primum</span> 
     </span>
     <span class='ocr_line' id='line_1_30' title="bbox 119 1806 1453 1860; baseline -0.001 -12"><span class='ocrx_word' id='word_1_220' title='bbox 119 1806 377 1848; x_wconf 86' lang='lat' dir='ltr'>Scamandro</span> <span class='ocrx_word' id='word_1_221' title='bbox 415 1822 486 1848; x_wconf 87' lang='lat' dir='ltr'>reo</span> <span class='ocrx_word' id='word_1_222' title='bbox 525 1810 696 1847; x_wconf 82' lang='lat' dir='ltr'>tantum</span> <span class='ocrx_word' id='word_1_223' title='bbox 735 1806 893 1858; x_wconf 89' lang='lat' dir='ltr'>[donis]</span> <span class='ocrx_word' id='word_1_224' title='bbox 933 1806 1044 1847; x_wconf 86' lang='lat' dir='ltr'>datis</span> <span class='ocrx_word' id='word_1_225' title='bbox 1084 1806 1453 1860; x_wconf 87' lang='lat' dir='ltr'>muneribus[que]</span> 
     </span>
     <span class='ocr_line' id='line_1_31' title="bbox 67 1864 1455 1919; baseline -0.001 -13"><span class='ocrx_word' id='word_1_226' title='bbox 67 1877 100 1903; x_wconf 72' lang='lat'>³0</span> <span class='ocrx_word' id='word_1_227' title='bbox 121 1866 372 1919; x_wconf 83' lang='lat' dir='ltr'>perfecerat,</span> <span class='ocrx_word' id='word_1_228' title='bbox 415 1868 463 1906; x_wconf 88' lang='lat' dir='ltr'>ut</span> <span class='ocrx_word' id='word_1_229' title='bbox 507 1880 555 1907; x_wconf 90' lang='lat' dir='ltr'>eo</span> <span class='ocrx_word' id='word_1_230' title='bbox 599 1865 766 1906; x_wconf 85' lang='lat' dir='ltr'>fautore</span> <span class='ocrx_word' id='word_1_231' title='bbox 809 1867 1002 1906; x_wconf 85' lang='lat' dir='ltr'>uteretur</span> <span class='ocrx_word' id='word_1_232' title='bbox 1046 1864 1278 1918; x_wconf 87' lang='lat' dir='ltr'>cupidiore,</span> <span class='ocrx_word' id='word_1_233' title='bbox 1327 1879 1455 1919; x_wconf 87' lang='lat' dir='ltr'>quam</span> 
     </span>
     <span class='ocr_line' id='line_1_32' title="bbox 118 1921 1456 1978; baseline -0.001 -14"><span class='ocrx_word' id='word_1_234' title='bbox 118 1924 222 1965; x_wconf 87' lang='lat' dir='ltr'>fides</span> <span class='ocrx_word' id='word_1_235' title='bbox 259 1924 409 1965; x_wconf 89' lang='lat' dir='ltr'>iudicis</span> <span class='ocrx_word' id='word_1_236' title='bbox 448 1924 709 1978; x_wconf 86' lang='lat' dir='ltr'>postulabat.</span> <span class='ocrx_word' id='word_1_237' title='bbox 771 1923 875 1964; x_wconf 86' lang='lat' dir='ltr'>Post</span> <span class='ocrx_word' id='word_1_238' title='bbox 913 1926 1055 1964; x_wconf 88' lang='lat' dir='ltr'>autem</span> <span class='ocrx_word' id='word_1_239' title='bbox 1088 1938 1183 1965; x_wconf 87' lang='lat' dir='ltr'>cum</span> <span class='ocrx_word' id='word_1_240' title='bbox 1215 1926 1328 1964; x_wconf 90' lang='lat' dir='ltr'>esset</span> <span class='ocrx_word' id='word_1_241' title='bbox 1361 1921 1456 1964; x_wconf 88' lang='lat' dir='ltr'>Sca-</span> 
     </span>
     <span class='ocr_line' id='line_1_33' title="bbox 119 1981 1457 2036; baseline -0.001 -13"><span class='ocrx_word' id='word_1_242' title='bbox 119 1983 296 2023; x_wconf 88' lang='lat' dir='ltr'>mander</span> <span class='ocrx_word' id='word_1_243' title='bbox 341 1983 465 2025; x_wconf 88' lang='lat' dir='ltr'>unius</span> <span class='ocrx_word' id='word_1_244' title='bbox 505 1981 667 2024; x_wconf 77' lang='lat' dir='ltr'>Staieni</span> <span class='ocrx_word' id='word_1_245' title='bbox 706 1982 919 2023; x_wconf 88' lang='lat' dir='ltr'>sententia</span> <span class='ocrx_word' id='word_1_246' title='bbox 962 1982 1204 2036; x_wconf 87' lang='lat' dir='ltr'>absolutus,</span> <span class='ocrx_word' id='word_1_247' title='bbox 1247 1984 1457 2036; x_wconf 84' lang='lat' dir='ltr'>patronus</span> 
     </span>
     <span class='ocr_line' id='line_1_34' title="bbox 122 2040 1457 2094; baseline -0.001 -13"><span class='ocrx_word' id='word_1_248' title='bbox 122 2044 263 2081; x_wconf 87' lang='lat' dir='ltr'>autem</span> <span class='ocrx_word' id='word_1_249' title='bbox 297 2040 546 2082; x_wconf 85' lang='lat' dir='ltr'>Scamandri</span> <span class='ocrx_word' id='word_1_250' title='bbox 583 2056 634 2082; x_wconf 90' lang='lat' dir='ltr'>ne</span> <span class='ocrx_word' id='word_1_251' title='bbox 674 2056 749 2082; x_wconf 88' lang='lat' dir='ltr'>sua</span> <span class='ocrx_word' id='word_1_252' title='bbox 789 2041 956 2094; x_wconf 88' lang='lat' dir='ltr'>quidem</span> <span class='ocrx_word' id='word_1_253' title='bbox 995 2041 1207 2082; x_wconf 75' lang='lat' dir='ltr'>sententia</span> <span class='ocrx_word' id='word_1_254' title='bbox 1238 2040 1457 2092; x_wconf 86' lang='lat' dir='ltr'>liberatus,</span> 
     </span>
     <span class='ocr_line' id='line_1_35' title="bbox 121 2098 1458 2151; baseline -0.001 -11"><span class='ocrx_word' id='word_1_255' title='bbox 121 2099 356 2140; x_wconf 86' lang='lat' dir='ltr'>acrioribus</span> <span class='ocrx_word' id='word_1_256' title='bbox 389 2100 520 2141; x_wconf 87' lang='lat' dir='ltr'>saluti</span> <span class='ocrx_word' id='word_1_257' title='bbox 552 2114 652 2141; x_wconf 89' lang='lat' dir='ltr'>suae</span> <span class='ocrx_word' id='word_1_258' title='bbox 685 2099 882 2140; x_wconf 87' lang='lat' dir='ltr'>remediis</span> <span class='ocrx_word' id='word_1_259' title='bbox 915 2099 1249 2141; x_wconf 85' lang='lat' dir='ltr'>subveniendum</span> <span class='ocrx_word' id='word_1_260' title='bbox 1277 2098 1458 2151; x_wconf 72' lang='lat' dir='ltr'>putavit.</span> 
     </span>
     <span class='ocr_line' id='line_1_36' title="bbox 68 2156 1459 2210; baseline -0.001 -12"><span class='ocrx_word' id='word_1_261' title='bbox 68 2168 101 2194; x_wconf 78' lang='lat'>35</span> <span class='ocrx_word' id='word_1_262' title='bbox 121 2157 230 2198; x_wconf 86' lang='lat' dir='ltr'>Tum</span> <span class='ocrx_word' id='word_1_263' title='bbox 267 2157 319 2198; x_wconf 86' lang='lat' dir='ltr'>ab</span> <span class='ocrx_word' id='word_1_264' title='bbox 359 2156 549 2209; x_wconf 88' lang='lat' dir='ltr'>Staieno,</span> <span class='ocrx_word' id='word_1_265' title='bbox 588 2159 697 2199; x_wconf 87' lang='lat' dir='ltr'>sicut</span> <span class='ocrx_word' id='word_1_266' title='bbox 736 2158 788 2199; x_wconf 89' lang='lat' dir='ltr'>ab</span> <span class='ocrx_word' id='word_1_267' title='bbox 826 2157 998 2199; x_wconf 89' lang='lat' dir='ltr'>homine</span> <span class='ocrx_word' id='word_1_268' title='bbox 1037 2159 1089 2199; x_wconf 91' lang='lat' dir='ltr'>ad</span> <span class='ocrx_word' id='word_1_269' title='bbox 1128 2156 1459 2210; x_wconf 75' lang='lat' dir='ltr'>excogitandum</span> 
     </span>
     <span class='ocr_line' id='line_1_37' title="bbox 122 2214 1459 2270; baseline -0.001 -14"><span class='ocrx_word' id='word_1_270' title='bbox 122 2216 384 2267; x_wconf 86' lang='lat' dir='ltr'>acutissimo,</span> <span class='ocrx_word' id='word_1_271' title='bbox 418 2216 470 2257; x_wconf 90' lang='lat' dir='ltr'>ad</span> <span class='ocrx_word' id='word_1_272' title='bbox 502 2216 741 2258; x_wconf 89' lang='lat' dir='ltr'>audendum</span> <span class='ocrx_word' id='word_1_273' title='bbox 773 2216 1159 2270; x_wconf 85' lang='lat' dir='ltr'>impudentissimo,</span> <span class='ocrx_word' id='word_1_274' title='bbox 1191 2215 1244 2256; x_wconf 90' lang='lat' dir='ltr'>ad</span> <span class='ocrx_word' id='word_1_275' title='bbox 1276 2214 1459 2255; x_wconf 79' lang='lat' dir='ltr'>efficien-</span> 
     </span>
     <span class='ocr_line' id='line_1_38' title="bbox 123 2273 1459 2330; baseline -0.001 -16"><span class='ocrx_word' id='word_1_276' title='bbox 123 2273 221 2315; x_wconf 88' lang='lat' dir='ltr'>dum</span> <span class='ocrx_word' id='word_1_277' title='bbox 269 2275 476 2316; x_wconf 84' lang='lat' dir='ltr'>acerrimo</span> <span class='ocrx_word' id='word_1_278' title='bbox 524 2275 647 2330; x_wconf 80' lang='lat' dir='ltr'>(haec</span> <span class='ocrx_word' id='word_1_279' title='bbox 695 2274 807 2316; x_wconf 89' lang='lat' dir='ltr'>enim</span> <span class='ocrx_word' id='word_1_280' title='bbox 853 2275 927 2315; x_wconf 83' lang='lat' dir='ltr'>ille</span> <span class='ocrx_word' id='word_1_281' title='bbox 974 2278 1017 2316; x_wconf 88' lang='lat' dir='ltr'>et</span> <span class='ocrx_word' id='word_1_282' title='bbox 1062 2275 1204 2328; x_wconf 86' lang='lat' dir='ltr'>aliqua</span> <span class='ocrx_word' id='word_1_283' title='bbox 1248 2287 1298 2314; x_wconf 77' lang='lat' dir='ltr'>ex</span> <span class='ocrx_word' id='word_1_284' title='bbox 1337 2274 1459 2327; x_wconf 80' lang='lat' dir='ltr'>parte</span> 
     </span>
    </p>
   </div>
   <div class='ocr_carea' id='block_1_3' title="bbox 1472 400 1513 431">
    <p class='ocr_par' dir='ltr' id='par_1_3' title="bbox 1472 400 1513 431">
     <span class='ocr_line' id='line_1_39' title="bbox 1472 400 1513 431; baseline -0.024 0"><span class='ocrx_word' id='word_1_285' title='bbox 1472 400 1513 431; x_wconf 81' lang='lat'>65</span> 
     </span>
    </p>
   </div>
   <div class='ocr_carea' id='block_1_4' title="bbox 1477 1058 1519 1088">
    <p class='ocr_par' dir='ltr' id='par_1_4' title="bbox 1477 1058 1519 1088">
     <span class='ocr_line' id='line_1_40' title="bbox 1477 1058 1519 1088; baseline 0 0"><span class='ocrx_word' id='word_1_286' title='bbox 1477 1058 1519 1088; x_wconf 78' lang='lat'>66</span> 
     </span>
    </p>
   </div>
   <div class='ocr_carea' id='block_1_5' title="bbox 1484 1934 1525 1965">
    <p class='ocr_par' dir='ltr' id='par_1_5' title="bbox 1484 1934 1525 1965">
     <span class='ocr_line' id='line_1_41' title="bbox 1484 1934 1525 1965; baseline -0.024 0"><span class='ocrx_word' id='word_1_287' title='bbox 1484 1934 1525 1965; x_wconf 81' lang='lat'>67</span> 
     </span>
    </p>
   </div>
  </div>
 </body>
</html>
