1619 2542
53 201 118 232 165

54 787 120 817 166

55 1198 120 1228 167

128 93 212 134 164
473 92 565 128 PRO
592 92 635 126 A.
663 91 901 126 CLUENTIO
930 91 1120 127 ORATIO.

211 188 436 231 Obiectum
458 191 523 230 est
537 187 581 230 O.
595 188 773 230 Vibium
795 187 1093 242 Cappadocem
1115 188 1168 229 ab
1189 187 1270 229 hoc
1290 187 1341 230 A.
1367 186 1462 230 Clu-

122 248 238 289 entio
276 262 437 289 veneno
482 262 575 289 esse
619 248 852 288 sublatum.
918 245 1136 300 Oportune
1175 246 1295 288 adest
1331 247 1460 288 homo

123 321 290 348 summa
327 306 409 347 fide
443 309 485 347 et
524 306 640 347 omni
670 306 831 346 virtute
862 305 1101 360 praeditus,
1131 304 1177 346 L.
1209 304 1463 358 Plaetorius,

123 367 308 418 senator,
334 365 407 419 qui
432 365 549 405 illius
569 364 672 405 Vibi
698 364 856 417 hospes
882 364 966 404 fuit
991 366 1034 404 et
1057 363 1298 405 familiaris.
1335 363 1463 418 Apud

121 424 234 465 hunc
283 424 354 464 ille
399 423 559 464 Romae
610 423 844 475 habitavit,
895 421 1008 476 apud
1050 422 1162 464 hunc
1207 422 1462 477 aegrotavit,

122 483 248 523 huius
287 482 402 523 domi
444 484 509 522 est
541 484 749 523 mortuus.
810 480 1071 522 Intestatum
1104 480 1197 522 dico
1230 495 1322 522 esse
1354 495 1463 522 mor-

122 545 245 582 tuum
282 541 681 595 possessionemque
721 540 810 580 eius
848 541 1056 580 bonorum
1091 553 1141 580 ex
1173 539 1312 581 edicto
1345 554 1463 594 prae-

123 600 230 641 toris
262 599 360 640 huic
392 599 510 640 illius
544 599 704 640 sororis
730 599 831 651 filio,
864 598 1125 639 adulescenti
1150 597 1462 652 pudentissimo

124 661 166 698 et
196 658 242 698 in
266 658 417 712 primis
443 658 638 711 honesto,
671 657 804 711 equiti
830 656 1036 711 Romano,
1071 657 1227 710 datam,
1258 656 1462 697 Numerio

123 716 343 770 Cluentio,
375 731 501 770 quem
533 716 700 757 videtis.

212 775 410 816 Alterum
453 775 647 816 veneficii
692 774 852 816 crimen
896 773 1132 829 Oppianico
1177 774 1276 815 huic
1320 773 1464 815 adule—

125 834 278 887 scenti,
317 849 414 875 cum
452 834 541 875 eius
579 834 623 874 in
660 833 823 887 nuptiis
862 847 980 874 more
1013 832 1280 874 Larinatium
1322 832 1464 873 multi-

123 893 225 934 tudo
270 892 491 933 hominum
535 892 782 947 pranderet,
836 906 1045 933 venenum
1088 890 1240 932 Habiti
1284 891 1463 932 consilio

122 954 341 1006 paratum3
379 951 421 991 id
454 966 550 992 011111
583 951 756 992 daretur
787 950 832 990 in
864 950 1022 1004 mulso,
1053 949 1305 991 Balbutium
1338 964 1464 1003 quen—

127 1011 242 1063 dam,
280 1010 369 1050 eius
401 1009 677 1063 familiarem,
711 1009 1004 1063 intercepisse,
1042 1008 1201 1049 bibisse
1234 1008 1464 1062 statimque
1502 1019 1517 1044 5

126 1084 218 1110 esse
244 1071 474 1110 mortuum.
519 1067 614 1109 Hoc
640 1081 721 1122 ego
749 1067 785 1108 si
811 1068 872 1109 sic
899 1081 1082 1122 agerem,
1113 1070 1333 1120 tamquam
1359 1067 1465 1107 mihi

124 1127 284 1168 crimen
317 1130 429 1168 esset
454 1126 710 1178 diluendum,
742 1126 845 1167 haec
877 1126 1072 1180 pluribus
1099 1126 1240 1166 verbis
1267 1125 1464 1178 dicerem,

137 1200 211 1239 per
256 1200 364 1239 quae
407 1199 519 1226 nunc
562 1185 709 1239 paucis
752 1184 964 1238 percurrit
1007 1184 1145 1225 oratio
1191 1198 1296 1225 mea.
1356 1182 1466 1231 Quid

126 1259 331 1298 umquam
358 1243 544 1284 Habitus
578 1244 623 1283 in
655 1257 698 1284 se
730 1243 915 1295 admisit,
946 1245 994 1283 ut
1025 1242 1107 1284 hoc
1137 1245 1307 1283 tantum
1336 1242 1387 1282 ab
1416 1256 1464 1283 eo

123 1303 290 1344 facinus
328 1317 415 1344 non
453 1302 683 1343 abhorrere
721 1301 944 1342 videatur?
984 1301 1084 1355 quid
1122 1303 1266 1341 autem
1308 1313 1463 1354 magno
1484 1313 1498 1337 2

126 1376 252 1416 opere
285 1361 569 1415 Oppianicum
601 1361 832 1412 metuebat,
863 1374 958 1400 cum
990 1359 1062 1400 ille
1088 1360 1266 1400 verbum
1292 1360 1464 1400 omnino

126 1421 170 1461 111
200 1420 282 1461 hac
313 1420 409 1474 ipsa
441 1434 568 1460 causa
599 1419 763 1460 nullum
794 1418 936 1459 facere
961 1418 1163 1472 potuerit,
1194 1418 1294 1459 huic
1321 1420 1464 1458 autem

127 1481 395 1520 accusatores
435 1478 531 1519 viva
569 1480 707 1518 matre
744 1477 889 1518 deesse
926 1491 1012 1518 non
1043 1477 1238 1530 possint?
1278 1476 1321 1517 id
1353 1475 1465 1530 quod

126 1538 212 1578 iam
251 1537 525 1592 intellegetis.
588 1536 656 1576 An
695 1538 742 1576 ut
780 1535 830 1576 de
869 1550 996 1576 causa
1027 1537 1117 1576 eius
1149 1534 1327 1589 periculi
1358 1534 1466 1575 nihil

128 1596 361 1649 decederet,
394 1595 447 1636 ad
479 1609 652 1636 causam
683 1609 841 1635 novum
874 1594 1035 1636 crimen
1067 1593 1312 1635 accederet?
1344 1592 1466 1641 Quod

128 1657 271 1695 autem
308 1657 477 1708 tempus
510 1653 661 1695 veneni
692 1653 819 1694 dandi
856 1652 930 1694 illo
963 1653 1048 1704 die,
1085 1653 1162 1693 illa
1195 1651 1465 1706 frequentia?

128 1727 203 1766 per
235 1727 362 1766 quem
393 1727 522 1766 porro
555 1712 732 1753 datum?
764 1711 873 1752 unde
906 1711 1152 1765 sumptum?
1185 1725 1292 1764 quae
1318 1709 1465 1750 deinde

129 1771 383 1824 interceptio
417 1771 591 1824 poculi?
624 1785 697 1811 cur
728 1785 815 1811 non
847 1770 897 1810 de
922 1770 1091 1824 integro
1119 1771 1261 1810 autem
1288 1767 1464 1808 datum?

127 1829 267 1870 Multa
305 1832 420 1882 sunt,
458 1844 565 1883 quae
604 1829 686 1870 dici
714 1831 926 1882 possunt,
965 1829 1037 1869 sed
1068 1842 1154 1870 non
1185 1826 1465 1879 committam,

129 1890 177 1928 ut
207 1887 353 1928 videar
383 1902 470 1927 non
501 1888 675 1929 dicendo
702 1887 889 1928 voluisse
921 1887 1076 1940 dicere3
1107 1900 1173 1927 res
1201 1885 1314 1925 enim
1341 1885 1463 1936 [iam]

63 1957 126 1989 1G8
143 1960 187 1987 se
230 1946 325 2000 ipsa
368 1945 568 1986 defendit.
635 1945 759 2000 Nego
803 1945 924 1986 illum
969 1944 1300 1997 adulescentem,
1339 1957 1465 1997 quem

131 2005 280 2046 statim
322 2006 446 2057 epoto
485 2004 638 2058 poculo
676 2006 892 2045 mortuum
931 2017 1023 2044 esse
1062 2002 1248 2053 dixistis,
1291 2001 1464 2043 omnino

130 2064 207 2104 illo
239 2062 306 2104 die
338 2076 429 2103 esse
461 2064 686 2103 mortuum.
743 2062 947 2116 Magnum
979 2060 1137 2102 crimen
1168 2064 1212 2101 et
1241 2060 1464 2113 impudens

132 2121 416 2162 mendacium!
476 2119 710 2174 Perspicite
749 2123 901 2162 cetera.
962 2119 1066 2160 Dico
1108 2119 1248 2172 illum,
1286 2133 1382 2160 cum
1412 2118 1465 2158 ad

132 2180 238 2221 illud
269 2179 494 2233 prandium
526 2179 694 2219 crudior
725 2179 911 2220 venisset
944 2180 1002 2230 et,
1034 2180 1082 2218 ut
1113 2181 1230 2218 aetas
1262 2177 1338 2218 illa
1368 2176 1464 2228 fert,

135 2239 218 2279 sibi
255 2241 347 2279 tum
384 2252 471 2279 non
508 2236 786 2291 pepercisset,
824 2237 987 2290 aliquot
1024 2236 1112 2276 dies
1146 2238 1393 2291 aegrotasse
1425 2237 1466 2276 et

134 2297 196 2337 ita
233 2311 324 2338 esse
362 2298 587 2337 mortuum.
650 2294 752 2342 Quis
792 2295 891 2336 huic
927 2293 988 2334 rei
1024 2294 1147 2335 testis
1180 2294 1274 2335 est‘?
1336 2293 1465 2347 Idem,

1485 728 1516 752 10

1485 1604 1519 1629 25

1485 1896 1519 1921 30

1485 2187 1518 2213 35
