1687 2533
222 80 311 120 434
361 79 537 114 ORATIO
565 79 683 114 POST
709 79 926 114 REDITUM
952 79 1003 112 IN
1030 77 1222 113 SENATU
1246 77 1438 112 HABITA.

222 176 402 230 valeret,
440 191 547 231 quae
593 177 732 218 nostri
776 176 959 217 maiores
997 174 1237 216 certissima
1274 175 1462 216 subsidia
1498 174 1560 216 rei

223 235 420 289 publicae
472 237 622 276 contra
670 234 921 275 tribunicios
969 233 1136 274 furores
1186 247 1277 273 esse
1323 233 1558 274 voluerunt.

154 300 196 331 12
223 292 426 348 Idemque
451 296 613 348 postea,
639 308 734 334 cum
753 291 1079 333 innumerabilis
1099 291 1330 332 multitudo
1351 291 1559 332 bonorum

225 351 275 392 de
308 350 522 405 Capitolio
556 352 732 406 supplex
765 351 817 392 ad
849 366 944 392 eum
977 350 1195 391 sordidata
1219 350 1417 402 venisset,
1449 365 1559 391 cum-

224 424 304 464 que
332 411 625 451 adulescentes
651 409 909 451 nobilissimi
936 409 1159 462 cunctique
1186 408 1349 462 equites
1376 408 1560 450 Romani
1579 419 1596 444 5

224 482 270 510 se
314 469 367 509 ad
409 469 594 523 lenonis,
620 467 945 523 impudicissimi
988 468 1115 522 pedes
1161 467 1431 520 abiecissent,
1476 481 1559 520 quo

224 527 346 568 vultu
384 527 647 569 cincinnatus
687 541 822 580 ganeo
860 541 947 567 non
984 526 1123 566 solum
1162 525 1314 566 civium
1348 525 1560 579 lacrimas,

224 600 372 627 verum
416 586 547 626 etiam
591 586 755 639 patriae
799 599 944 639 preces
987 584 1245 637 repudiavit!
1320 582 1468 637 Neque
1511 598 1559 624 6ο

225 647 451 685 contentus
483 644 577 697 fuit,
611 644 683 685 sed
716 643 845 685 etiam
874 643 919 684 in
945 643 1188 684 contionem
1214 642 1402 684 escendit
1428 657 1559 696 eaque

225 703 348 756 dixit,
381 718 500 757 quae,
533 703 568 743 si
601 703 690 743 eius
722 702 788 743 vir
820 701 1007 744 Catilina
1037 701 1274 754 revixisset,
1306 701 1442 742 dicere
1473 715 1561 742 non
1580 712 1614 736 10

225 764 338 803 esset
370 776 514 815 ausus,
547 776 590 802 se
622 760 847 802 Nonarum
879 760 1194 813 Decembrium,
1227 774 1334 814 quae
1365 773 1432 800 me
1463 773 1560 800 con-

225 820 316 861 sule
347 820 546 873 fuissent,
585 820 769 873 clivique
802 818 1035 873 Capitolini
1066 832 1227 873 poenas
1259 819 1312 859 ab
1345 817 1561 872 equitibus

224 879 431 920 Romanis
464 893 556 919 6336
582 879 874 932 repetiturum.
918 877 1066 930 Neque
1094 877 1231 918 solum
1259 877 1301 917 id
1328 876 1446 930 dixit,
1478 877 1562 929 sed,

225 952 330 991 quos
358 937 396 979 ei
422 937 692 978 commodum
717 936 812 989 fuit,
843 935 1130 990 compellavit,
1161 935 1208 976 L.
1227 949 1328 976 vero
1356 934 1562 988 Lamiam,

226 997 409 1049 equitem
441 995 701 1049 Romanum,
739 994 978 1048 praestanti
1015 994 1225 1048 dignitate
1261 994 1480 1034 hominem
1520 996 1562 1034 et
1582 1003 1615 1029 15

227 1055 358 1095 saluti
383 1069 501 1095 meae
528 1069 605 1108 pro
631 1053 939 1105 familiaritate,
965 1052 1026 1093 rei
1052 1052 1247 1105 publicae
1273 1067 1349 1106 pro
1376 1052 1561 1093 fortunis

227 1113 313 1153 suis
359 1112 683 1165 amicissimum,
726 1112 874 1159 consul
917 1111 1170 1165 imperiosus
1217 1111 1329 1151 exire
1372 1124 1421 1152 ex
1457 1111 1562 1151 urbe

226 1171 363 1212 iussit.
430 1170 487 1212 Et
531 1185 626 1211 cum
669 1185 744 1211 vos
789 1174 950 1211 vestem
996 1169 1243 1210 mutandam
1288 1169 1561 1210 censuissetis

227 1229 449 1282 cunctique
481 1229 727 1270 mutassetis
761 1231 887 1283 atque
913 1228 1025 1268 idem
1052 1242 1197 1269 omnes
1225 1228 1326 1268 boni
1351 1228 1437 1268 iam
1463 1229 1562 1268 ante

226 1288 444 1341 fecissent,
485 1288 557 1328 ille
595 1287 824 1342 unguentis
867 1287 1026 1328 oblitus
1066 1300 1161 1326 cum
1194 1289 1298 1341 toga
1328 1289 1562 1340 praetexta,
1583 1297 1616 1322 20

228 1361 356 1400 quam
407 1361 553 1387 omnes
604 1349 823 1400 praetores
875 1345 1115 1398 aedilesque
1166 1348 1259 1386 tum
1309 1345 1564 1397 abiecerant,

226 1405 368 1446 inrisit
401 1405 643 1459 squalorem
676 1407 865 1445 vestrum
898 1406 939 1445 et
970 1404 1132 1444 luctum
1165 1403 1435 1458 gratissimae
1467 1403 1565 1445 civi-

227 1464 331 1504 tatis
363 1463 558 1517 fecitque,
591 1463 704 1517 quod
735 1477 860 1503 nemo
893 1477 1095 1516 umquam
1127 1465 1350 1515 tyrannus,
1381 1465 1447 1515 ut,
1479 1476 1563 1515 quo

228 1523 369 1563 minus
424 1523 586 1563 occulte
636 1524 824 1563 vestrum
875 1521 1037 1562 malum
1089 1520 1332 1574 gemeretis,
1381 1519 1412 1572 †
1454 1520 1563 1560 nihil

198 1581 403 1656 6diceret,
440 1595 493 1620 ne
533 1583 678 1634 aperte
716 1579 986 1621 incommoda
1018 1580 1183 1632 patriae
1216 1579 1439 1633 lugeretis,
1478 1577 1561 1619 edi·
1582 1586 1615 1613 25

176 1641 352 1695 33ceret.
420 1637 525 1679 Cum
572 1653 670 1680 vero
716 1639 759 1679 in
803 1639 913 1679 circo
952 1637 1162 1678 Flaminio
1206 1652 1291 1678 non
1330 1652 1354 1678 a
1390 1637 1563 1677 tribuno

228 1698 283 1751 pl.
328 1697 473 1739 consul
517 1697 561 1737 in
605 1697 867 1750 contionem,
910 1696 983 1737 sed
1028 1711 1052 1736 a
1094 1696 1260 1737 latrone
1305 1695 1565 1749 archipirata

228 1755 459 1808 productus
487 1760 611 1807 esset,
637 1755 823 1810 primum
849 1754 1069 1808 processit,
1095 1769 1178 1808 qua
1205 1753 1460 1795 auctoritate
1480 1753 1563 1794 vir!

178 1835 194 1849 ω
229 1813 348 1864 Vini,
381 1814 537 1865 somni,
570 1814 708 1868 stupri
739 1814 910 1867 plenuS,
941 1812 1130 1854 madenti
1162 1826 1294 1866 coma,
1326 1812 1563 1865 composito

228 1872 399 1926 capillo,
432 1872 634 1926 gravibus
669 1873 814 1924 oculis,
845 1872 1074 1912 fluentibus
1103 1871 1256 1924 buccis,
1287 1884 1436 1924 pressa
1461 1884 1563 1911 voce
1583 1881 1616 1907 30

230 1934 272 1971 et
301 1930 550 1982 temulenta,
584 1930 695 1983 quod
729 1931 772 1970 in
804 1930 907 1971 civis
939 1930 1208 1970 indemnatos
1235 1931 1348 1969 esset
1374 1928 1564 1969 animad-

229 2003 416 2041 versum,
459 1988 501 2028 id
547 1988 629 2028 sibi
673 1988 778 2028 dixit
822 1988 964 2043 gravis
1004 1990 1151 2029 auctor
1191 1986 1564 2028 vehementissime

231 2047 465 2100 displicere.
528 2045 613 2087 Ubi
650 2047 774 2087 nobis
811 2047 916 2088 haec
954 2047 1184 2087 auctoritas
1216 2048 1307 2086 tam
1340 2044 1409 2085 diu
1440 2048 1564 2086 tanta

229 2106 384 2146 latuit?
423 2119 497 2146 cur
533 2105 578 2144 in
615 2104 763 2145 lustris
797 2107 839 2145 et
869 2103 1204 2145 helluationibus
1236 2104 1361 2144 huius
1394 2104 1563 2144 calami-

232 2164 359 2204 strati
397 2163 618 2204 saltatoris
651 2165 741 2203 tam
774 2163 929 2204 eximia
962 2162 1094 2203 virtus
1126 2164 1215 2202 tam
1248 2161 1319 2202 diu
1351 2161 1562 2203 cessavit?
1582 2172 1616 2198 35

232 2222 345 2264 Nam
376 2222 450 2262 ille
483 2222 590 2262 alter
622 2219 883 2262 Caesoninus
918 2220 1161 2262 Calventius
1195 2221 1248 2261 ab
1276 2220 1563 2261 adulescentia

232 2283 426 2323 versatus
472 2282 536 2321 est
579 2279 623 2320 in
665 2279 776 2333 foro,
826 2294 919 2320 cum
966 2293 1060 2320 eum
1104 2281 1274 2333 praeter
1317 2278 1563 2319 simulatam
