1619 2542
560 102 662 138 CAP.
690 107 781 137 2—4
808 106 827 145 ἓ
854 106 955 137 4—9.
1348 102 1428 143 191

90 198 278 240 universi
318 199 468 253 populi
500 197 683 239 Romani
720 198 873 240 iudicio
913 199 1132 240 consulem
1164 199 1226 240 ita
1256 198 1431 251 factum,

89 261 137 299 ut
173 257 454 299 nobilissimis
492 257 739 298 hominibus
771 257 900 313 longe
931 272 1233 311 praeponerer,
1270 272 1358 299 non
1388 260 1431 299 et

89 317 134 357 in
165 316 246 358 hoc
278 316 537 371 magistratu
576 318 618 356 et
655 315 700 356 in
743 316 860 357 omni
898 316 989 357 vita
1027 331 1166 357 essem
1197 316 1432 371 popularis.

91 374 172 416 Sed
205 375 310 416 mihi
343 374 395 415 ad
421 374 546 415 huius
571 374 679 415 verbi
704 374 790 415 vim
817 377 859 415 et
884 374 1284 429 interpretationem
1308 375 1431 417 vehe-

55 444 71 469 5
92 436 257 475 menter
307 448 412 487 opus
463 436 528 474 est
579 436 723 473 vestra
774 433 996 486 sapientia.
1057 433 1268 475 Versatur
1318 434 1430 475 enim

91 506 272 547 magnus
313 506 431 532 error
469 494 646 546 propter
678 491 907 533 insidiosas
938 506 1025 533 non
1055 493 1271 534 nullorum
1304 493 1431 533 simu-

91 551 287 603 lationes,
322 550 394 605 qui
426 564 521 591 cum
553 550 701 604 populi
733 565 820 591 non
847 551 987 591 solum
1013 551 1248 604 commoda,
1282 566 1429 592 verum

92 610 222 651 etiam
262 609 446 650 salutem
479 611 730 663 oppugnant
763 611 805 650 et
836 609 1092 663 impediunt,
1134 610 1326 651 oratione
1360 610 1430 651 ad-

93 668 212 722 sequi
237 668 400 721 volunt,
426 670 474 708 ut
493 669 721 721 populares
742 681 834 708 esse
854 667 1090 710 videantur.
1133 668 1229 724 Ego
1257 669 1428 723 qualem
1456 678 1476 710 8

41 737 74 761 10
92 726 296 767 Kalendis
322 725 532 767 Ianuariis
566 726 801 780 acceperim
833 741 924 767 rem
955 704 1200 780 1101011031οῗ
1230 726 1429 793 Quirites,

89 785 308 840 intellego,
333 785 503 839 plenam
531 785 842 838 sollicitudinis,
868 785 1043 839 plenam
1070 785 1257 838 timoris3
1282 786 1327 827 111
1347 801 1431 840 qua

90 844 198 885 nihil
225 847 316 885 erat
341 843 455 897 mali,
479 843 588 884 nihil
616 843 794 897 adversi,
821 843 932 897 quod
950 858 1038 885 non
1058 844 1159 885 boni
1180 819 1430 898 metuerent,

91 903 277 957 improbi
303 905 615 957 exspectarent,
641 902 785 943 omnia
810 903 1061 944 turbulenta
1081 903 1261 944 consilia
1281 906 1430 945 contra

91 962 203 1002 hunc
246 961 308 1002 rei
348 961 542 1015 publicae
587 963 749 1001 statum
790 964 833 1001 et
876 964 1026 1002 contra
1063 964 1255 1003 vestrum
1294 962 1431 1003 otium

40 1029 72 1054 15
93 1020 252 1074 partim
284 1019 396 1073 iniri,
427 1020 584 1074 partim
616 1019 741 1060 nobis
775 1019 1022 1061 consulibus
1055 1020 1292 1075 designatis
1324 1021 1431 1062 inita

93 1093 184 1119 esse
236 1078 501 1132 dicebantur3
556 1078 726 1119 sublata
779 1081 871 1119 erat
929 1078 979 1119 de
1033 1078 1127 1120 foro
1180 1079 1285 1120 fides
1344 1094 1432 1120 non

90 1138 179 1178 ictu
206 1137 349 1191 aliquo
373 1151 508 1178 novae
535 1137 806 1190 calamitatis,
833 1137 905 1178 sed
932 1137 1171 1192 suspicione
1193 1153 1239 1179 ac
1266 1141 1432 1192 pertur-

91 1195 265 1237 batione
313 1195 583 1249 iudiciorum,
626 1196 914 1237 infirmatione
950 1210 1092 1237 rerum
1130 1196 1432 1250 iudicatarum,

90 1269 227 1296 novae
265 1254 596 1308 dominationes,
634 1254 974 1296 extraordinaria
1004 1270 1091 1296 non
1122 1255 1320 1310 imperia,
1359 1255 1432 1296 sed

39 1322 74 1347 2⁰
92 1327 225 1368 regna
261 1314 409 1366 quaeri
447 1313 722 1366 putabantur.
785 1312 902 1361 Quae
935 1328 1031 1354 cum
1063 1328 1142 1369 ego
1174 1329 1262 1355 non
1294 1315 1430 1355 solum
1456 1299 1485 1380 ἓ

93 1371 348 1425 suspicarer,
387 1371 459 1412 sed
495 1372 621 1425 plane
659 1386 871 1412 cernerem
909 1372 1063 1426 (neque
1101 1372 1214 1413 enim
1254 1373 1432 1414 obscure

94 1430 392 1485 gerebantur),
436 1430 522 1470 dixi
566 1430 609 1470 in
655 1433 805 1471 senatu
849 1430 893 1470 in
936 1430 1017 1471 hoc
1061 1431 1321 1485 magistratu
1365 1445 1432 1471 me

93 1488 346 1542 popularem
390 1488 606 1529 consulem
650 1488 856 1529 futurum.
919 1487 1029 1536 Quid
1073 1490 1184 1529 enim
1230 1491 1296 1530 est
1342 1491 1431 1530 tam

93 1546 299 1600 populare
332 1561 460 1600 quam
491 1547 602 1599 pax?
637 1561 719 1600 qua
750 1561 837 1588 non
862 1547 988 1587 modo
1016 1546 1066 1600 ei,
1098 1547 1251 1600 quibus
1276 1549 1432 1588 natura

41 1614 75 1639 25
96 1619 267 1646 sensum
299 1604 426 1657 dedit,
453 1604 525 1645 sed
557 1605 687 1645 etiam
719 1607 833 1646 tecta
871 1607 999 1658 atque
1026 1606 1121 1660 agri
1146 1605 1253 1646 mihi
1279 1606 1433 1647 laetari

95 1663 304 1705 videntur.
367 1662 475 1711 Quid
513 1665 603 1703 tam
640 1664 846 1717 populare
886 1678 1013 1717 quam
1052 1664 1261 1705 libertas?
1304 1679 1431 1718 quam

94 1736 182 1763 non
219 1722 357 1762 solum
397 1721 450 1762 ab
482 1721 746 1774 hominibus,
784 1736 930 1762 verum
963 1723 1093 1763 etiam
1126 1737 1151 1763 a
1182 1723 1332 1764 bestiis
1364 1738 1431 1764 ex-

95 1780 184 1835 peti
215 1783 342 1834 atque
374 1780 572 1821 omnibus
604 1780 729 1821 rebus
762 1781 964 1834 anteponi
995 1780 1160 1823 videtis.
1206 1780 1315 1830 Quid
1341 1784 1432 1823 tam

95 1839 302 1893 populare
334 1853 462 1892 quam
495 1839 661 1879 otium?
701 1839 811 1892 quod
843 1839 904 1879 ita
934 1839 1163 1880 iucundum
1196 1842 1279 1894 est,
1310 1842 1358 1881 ut
1390 1843 1433 1881 et

43 1906 78 1932 30
96 1911 173 1938 vos
200 1899 242 1938 et
268 1897 448 1938 maiores
475 1897 608 1938 vestri
628 1895 679 1921 *ἓξ
700 1899 742 1938 et
768 1897 1028 1938 fortissimus
1057 1899 1235 1952 quisque
1255 1899 1319 1940 vir
1346 1914 1432 1939 ma-

96 1956 233 1996 ximos
265 1955 433 1996 labores
462 1955 752 2010 suscipiendos
779 1958 913 2009 putet,
944 1959 992 1997 ut
1017 1957 1246 2011 aliquando
1273 1957 1317 1998 in
1343 1957 1432 1998 otio

96 2014 235 2068 possit
267 2028 370 2065 esse,
401 2014 656 2068 praesertim
687 2014 732 2054 in
757 2015 935 2068 irnperio
969 2029 1017 2056 ac
1049 2015 1270 2071 dignitate.
1323 2015 1434 2064 Quin

97 2072 253 2113 idcirco
298 2072 429 2113 etiam
472 2073 705 2114 maioribus
748 2073 908 2113 nostris
951 2074 1226 2128 praecipuam
1264 2073 1433 2114 laudem

99 2130 368 2185 gratiamque
401 2131 620 2183 debemus,
660 2131 772 2185 quod
805 2145 950 2172 eorum
982 2132 1129 2173 labore
1162 2135 1228 2173 est
1258 2131 1433 2185 factum,

0 2206 6 2224 ³
45 2198 80 2224 35
99 2189 163 2229 uti
193 2188 366 2242 impune
397 2189 442 2229 in
473 2190 561 2230 otio
595 2204 687 2230 esse
718 2204 952 2243 possemus.
996 2189 1134 2239 Quare
1162 2190 1233 2244 qui
1258 2204 1434 2244 possum

98 2261 185 2288 non
216 2261 308 2287 esse
339 2247 568 2300 popularis,
601 2263 693 2289 cum
720 2248 886 2289 videam
917 2249 1021 2290 haec
1047 2249 1202 2303 omnia,
1234 2247 1438 2302 Quirites,

99 2319 247 2359 pacem
279 2307 514 2360 externam,
551 2306 797 2348 libertatem
828 2307 1047 2361 propriam
1080 2307 1245 2362 generis
1279 2321 1327 2348 ac
1358 2320 1434 2347 no-
