1687 2533
184 744 225 775 81

250 108 334 150 368
645 108 739 143 PRO
770 108 807 142 P.
835 107 988 142 SULLA
1015 106 1204 142 ORATIO.

251 220 299 247 ea
337 205 578 258 dicendum,
616 218 876 258 quamquam
915 219 939 245 a
971 218 1038 245 me
1069 203 1219 245 timide
1251 203 1499 259 modiceque
1531 203 1591 245 di-

250 263 404 317 cetur),
442 263 572 318 quid?
611 263 803 317 inquam,
840 262 945 303 haec
984 263 1218 304 auctoritas
1256 266 1425 318 nostra,
1463 263 1536 317 qui
1568 278 1591 304 a

252 324 402 364 ceteris
447 321 754 363 coniurationis
799 321 938 362 causis
984 320 1288 374 abstinuimus,
1338 320 1384 362 P.
1428 319 1592 363 Sullam

251 381 535 433 defendimus,
574 380 683 421 nihil
722 380 835 421 hunc
872 379 1046 421 tandem
1082 379 1278 421 iuvabit?
1347 378 1489 421 Grave
1527 382 1592 421 est

250 441 332 482 hoc
357 439 474 481 dictu
498 438 694 492 fortasse,
721 438 892 489 iudices,
918 452 1061 494 grave,
1088 438 1124 480 si
1150 438 1393 493 appetimus
1413 438 1592 493 aliquid,
1613 450 1628 475 ⁵

252 500 300 552 si,
332 513 427 540 cum
461 498 590 540 ceteri
623 497 672 538 de
704 497 829 538 nobis
862 497 1003 550 silent,
1034 511 1122 538 non
1152 498 1283 538 etiam
1314 500 1485 539 nosmet
1508 497 1594 552 ipsi

250 560 460 609 tacemus,
501 570 650 610 grave,
695 556 785 610 sed,
827 555 864 597 si
904 555 1131 609 laedimur,
1171 555 1209 596 si
1249 570 1515 609 accusamur,
1556 557 1593 598 si

251 616 295 656 in
344 615 551 657 invidiam
601 629 822 669 vocamur,
875 614 1066 669 profecto
1120 614 1368 668 conceditis,
1421 614 1594 668 iudices,

253 677 301 715 ut
344 674 470 716 nobis
514 674 761 715 libertatem
802 673 984 715 retinere
1024 673 1171 726 liceat,
1215 673 1252 715 si
1290 674 1429 715 minus
1466 673 1594 716 liceat

255 733 525 788 dignitatem.
569 731 775 774 Accusati
806 734 908 773 sunt
938 746 1022 773 uno
1054 732 1226 773 nomine
1258 732 1515 785 consulares,
1545 734 1594 774 ut
1615 743 1646 768 ιο
1686 742 1687 759 l

253 793 338 833 iam
370 791 566 833 videatur
596 791 772 832 honoris
805 790 1061 845 amplissimi
1092 805 1249 832 nomen
1280 790 1377 846 plus
1409 790 1594 832 invidiae

254 865 380 905 quam
403 850 629 905 dignitatis
651 849 827 892 adferre.
875 848 1163 903 ‘Adfuerunt’,
1187 849 1340 903 inquit,
1365 847 1595 891 ‘Catilinae

253 909 460 963 illumque
499 907 755 949 laudarunt?
816 907 950 950 Nulla
986 911 1079 949 tum
1116 908 1313 963 patebat,
1349 908 1470 950 nulla
1502 912 1595 950 erat

254 968 431 1021 cognita
464 967 722 1020 coniuratio3
754 966 1040 1008 defendebant
1065 966 1262 1020 amicum,
1295 967 1474 1008 aderant
1499 981 1595 1022 sup-

254 1026 374 1081 plici,
420 1025 534 1067 vitae
578 1026 666 1067 eius
711 1025 1022 1079 turpitudinem
1060 1025 1104 1066 in
1142 1025 1322 1067 summis
1359 1025 1449 1067 eius
1487 1025 1648 1080 pori-1⁵

256 1084 360 1126 culis
404 1098 491 1126 non
534 1083 882 1138 insequebantur.
957 1083 1068 1132 Quin
1113 1084 1240 1125 etiam
1285 1099 1440 1138 parens
1483 1088 1595 1138 tuus,

255 1143 484 1197 Torquate,
514 1142 665 1184 consul
696 1157 768 1184 reo
802 1142 852 1183 de
883 1142 1073 1197 pecuniis
1105 1142 1350 1197 repetundis
1383 1142 1594 1185 Catilinae

254 1202 336 1242 fuit
368 1201 618 1254 advocatus,
655 1200 852 1253 improbo
884 1201 1067 1254 homini,
1103 1203 1148 1242 at
1180 1201 1379 1256 supplici,
1409 1200 1595 1243 fortasse

256 1260 417 1313 audaci,
449 1263 494 1300 at
526 1260 752 1313 aliquando
786 1259 935 1300 amico.
991 1258 1070 1300 Cui
1102 1274 1196 1301 cum
1229 1260 1367 1301 adfuit
1397 1262 1497 1314 post
1529 1260 1595 1301 de-

255 1320 390 1360 latam
423 1319 475 1359 ad
508 1332 603 1359 eum
635 1318 820 1373 primam
851 1318 971 1360 illam
1003 1318 1359 1372 coniurationem,
1390 1318 1595 1360 indicavit
1615 1330 1648 1354 20

257 1392 300 1419 se
329 1377 497 1418 audisse
530 1377 705 1431 aliquid,
736 1391 822 1418 non
855 1376 1096 1418 credidisse.
1159 1376 1234 1418 ‘At
1265 1376 1379 1419 idem
1409 1391 1496 1418 non
1527 1377 1596 1418 ad-

255 1436 339 1477 fuit
381 1436 466 1477 alio
504 1435 549 1476 in
580 1435 753 1489 iudicio,
791 1450 884 1477 cum
919 1435 1118 1477 adessent
1150 1434 1307 1477 ceteri?
1369 1435 1412 1477 Si
1444 1438 1597 1491 postea

257 1498 466 1549 cognorat
502 1495 595 1549 ipse
634 1494 812 1548 aliquid,
851 1494 964 1548 quod
1001 1494 1047 1536 in
1078 1495 1304 1536 consulatu
1341 1494 1596 1550 ignorasset,

256 1553 564 1608 ignoscendum
603 1555 669 1594 est
707 1552 777 1606 iis,
816 1553 888 1607 qui
926 1556 1078 1607 postea
1107 1553 1217 1594 nihil
1250 1552 1492 1607 audierunt3
1530 1555 1596 1595 sin

258 1613 334 1653 illa
376 1626 444 1652 res
490 1611 630 1665 prima
670 1611 824 1664 valuit,
866 1626 969 1652 num
1006 1612 1246 1653 inveterata
1284 1627 1411 1666 quam
1448 1626 1594 1653 recens
1614 1622 1648 1647 25

258 1670 405 1711 debuit
436 1684 527 1711 esse
555 1670 755 1726 gravior?
801 1669 883 1711 Sed
910 1670 947 1711 si
971 1673 1069 1711 tuus
1095 1685 1249 1725 parens
1275 1670 1405 1712 etiam
1431 1671 1475 1711 in
1500 1670 1595 1725 ipsa

259 1729 500 1783 suspicione
549 1729 728 1782 periculi
778 1729 843 1770 sui
887 1732 1033 1770 tamen
1075 1728 1344 1770 humanitate
1389 1728 1594 1771 adductus

259 1787 581 1828 advocationem
614 1787 800 1829 hominis
830 1787 1140 1842 improbissimi
1171 1787 1279 1828 sella
1304 1787 1440 1829 curuli
1466 1790 1594 1842 atque

259 1847 522 1886 ornamentis
555 1849 598 1887 et
629 1846 717 1887 suis
750 1848 792 1886 et
824 1846 1070 1888 consulatus
1103 1845 1360 1899 honestavit,
1391 1845 1493 1900 quid
1518 1849 1595 1900 est,

259 1918 386 1958 quam
436 1903 491 1944 ob
536 1918 626 1945 rem
670 1904 934 1958 consulares,
984 1904 1056 1958 qui
1100 1903 1310 1945 Catilinae
1355 1903 1593 1959 adfuerunt,
1612 1916 1647 1941 30

259 1961 653 2017 reprehendantur?
703 1962 779 2003 ‘At
810 1963 920 2003 idem
953 1962 1018 2017 iis,
1050 1963 1122 2016 qui
1153 1965 1250 2003 ante
1281 1962 1392 2003 hunc
1423 1977 1590 2005 causan

260 2021 310 2062 de
343 2020 636 2062 coniuratione
668 2021 876 2074 dixerunt,
906 2035 991 2062 non
1023 2019 1277 2061 adfuerunt?
1338 2020 1476 2063 Tanto
1509 2036 1595 2064 sce-

257 2080 347 2120 lere
391 2078 578 2120 astrictis
622 2078 868 2120 hominibus
908 2081 1150 2120 statuerunt
1185 2079 1296 2120 nihil
1334 2094 1360 2121 a
1397 2094 1441 2121 se
1480 2080 1595 2122 adiu-

260 2137 411 2192 menti,
442 2136 551 2178 nihil
583 2137 695 2191 opis,
733 2137 843 2178 nihil
876 2137 1023 2179 auxilii
1048 2136 1150 2178 ferri
1184 2140 1391 2191 oportere.
1452 2138 1594 2193 Atque

259 2198 308 2237 ut
340 2196 390 2237 de
423 2210 568 2237 eorum
601 2196 843 2237 constantia
873 2198 1000 2250 atque
1025 2195 1167 2237 animo
1194 2196 1238 2236 in
1262 2210 1353 2237 rem
1378 2196 1594 2250 publicam
1614 2208 1647 2232 35

262 2255 418 2307 dicam,
460 2268 638 2308 quorum
676 2254 810 2294 tacita
848 2255 1037 2309 gravitas
1076 2256 1119 2295 et
1154 2254 1259 2295 fides
1297 2254 1347 2295 de
1378 2269 1462 2296 uno
1495 2270 1595 2309 quo-

262 2327 342 2367 que
386 2312 577 2366 loquitur
620 2326 757 2366 neque
802 2312 1050 2367 cuiusquam
1095 2316 1345 2354 ornamenta
1388 2313 1594 2355 orationis
