1619 2542
500 103 598 138 CAP.
627 107 763 138 63-—65
790 107 808 145 ξ
836 107 1030 139 176—182.
1353 104 1436 144 169

100 201 366 254 aliquantum
401 202 443 241 et
476 199 586 253 auri,
618 202 747 241 noctu
780 199 884 240 duos
917 213 1144 241 conservos
1178 198 1436 240 dormientes

99 259 254 301 occidit
298 260 339 300 in
378 259 670 313 piscinamque
708 258 878 311 deiecit3
920 257 1010 311 ipse
1049 258 1222 299 armarii
1259 257 1436 299 fundum

99 318 284 359 exsecuit
317 320 359 358 et
392 315 463 358 HS
489 316 513 341 ‘f‘
543 320 585 357 et
616 317 707 358 auri
740 317 925 370 quinque
957 316 1098 371 pondo
1132 316 1313 358 abstulit
1351 331 1435 358 uno

100 390 150 417 ex
182 376 316 417 servis
348 390 480 430 puero
512 389 598 416 non
631 375 782 430 grandi
814 376 994 417 conscio.
1054 374 1187 417 Furto
1218 375 1424 430 postridie
1441 386 1507 417 180

62 435 271 488 ⁵cognito
309 434 446 475 omnis
484 434 668 487 suspicio
706 434 749 474 in
788 448 858 474 eos
898 448 1060 487 servos,
1096 434 1168 488 qui
1207 448 1294 475 non
1327 448 1436 475 com-

97 493 319 547 parebant,
353 492 713 534 commovebatur.
777 490 882 533 Cum
916 493 1101 533 exsectio
1134 492 1210 533 illa
1239 492 1361 533 fundi
1392 493 1437 533 in

99 551 283 592 armario
322 551 751 603 animadverteretur,
790 551 1052 604 quaerebant
1082 551 1294 604 homines,
1333 565 1436 605 quo-

97 624 197 650 nam
229 609 354 650 modo
385 609 478 650 fieri
508 610 731 663 potuisset.
788 608 968 657 Quidam
1001 623 1052 650 ex
1084 610 1232 651 amicis
1265 608 1436 651 Sassiae

98 668 345 709 recordatus
385 672 449 709 est
486 682 530 709 se
571 682 707 722 nuper
744 667 790 708 in
828 667 1025 708 auctione
1065 668 1245 722 quadam
1280 668 1435 709 vidisse

46 726 142 767 min
186 726 312 767 rebus
352 726 527 767 minutis
566 726 774 767 aduncam
812 740 862 766 ex
900 725 1016 766 omni
1054 729 1176 780 parte
1215 727 1433 768 dentatam

100 788 143 825 et
179 787 416 833 tortuosam
457 785 601 826 venire
634 786 857 838 serrulam,
899 799 982 838 qua
1013 785 1118 826 illud
1151 785 1343 838 potuisse
1374 785 1438 826 ita

99 844 391 885 circumsecari
425 843 651 885 videretur.
700 842 766 884 Ne
793 843 942 895 multa,
973 844 1239 897 perquiritur
1271 858 1296 884 a
1321 858 1434 885 coac¹

98 902 277 955 toribus,
308 903 522 943 invenitur
553 917 602 943 ea
634 902 797 943 serrula
829 901 882 942 ad
908 900 1155 943 Stratonem
1181 903 1437 956 pervenisse.

99 959 193 1002 Hoc
223 961 346 1002 initio
380 961 633 1015 suspicionis
667 963 762 1001 orto
796 963 838 1001 et
871 963 1015 1014 aperte
1041 960 1291 1002 insimulato
1320 959 1437 1002 Stra-

47 1030 81 1056 15
99 1021 200 1060 tone
225 1033 330 1073 puer
353 1020 427 1060 1116
454 1020 648 1060 conscius
674 1019 910 1073 pertimuit,
936 1033 1025 1060 rem
1052 1033 1219 1060 omnem
1241 1019 1438 1060 dominae

99 1077 320 1131 indicavit3
357 1077 550 1119 homines
589 1079 634 1118 in
671 1078 836 1132 piscina
867 1077 1031 1118 inventi
1063 1081 1180 1131 sunt,
1219 1076 1362 1119 Strato
1394 1079 1439 1118 in

99 1136 270 1177 vincula
307 1137 521 1178 coniectus
567 1139 648 1190 est,
699 1139 826 1190 atque
871 1136 999 1176 etiam
1043 1136 1088 1177 in
1130 1136 1311 1178 taberna
1348 1137 1437 1178 eius

100 1196 275 1247 nummi,
305 1209 574 1249 nequaquam
608 1209 771 1248 omnes,
803 1195 1084 1249 reperiuntur.
1136 1193 1425 1236 Constituitur
1444 1206 1507 1237 181

102 1254 295 1307 quaestio
322 1253 371 1294 de
398 1254 525 1295 furto.
569 1252 680 1294 Nam
707 1253 808 1308 quid
835 1253 1060 1307 quisquam
1087 1253 1296 1307 suspicari
1323 1254 1439 1294 aliud

49 1324 83 1349 20
102 1312 275 1366 potest?
346 1312 414 1353 An
457 1312 538 1353 hoc
582 1312 740 1365 dicitis,
784 1313 970 1353 armario
1016 1312 1218 1365 expilato,
1261 1312 1441 1366 pecunia

103 1370 259 1422 ablata,
290 1384 376 1411 non
408 1371 524 1411 omni
555 1372 809 1424 reciperata,
845 1370 995 1411 occisis
1034 1370 1279 1411 hominibus
1319 1370 1439 1411 insti·

103 1430 243 1469 tutam
275 1442 366 1469 esse
399 1430 692 1482 quaestionem
726 1429 775 1469 de
801 1431 939 1469 morte
964 1428 1220 1482 Oppianici?
1248 1429 1315 1470 cui
1346 1443 1440 1482 pro-

103 1486 248 1527 batis?
299 1486 399 1539 quid
450 1490 532 1536 est,
584 1487 695 1540 quod
746 1487 887 1527 minus
930 1487 1022 1527 veri
1066 1486 1205 1527 simile
1249 1487 1440 1540 proferre

104 1544 339 1599 potuistis?
386 1544 551 1595 deinde,
595 1548 643 1585 ut
681 1545 878 1585 omittam
917 1547 1076 1597 cetera,
1119 1545 1303 1586 triennio
1340 1548 1441 1599 post

51 1614 86 1640 25
106 1605 287 1644 mortem
319 1602 543 1656 Oppianici
575 1603 624 1643 de
657 1603 744 1643 eius
777 1606 913 1643 morte
946 1603 1258 1656 quaerebatur?
1298 1603 1440 1658 Atque

106 1661 235 1702 etiam
261 1662 433 1702 incensa
459 1661 556 1702 odio
582 1661 764 1715 pristino
792 1660 1085 1702 Nicostratum
1113 1661 1290 1703 eundem
1316 1662 1439 1702 illum

106 1722 198 1761 tum
225 1720 315 1760 sine
341 1734 468 1760 causa
494 1720 538 1759 in
565 1720 859 1773 quaestionem
888 1719 1134 1773 postulavit.
1181 1719 1440 1775 Oppianicus

106 1779 244 1833 primo
272 1779 494 1818 recusavit.
539 1777 696 1818 Postea
716 1792 810 1818 cum
836 1778 912 1818 illa
933 1778 1210 1819 abducturam
1232 1793 1276 1819 se
1295 1779 1442 1833 filiam,

107 1839 368 1877 mutaturam
402 1850 493 1877 esse
530 1838 834 1877 testamentum
865 1836 1114 1890 minaretur,
1153 1837 1321 1878 mulieri
1353 1852 1442 1878 cru-

55 1906 91 1931 30
110 1894 349 1935 delissimae
394 1909 561 1935 servum
601 1894 895 1935 fidelissimum
938 1909 1023 1935 non
1065 1895 1111 1935 in
1148 1897 1441 1949 quaestionem
1471 1939 1479 1950 ἱ

110 1952 272 2004 detulit,
293 1953 364 1993 sed
386 1953 512 2006 plane
535 1953 586 1993 ad
611 1952 866 2006 supplicium
881 1952 1050 1994 dedidit.
1082 1953 1186 1994 Post
1199 1954 1427 1994 triennium
1457 1939 1512 2003 55

109 2011 243 2066 igitur
270 2012 436 2064 agitata
462 2011 599 2052 denuo
626 2011 818 2065 quaestio
846 2011 895 2051 de
920 2011 1002 2052 viri
1021 2014 1158 2052 morte
1177 2012 1430 2063 habebatur,
1447 1999 1512 2029 182

112 2072 154 2109 et
193 2069 242 2110 de
275 2069 427 2122 quibus
460 2069 594 2110 servis
626 2069 895 2110 habebatur?
926 2084 1054 2123 nova,
1092 2070 1234 2123 credo,
1272 2084 1339 2110 res
1373 2070 1443 2110 ob-

111 2127 238 2181 iecta,
287 2127 387 2167 novi
437 2128 608 2180 quidam
650 2127 844 2168 homines
887 2127 931 2168 in
976 2128 1258 2183 suspicionem
1303 2127 1445 2168 vocati

58 2196 94 2222 35
114 2188 224 2226 sunt.
279 2183 342 2225 De
381 2183 581 2226 Stratone
620 2189 661 2226 et
699 2185 747 2226 de
785 2185 1043 2227 Nicostrato.
1106 2185 1244 2234 Quid?
1282 2185 1443 2226 Romae

113 2242 353 2296 quaesitum
380 2243 429 2283 de
454 2243 549 2284 istis
570 2244 814 2284 hominibus
834 2258 920 2284 non
940 2244 1058 2285 erat?
1101 2244 1221 2285 Itane
1241 2243 1443 2285 tandem?

114 2302 265 2342 mulier
296 2301 380 2341 iam
405 2315 492 2342 non
517 2302 679 2355 morbo,
712 2301 784 2342 sed
811 2296 967 2343 scelere
991 2302 1167 2355 furiosa,
1199 2316 1292 2343 cun]
1322 2315 1444 2356 quae·
