<?xml version="1.0" encoding="UTF-8"?>
<!DOCTYPE html PUBLIC "-//W3C//DTD XHTML 1.0 Transitional//EN"
    "http://www.w3.org/TR/xhtml1/DTD/xhtml1-transitional.dtd">
<html xmlns="http://www.w3.org/1999/xhtml" xml:lang="en" lang="en">
 <head>
  <title>
</title>
<meta http-equiv="Content-Type" content="text/html;charset=utf-8" />
  <meta name='ocr-system' content='tesseract 3.04.00' />
  <meta name='ocr-capabilities' content='ocr_page ocr_carea ocr_par ocr_line ocrx_word'/>
</head>
<body>
  <div class='ocr_page' id='page_1' title='image "./p2scriptaquaemanse02ciceuoft_0529.png"; bbox 0 0 1687 2533; ppageno 0'>
   <div class='ocr_carea' id='block_1_1' title="bbox 579 99 1432 143">
    <p class='ocr_par' dir='ltr' id='par_1_1' title="bbox 579 99 1432 143">
     <span class='ocr_line' id='line_1_1' title="bbox 579 99 1432 143; baseline 0.009 -9"><span class='ocrx_word' id='word_1_1' title='bbox 579 99 677 135; x_wconf 85' lang='lat' dir='ltr'><strong>CAP.</strong></span> <span class='ocrx_word' id='word_1_2' title='bbox 706 104 799 135; x_wconf 77' lang='lat'>2—4</span> <span class='ocrx_word' id='word_1_3' title='bbox 825 104 844 143; x_wconf 61' lang='grc' dir='ltr'>ἓ</span> <span class='ocrx_word' id='word_1_4' title='bbox 870 103 974 137; x_wconf 80' lang='lat'><strong>3—-8,</strong></span> <span class='ocrx_word' id='word_1_5' title='bbox 1349 101 1432 142; x_wconf 79' lang='lat'>377</span> 
     </span>
    </p>
   </div>
   <div class='ocr_carea' id='block_1_2' title="bbox 38 195 1489 2364">
    <p class='ocr_par' dir='ltr' id='par_1_2' title="bbox 38 195 1489 2364">
     <span class='ocr_line' id='line_1_2' title="bbox 91 195 1436 252; baseline 0.001 -14"><span class='ocrx_word' id='word_1_6' title='bbox 91 200 213 252; x_wconf 80' lang='lat' dir='ltr'>patre</span> <span class='ocrx_word' id='word_1_7' title='bbox 247 200 289 239; x_wconf 89' lang='lat' dir='ltr'>et</span> <span class='ocrx_word' id='word_1_8' title='bbox 319 197 420 251; x_wconf 84' lang='lat' dir='ltr'>filio,</span> <span class='ocrx_word' id='word_1_9' title='bbox 452 212 477 238; x_wconf 92' lang='lat' dir='ltr'>a</span> <span class='ocrx_word' id='word_1_10' title='bbox 507 196 554 238; x_wconf 89' lang='lat' dir='ltr'>L.</span> <span class='ocrx_word' id='word_1_11' title='bbox 575 195 730 239; x_wconf 83' lang='lat' dir='ltr'>Crasso</span> <span class='ocrx_word' id='word_1_12' title='bbox 763 197 996 251; x_wconf 73' lang='lat' dir='ltr'>colebatur,</span> <span class='ocrx_word' id='word_1_13' title='bbox 1028 195 1232 239; x_wconf 84' lang='lat' dir='ltr'>Lucullos</span> <span class='ocrx_word' id='word_1_14' title='bbox 1265 212 1365 239; x_wconf 86' lang='lat' dir='ltr'>vero</span> <span class='ocrx_word' id='word_1_15' title='bbox 1393 201 1436 240; x_wconf 87' lang='lat' dir='ltr'>et</span> 
     </span>
     <span class='ocr_line' id='line_1_3' title="bbox 91 254 1434 298; baseline 0.001 -1"><span class='ocrx_word' id='word_1_16' title='bbox 91 257 281 298; x_wconf 85' lang='lat' dir='ltr'>Drusum</span> <span class='ocrx_word' id='word_1_17' title='bbox 328 259 370 297; x_wconf 89' lang='lat' dir='ltr'>et</span> <span class='ocrx_word' id='word_1_18' title='bbox 408 255 610 297; x_wconf 85' lang='lat' dir='ltr'>Octavios</span> <span class='ocrx_word' id='word_1_19' title='bbox 656 260 698 297; x_wconf 93' lang='lat' dir='ltr'>et</span> <span class='ocrx_word' id='word_1_20' title='bbox 735 254 942 297; x_wconf 90' lang='lat' dir='ltr'>Catonem</span> <span class='ocrx_word' id='word_1_21' title='bbox 992 259 1034 296; x_wconf 90' lang='lat' dir='ltr'>et</span> <span class='ocrx_word' id='word_1_22' title='bbox 1071 259 1211 297; x_wconf 84' lang='lat' dir='ltr'>totam</span> <span class='ocrx_word' id='word_1_23' title='bbox 1249 256 1434 298; x_wconf 89' lang='lat' dir='ltr'>Horten-</span> 
     </span>
     <span class='ocr_line' id='line_1_4' title="bbox 94 314 1435 370; baseline 0 -14"><span class='ocrx_word' id='word_1_24' title='bbox 94 316 253 357; x_wconf 89' lang='lat' dir='ltr'>siorum</span> <span class='ocrx_word' id='word_1_25' title='bbox 293 315 466 356; x_wconf 88' lang='lat' dir='ltr'>domum</span> <span class='ocrx_word' id='word_1_26' title='bbox 506 314 745 356; x_wconf 81' lang='lat' dir='ltr'>devinctam</span> <span class='ocrx_word' id='word_1_27' title='bbox 785 314 1090 356; x_wconf 85' lang='lat' dir='ltr'>consuetudine</span> <span class='ocrx_word' id='word_1_28' title='bbox 1129 330 1225 357; x_wconf 87' lang='lat' dir='ltr'>cum</span> <span class='ocrx_word' id='word_1_29' title='bbox 1256 317 1435 370; x_wconf 83' lang='lat' dir='ltr'>teneret,</span> 
     </span>
     <span class='ocr_line' id='line_1_5' title="bbox 95 373 1433 428; baseline 0.001 -13"><span class='ocrx_word' id='word_1_30' title='bbox 95 374 362 415; x_wconf 85' lang='lat' dir='ltr'>afficiebatur</span> <span class='ocrx_word' id='word_1_31' title='bbox 414 387 581 414; x_wconf 88' lang='lat' dir='ltr'>summo</span> <span class='ocrx_word' id='word_1_32' title='bbox 631 373 812 427; x_wconf 86' lang='lat' dir='ltr'>honore,</span> <span class='ocrx_word' id='word_1_33' title='bbox 865 373 978 428; x_wconf 88' lang='lat' dir='ltr'>quod</span> <span class='ocrx_word' id='word_1_34' title='bbox 1023 387 1118 414; x_wconf 91' lang='lat' dir='ltr'>eum</span> <span class='ocrx_word' id='word_1_35' title='bbox 1161 388 1249 415; x_wconf 90' lang='lat' dir='ltr'>non</span> <span class='ocrx_word' id='word_1_36' title='bbox 1294 375 1433 416; x_wconf 89' lang='lat' dir='ltr'>solum</span> 
     </span>
     <span class='ocr_line' id='line_1_6' title="bbox 58 431 1435 487; baseline 0 -13"><span class='ocrx_word' id='word_1_37' title='bbox 58 445 73 469; x_wconf 69' lang='grc' dir='ltr'>ὅ</span> <span class='ocrx_word' id='word_1_38' title='bbox 95 434 306 486; x_wconf 87' lang='lat' dir='ltr'>colebant,</span> <span class='ocrx_word' id='word_1_39' title='bbox 333 432 407 486; x_wconf 82' lang='lat' dir='ltr'>qui</span> <span class='ocrx_word' id='word_1_40' title='bbox 433 431 592 486; x_wconf 87' lang='lat' dir='ltr'>aliquid</span> <span class='ocrx_word' id='word_1_41' title='bbox 618 432 835 486; x_wconf 79' lang='lat' dir='ltr'>percipere</span> <span class='ocrx_word' id='word_1_42' title='bbox 863 435 991 486; x_wconf 88' lang='lat' dir='ltr'>atque</span> <span class='ocrx_word' id='word_1_43' title='bbox 1019 432 1165 474; x_wconf 86' lang='lat' dir='ltr'>audire</span> <span class='ocrx_word' id='word_1_44' title='bbox 1193 433 1435 487; x_wconf 73' lang='lat' dir='ltr'>studebant,</span> 
     </span>
     <span class='ocr_line' id='line_1_7' title="bbox 93 490 1489 545; baseline 0 -12"><span class='ocrx_word' id='word_1_45' title='bbox 93 506 240 533; x_wconf 82' lang='lat' dir='ltr'>verum</span> <span class='ocrx_word' id='word_1_46' title='bbox 279 491 410 532; x_wconf 88' lang='lat' dir='ltr'>etiam</span> <span class='ocrx_word' id='word_1_47' title='bbox 450 491 487 532; x_wconf 93' lang='lat' dir='ltr'>si</span> <span class='ocrx_word' id='word_1_48' title='bbox 524 490 596 545; x_wconf 87' lang='lat' dir='ltr'>qui</span> <span class='ocrx_word' id='word_1_49' title='bbox 633 490 745 531; x_wconf 88' lang='lat' dir='ltr'>forte</span> <span class='ocrx_word' id='word_1_50' title='bbox 778 491 1051 533; x_wconf 87' lang='lat' dir='ltr'>simulabant.</span> <span class='ocrx_word' id='word_1_51' title='bbox 1113 490 1294 533; x_wconf 88' lang='lat' dir='ltr'>Interim</span> <span class='ocrx_word' id='word_1_52' title='bbox 1327 493 1433 534; x_wconf 85' lang='lat' dir='ltr'>satis</span> <span class='ocrx_word' id='word_1_53' title='bbox 1460 497 1489 538; x_wconf 84' lang='lat'>4</span> 
     </span>
     <span class='ocr_line' id='line_1_8' title="bbox 92 548 1433 606; baseline 0 -14"><span class='ocrx_word' id='word_1_54' title='bbox 92 550 223 606; x_wconf 86' lang='lat' dir='ltr'>longo</span> <span class='ocrx_word' id='word_1_55' title='bbox 261 550 510 603; x_wconf 87' lang='lat' dir='ltr'>intervallo,</span> <span class='ocrx_word' id='word_1_56' title='bbox 548 563 643 591; x_wconf 87' lang='lat' dir='ltr'>cum</span> <span class='ocrx_word' id='word_1_57' title='bbox 683 552 796 590; x_wconf 89' lang='lat' dir='ltr'>esset</span> <span class='ocrx_word' id='word_1_58' title='bbox 828 564 923 591; x_wconf 93' lang='lat' dir='ltr'>cum</span> <span class='ocrx_word' id='word_1_59' title='bbox 955 549 1011 591; x_wconf 86' lang='lat' dir='ltr'>M.</span> <span class='ocrx_word' id='word_1_60' title='bbox 1042 548 1223 592; x_wconf 90' lang='lat' dir='ltr'>Lucullo</span> <span class='ocrx_word' id='word_1_61' title='bbox 1256 551 1300 592; x_wconf 91' lang='lat' dir='ltr'>in</span> <span class='ocrx_word' id='word_1_62' title='bbox 1333 550 1433 592; x_wconf 79' lang='lat' dir='ltr'>Sici-</span> 
     </span>
     <span class='ocr_line' id='line_1_9' title="bbox 92 608 1434 663; baseline 0.001 -13"><span class='ocrx_word' id='word_1_63' title='bbox 92 609 196 651; x_wconf 88' lang='lat' dir='ltr'>liam</span> <span class='ocrx_word' id='word_1_64' title='bbox 238 608 456 663; x_wconf 85' lang='lat' dir='ltr'>profectus</span> <span class='ocrx_word' id='word_1_65' title='bbox 498 610 540 649; x_wconf 89' lang='lat' dir='ltr'>et</span> <span class='ocrx_word' id='word_1_66' title='bbox 582 622 676 649; x_wconf 90' lang='lat' dir='ltr'>cum</span> <span class='ocrx_word' id='word_1_67' title='bbox 720 623 769 649; x_wconf 79' lang='lat' dir='ltr'>ex</span> <span class='ocrx_word' id='word_1_68' title='bbox 808 623 858 649; x_wconf 86' lang='lat' dir='ltr'>ea</span> <span class='ocrx_word' id='word_1_69' title='bbox 894 608 1114 663; x_wconf 85' lang='lat' dir='ltr'>provincia</span> <span class='ocrx_word' id='word_1_70' title='bbox 1152 623 1248 651; x_wconf 91' lang='lat' dir='ltr'>cum</span> <span class='ocrx_word' id='word_1_71' title='bbox 1286 609 1434 651; x_wconf 89' lang='lat' dir='ltr'>eodem</span> 
     </span>
     <span class='ocr_line' id='line_1_10' title="bbox 91 666 1435 721; baseline 0.001 -12"><span class='ocrx_word' id='word_1_72' title='bbox 91 667 271 709; x_wconf 87' lang='lat' dir='ltr'>Lucullo</span> <span class='ocrx_word' id='word_1_73' title='bbox 305 667 534 721; x_wconf 72' lang='lat' dir='ltr'>decederet,</span> <span class='ocrx_word' id='word_1_74' title='bbox 566 666 683 708; x_wconf 85' lang='lat' dir='ltr'>venit</span> <span class='ocrx_word' id='word_1_75' title='bbox 715 667 980 708; x_wconf 81' lang='lat' dir='ltr'>Heracleam.</span> <span class='ocrx_word' id='word_1_76' title='bbox 1043 666 1159 715; x_wconf 88' lang='lat' dir='ltr'>Quae</span> <span class='ocrx_word' id='word_1_77' title='bbox 1192 683 1288 709; x_wconf 92' lang='lat' dir='ltr'>cum</span> <span class='ocrx_word' id='word_1_78' title='bbox 1322 671 1435 710; x_wconf 86' lang='lat' dir='ltr'>esset</span> 
     </span>
     <span class='ocr_line' id='line_1_11' title="bbox 42 725 1434 781; baseline 0.001 -14"><span class='ocrx_word' id='word_1_79' title='bbox 42 738 73 763; x_wconf 80' lang='grc' dir='ltr'>ιο</span> <span class='ocrx_word' id='word_1_80' title='bbox 93 727 244 768; x_wconf 86' lang='lat' dir='ltr'>civitas</span> <span class='ocrx_word' id='word_1_81' title='bbox 278 726 534 781; x_wconf 89' lang='lat' dir='ltr'>aequissimo</span> <span class='ocrx_word' id='word_1_82' title='bbox 566 725 657 766; x_wconf 88' lang='lat' dir='ltr'>iure</span> <span class='ocrx_word' id='word_1_83' title='bbox 691 740 737 767; x_wconf 87' lang='lat' dir='ltr'>ac</span> <span class='ocrx_word' id='word_1_84' title='bbox 770 726 951 779; x_wconf 86' lang='lat' dir='ltr'>foedere,</span> <span class='ocrx_word' id='word_1_85' title='bbox 983 726 1170 767; x_wconf 84' lang='lat' dir='ltr'>adscribi</span> <span class='ocrx_word' id='word_1_86' title='bbox 1199 741 1243 768; x_wconf 89' lang='lat' dir='ltr'>se</span> <span class='ocrx_word' id='word_1_87' title='bbox 1269 727 1315 768; x_wconf 87' lang='lat' dir='ltr'>in</span> <span class='ocrx_word' id='word_1_88' title='bbox 1341 742 1434 769; x_wconf 89' lang='lat' dir='ltr'>eam</span> 
     </span>
     <span class='ocr_line' id='line_1_12' title="bbox 92 784 1435 841; baseline 0.001 -15"><span class='ocrx_word' id='word_1_89' title='bbox 92 785 311 827; x_wconf 83' lang='lat' dir='ltr'>civitatem</span> <span class='ocrx_word' id='word_1_90' title='bbox 343 784 480 826; x_wconf 88' lang='lat' dir='ltr'>voluit</span> <span class='ocrx_word' id='word_1_91' title='bbox 511 784 657 839; x_wconf 89' lang='lat' dir='ltr'>idque,</span> <span class='ocrx_word' id='word_1_92' title='bbox 690 798 785 826; x_wconf 90' lang='lat' dir='ltr'>cum</span> <span class='ocrx_word' id='word_1_93' title='bbox 816 785 907 839; x_wconf 91' lang='lat' dir='ltr'>ipse</span> <span class='ocrx_word' id='word_1_94' title='bbox 939 798 1014 839; x_wconf 92' lang='lat' dir='ltr'>per</span> <span class='ocrx_word' id='word_1_95' title='bbox 1047 799 1091 825; x_wconf 88' lang='lat' dir='ltr'>se</span> <span class='ocrx_word' id='word_1_96' title='bbox 1124 785 1277 841; x_wconf 88' lang='lat' dir='ltr'>dignus</span> <span class='ocrx_word' id='word_1_97' title='bbox 1310 788 1435 840; x_wconf 89' lang='lat' dir='ltr'>puta-</span> 
     </span>
     <span class='ocr_line' id='line_1_13' title="bbox 91 842 1436 897; baseline 0.001 -12"><span class='ocrx_word' id='word_1_98' title='bbox 91 847 220 896; x_wconf 88' lang='lat' dir='ltr'>retur,</span> <span class='ocrx_word' id='word_1_99' title='bbox 252 846 344 885; x_wconf 84' lang='lat' dir='ltr'>tum</span> <span class='ocrx_word' id='word_1_100' title='bbox 377 843 632 885; x_wconf 85' lang='lat' dir='ltr'>auctoritate</span> <span class='ocrx_word' id='word_1_101' title='bbox 665 846 707 884; x_wconf 89' lang='lat' dir='ltr'>et</span> <span class='ocrx_word' id='word_1_102' title='bbox 739 846 881 897; x_wconf 86' lang='lat' dir='ltr'>gratia</span> <span class='ocrx_word' id='word_1_103' title='bbox 905 842 1076 884; x_wconf 88' lang='lat' dir='ltr'>Luculli</span> <span class='ocrx_word' id='word_1_104' title='bbox 1108 844 1161 885; x_wconf 90' lang='lat' dir='ltr'>ab</span> <span class='ocrx_word' id='word_1_105' title='bbox 1191 843 1436 886; x_wconf 87' lang='lat' dir='ltr'>Heraclien-</span> 
     </span>
     <span class='ocr_line' id='line_1_14' title="bbox 94 901 1481 958; baseline 0.001 -14"><span class='ocrx_word' id='word_1_106' title='bbox 94 903 211 944; x_wconf 83' lang='lat' dir='ltr'>sibus</span> <span class='ocrx_word' id='word_1_107' title='bbox 255 902 515 957; x_wconf 87' lang='lat' dir='ltr'>impetravit.</span> <span class='ocrx_word' id='word_1_108' title='bbox 582 902 698 943; x_wconf 88' lang='lat' dir='ltr'>Data</span> <span class='ocrx_word' id='word_1_109' title='bbox 743 905 808 943; x_wconf 90' lang='lat' dir='ltr'>est</span> <span class='ocrx_word' id='word_1_110' title='bbox 851 902 1001 943; x_wconf 83' lang='lat' dir='ltr'>civitas</span> <span class='ocrx_word' id='word_1_111' title='bbox 1048 901 1211 943; x_wconf 81' lang='lat' dir='ltr'>Silvani</span> <span class='ocrx_word' id='word_1_112' title='bbox 1255 904 1349 958; x_wconf 90' lang='lat' dir='ltr'>lege</span> <span class='ocrx_word' id='word_1_113' title='bbox 1394 908 1435 945; x_wconf 87' lang='lat' dir='ltr'>et</span> <span class='ocrx_word' id='word_1_114' title='bbox 1462 919 1481 950; x_wconf 78' lang='lat'><strong>7</strong></span> 
     </span>
     <span class='ocr_line' id='line_1_15' title="bbox 92 959 1435 1011; baseline 0 -8"><span class='ocrx_word' id='word_1_115' title='bbox 92 960 317 1003; x_wconf 84' lang='lat' dir='ltr'>Carbonis:</span> <span class='ocrx_word' id='word_1_116' title='bbox 352 959 398 1002; x_wconf 80' lang='lat' dir='ltr'>S1</span> <span class='ocrx_word' id='word_1_117' title='bbox 430 972 508 1011; x_wconf 79' lang='lat' dir='ltr'>QUI</span> <span class='ocrx_word' id='word_1_118' title='bbox 542 972 836 1003; x_wconf 80' lang='lat' dir='ltr'><strong>FOEDERATIS</strong></span> <span class='ocrx_word' id='word_1_119' title='bbox 871 972 1161 1003; x_wconf 76' lang='lat' dir='ltr'>civlTATIBUS</span> <span class='ocrx_word' id='word_1_120' title='bbox 1188 973 1435 1004; x_wconf 84' lang='lat' dir='ltr'>ADSCRIPTI</span> 
     </span>
     <span class='ocr_line' id='line_1_16' title="bbox 40 1020 1435 1074; baseline 0.001 -13"><span class='ocrx_word' id='word_1_121' title='bbox 40 1033 71 1057; x_wconf 79' lang='lat'>15</span> <span class='ocrx_word' id='word_1_122' title='bbox 92 1031 331 1073; x_wconf 79' lang='lat' dir='ltr'>FUISSENT,</span> <span class='ocrx_word' id='word_1_123' title='bbox 369 1031 410 1061; x_wconf 85' lang='lat' dir='ltr'>SI</span> <span class='ocrx_word' id='word_1_124' title='bbox 449 1031 563 1073; x_wconf 84' lang='lat' dir='ltr'>TUM,</span> <span class='ocrx_word' id='word_1_125' title='bbox 602 1030 696 1061; x_wconf 85' lang='lat' dir='ltr'>CUM</span> <span class='ocrx_word' id='word_1_126' title='bbox 734 1031 825 1060; x_wconf 80' lang='lat' dir='ltr'>LEX</span> <span class='ocrx_word' id='word_1_127' title='bbox 862 1031 1151 1074; x_wconf 78' lang='lat' dir='ltr'>FEREBATUR,</span> <span class='ocrx_word' id='word_1_128' title='bbox 1193 1033 1241 1062; x_wconf 77' lang='lat' dir='ltr'>IN</span> <span class='ocrx_word' id='word_1_129' title='bbox 1271 1020 1435 1062; x_wconf 73' lang='lat' dir='ltr'>ITALIA</span> 
     </span>
     <span class='ocr_line' id='line_1_17' title="bbox 91 1089 1434 1122; baseline 0.001 -2"><span class='ocrx_word' id='word_1_130' title='bbox 91 1090 371 1121; x_wconf 77' lang='lat' dir='ltr'>DOMICILIUM</span> <span class='ocrx_word' id='word_1_131' title='bbox 425 1089 709 1120; x_wconf 83' lang='lat' dir='ltr'>HABUISSENT</span> <span class='ocrx_word' id='word_1_132' title='bbox 760 1090 817 1120; x_wconf 85' lang='lat' dir='ltr'>ET</span> <span class='ocrx_word' id='word_1_133' title='bbox 867 1089 907 1120; x_wconf 79' lang='lat' dir='ltr'>SI</span> <span class='ocrx_word' id='word_1_134' title='bbox 957 1089 1221 1121; x_wconf 76' lang='lat' dir='ltr'><strong>SEXAGINTA</strong></span> <span class='ocrx_word' id='word_1_135' title='bbox 1265 1091 1434 1122; x_wconf 79' lang='lat' dir='ltr'>DIEBUS</span> 
     </span>
     <span class='ocr_line' id='line_1_18' title="bbox 92 1136 1436 1180; baseline 0.001 -2"><span class='ocrx_word' id='word_1_136' title='bbox 92 1150 212 1179; x_wconf 88' lang='lat' dir='ltr'><strong>APUD</strong></span> <span class='ocrx_word' id='word_1_137' title='bbox 247 1148 524 1179; x_wconf 82' lang='lat' dir='ltr'>PRAETOREM</span> <span class='ocrx_word' id='word_1_138' title='bbox 556 1148 728 1179; x_wconf 70' lang='lat' dir='ltr'>Essnur</span> <span class='ocrx_word' id='word_1_139' title='bbox 761 1148 989 1179; x_wconf 76' lang='lat' dir='ltr'>PROFEssr.</span> <span class='ocrx_word' id='word_1_140' title='bbox 1052 1136 1160 1179; x_wconf 86' lang='lat' dir='ltr'>Cum</span> <span class='ocrx_word' id='word_1_141' title='bbox 1192 1138 1261 1179; x_wconf 87' lang='lat' dir='ltr'>hic</span> <span class='ocrx_word' id='word_1_142' title='bbox 1301 1138 1436 1180; x_wconf 84' lang='lat' dir='ltr'>domi-</span> 
     </span>
     <span class='ocr_line' id='line_1_19' title="bbox 91 1195 1435 1252; baseline 0.001 -15"><span class='ocrx_word' id='word_1_143' title='bbox 91 1197 236 1238; x_wconf 89' lang='lat' dir='ltr'>cilium</span> <span class='ocrx_word' id='word_1_144' title='bbox 275 1195 437 1237; x_wconf 86' lang='lat' dir='ltr'>Romae</span> <span class='ocrx_word' id='word_1_145' title='bbox 478 1196 638 1237; x_wconf 90' lang='lat' dir='ltr'>multos</span> <span class='ocrx_word' id='word_1_146' title='bbox 678 1196 765 1237; x_wconf 86' lang='lat' dir='ltr'>iam</span> <span class='ocrx_word' id='word_1_147' title='bbox 805 1210 939 1238; x_wconf 88' lang='lat' dir='ltr'>annos</span> <span class='ocrx_word' id='word_1_148' title='bbox 978 1196 1172 1250; x_wconf 87' lang='lat' dir='ltr'>haberet,</span> <span class='ocrx_word' id='word_1_149' title='bbox 1216 1197 1435 1252; x_wconf 84' lang='lat' dir='ltr'>professus</span> 
     </span>
     <span class='ocr_line' id='line_1_20' title="bbox 92 1253 1435 1320; baseline 0.001 -24"><span class='ocrx_word' id='word_1_150' title='bbox 92 1258 157 1296; x_wconf 92' lang='lat' dir='ltr'>est</span> <span class='ocrx_word' id='word_1_151' title='bbox 207 1255 319 1309; x_wconf 89' lang='lat' dir='ltr'>apud</span> <span class='ocrx_word' id='word_1_152' title='bbox 369 1257 611 1309; x_wconf 87' lang='lat' dir='ltr'>praetorem</span> <span class='ocrx_word' id='word_1_153' title='bbox 663 1253 709 1320; x_wconf 86' lang='lat' dir='ltr'>Q.</span> <span class='ocrx_word' id='word_1_154' title='bbox 753 1254 993 1308; x_wconf 58' lang='lat' dir='ltr'>Metellum,</span> <span class='ocrx_word' id='word_1_155' title='bbox 1050 1255 1435 1297; x_wconf 84' lang='lat' dir='ltr'>familiarissimum</span> 
     </span>
     <span class='ocr_line' id='line_1_21' title="bbox 38 1312 1482 1379; baseline 0.003 -28"><span class='ocrx_word' id='word_1_156' title='bbox 38 1326 72 1351; x_wconf 77' lang='lat'>20</span> <span class='ocrx_word' id='word_1_157' title='bbox 94 1328 229 1355; x_wconf 89' lang='lat' dir='ltr'>suum.</span> <span class='ocrx_word' id='word_1_158' title='bbox 275 1312 319 1354; x_wconf 79' lang='lat' dir='ltr'>Si</span> <span class='ocrx_word' id='word_1_159' title='bbox 350 1313 459 1354; x_wconf 87' lang='lat' dir='ltr'>nihil</span> <span class='ocrx_word' id='word_1_160' title='bbox 491 1313 607 1354; x_wconf 88' lang='lat' dir='ltr'>aliud</span> <span class='ocrx_word' id='word_1_161' title='bbox 638 1313 721 1354; x_wconf 85' lang='lat' dir='ltr'>nisi</span> <span class='ocrx_word' id='word_1_162' title='bbox 753 1314 803 1354; x_wconf 89' lang='lat' dir='ltr'>de</span> <span class='ocrx_word' id='word_1_163' title='bbox 836 1314 1011 1354; x_wconf 87' lang='lat' dir='ltr'>civitate</span> <span class='ocrx_word' id='word_1_164' title='bbox 1044 1328 1092 1354; x_wconf 86' lang='lat' dir='ltr'>ac</span> <span class='ocrx_word' id='word_1_165' title='bbox 1123 1315 1217 1379; x_wconf 82' lang='lat' dir='ltr'>lege</span> <span class='ocrx_word' id='word_1_166' title='bbox 1245 1314 1436 1369; x_wconf 87' lang='lat' dir='ltr'>dicimus,</span> <span class='ocrx_word' id='word_1_167' title='bbox 1462 1329 1482 1360; x_wconf 86' lang='lat'>8</span> 
     </span>
     <span class='ocr_line' id='line_1_22' title="bbox 91 1370 1435 1426; baseline 0.001 -14"><span class='ocrx_word' id='word_1_168' title='bbox 91 1373 199 1413; x_wconf 87' lang='lat' dir='ltr'>nihil</span> <span class='ocrx_word' id='word_1_169' title='bbox 233 1371 324 1413; x_wconf 89' lang='lat' dir='ltr'>dico</span> <span class='ocrx_word' id='word_1_170' title='bbox 358 1372 558 1426; x_wconf 78' lang='lat' dir='ltr'>amplius3</span> <span class='ocrx_word' id='word_1_171' title='bbox 593 1386 720 1412; x_wconf 88' lang='lat' dir='ltr'>causa</span> <span class='ocrx_word' id='word_1_172' title='bbox 747 1372 860 1412; x_wconf 87' lang='lat' dir='ltr'>dicta</span> <span class='ocrx_word' id='word_1_173' title='bbox 887 1374 962 1412; x_wconf 90' lang='lat' dir='ltr'>est.</span> <span class='ocrx_word' id='word_1_174' title='bbox 1007 1370 1117 1420; x_wconf 85' lang='lat' dir='ltr'>Quid</span> <span class='ocrx_word' id='word_1_175' title='bbox 1143 1373 1255 1412; x_wconf 88' lang='lat' dir='ltr'>enim</span> <span class='ocrx_word' id='word_1_176' title='bbox 1280 1372 1435 1414; x_wconf 88' lang='lat' dir='ltr'>horum</span> 
     </span>
     <span class='ocr_line' id='line_1_23' title="bbox 92 1429 1436 1484; baseline 0.001 -14"><span class='ocrx_word' id='word_1_177' title='bbox 92 1430 317 1483; x_wconf 87' lang='lat' dir='ltr'>infirmari,</span> <span class='ocrx_word' id='word_1_178' title='bbox 352 1429 514 1483; x_wconf 82' lang='lat' dir='ltr'>Gratti,</span> <span class='ocrx_word' id='word_1_179' title='bbox 550 1430 722 1484; x_wconf 78' lang='lat' dir='ltr'>potest?</span> <span class='ocrx_word' id='word_1_180' title='bbox 784 1429 1074 1471; x_wconf 83' lang='lat' dir='ltr'>Heracleaene</span> <span class='ocrx_word' id='word_1_181' title='bbox 1108 1444 1198 1471; x_wconf 91' lang='lat' dir='ltr'>esse</span> <span class='ocrx_word' id='word_1_182' title='bbox 1231 1445 1327 1472; x_wconf 88' lang='lat' dir='ltr'>eum</span> <span class='ocrx_word' id='word_1_183' title='bbox 1363 1432 1436 1472; x_wconf 84' lang='lat' dir='ltr'>ad-</span> 
     </span>
     <span class='ocr_line' id='line_1_24' title="bbox 95 1487 1435 1543; baseline 0.001 -14"><span class='ocrx_word' id='word_1_184' title='bbox 95 1490 301 1543; x_wconf 87' lang='lat' dir='ltr'>scriptum</span> <span class='ocrx_word' id='word_1_185' title='bbox 337 1488 547 1543; x_wconf 78' lang='lat' dir='ltr'>negabis?</span> <span class='ocrx_word' id='word_1_186' title='bbox 615 1487 751 1529; x_wconf 82' lang='lat' dir='ltr'>Adest</span> <span class='ocrx_word' id='word_1_187' title='bbox 789 1489 853 1529; x_wconf 90' lang='lat' dir='ltr'>vir</span> <span class='ocrx_word' id='word_1_188' title='bbox 891 1503 1058 1529; x_wconf 89' lang='lat' dir='ltr'>summa</span> <span class='ocrx_word' id='word_1_189' title='bbox 1097 1490 1354 1530; x_wconf 86' lang='lat' dir='ltr'>auctoritate</span> <span class='ocrx_word' id='word_1_190' title='bbox 1392 1493 1435 1531; x_wconf 88' lang='lat' dir='ltr'>et</span> 
     </span>
     <span class='ocr_line' id='line_1_25' title="bbox 92 1545 1435 1602; baseline 0.001 -13"><span class='ocrx_word' id='word_1_191' title='bbox 92 1548 301 1602; x_wconf 80' lang='lat' dir='ltr'>religione</span> <span class='ocrx_word' id='word_1_192' title='bbox 335 1549 377 1587; x_wconf 94' lang='lat' dir='ltr'>et</span> <span class='ocrx_word' id='word_1_193' title='bbox 407 1547 500 1600; x_wconf 88' lang='lat' dir='ltr'>fide,</span> <span class='ocrx_word' id='word_1_194' title='bbox 532 1545 588 1588; x_wconf 88' lang='lat' dir='ltr'>M.</span> <span class='ocrx_word' id='word_1_195' title='bbox 607 1545 828 1599; x_wconf 82' lang='lat' dir='ltr'>Lucullus3</span> <span class='ocrx_word' id='word_1_196' title='bbox 862 1547 935 1600; x_wconf 89' lang='lat' dir='ltr'>qui</span> <span class='ocrx_word' id='word_1_197' title='bbox 967 1561 1010 1588; x_wconf 90' lang='lat' dir='ltr'>se</span> <span class='ocrx_word' id='word_1_198' title='bbox 1036 1561 1123 1588; x_wconf 89' lang='lat' dir='ltr'>non</span> <span class='ocrx_word' id='word_1_199' title='bbox 1150 1548 1330 1602; x_wconf 86' lang='lat' dir='ltr'>opinari,</span> <span class='ocrx_word' id='word_1_200' title='bbox 1361 1549 1435 1591; x_wconf 88' lang='lat' dir='ltr'>sed</span> 
     </span>
     <span class='ocr_line' id='line_1_26' title="bbox 40 1605 1434 1661; baseline 0.004 -17"><span class='ocrx_word' id='word_1_201' title='bbox 40 1619 73 1644; x_wconf 78' lang='lat'>25</span> <span class='ocrx_word' id='word_1_202' title='bbox 95 1606 218 1659; x_wconf 88' lang='lat' dir='ltr'>scire,</span> <span class='ocrx_word' id='word_1_203' title='bbox 256 1620 342 1647; x_wconf 86' lang='lat' dir='ltr'>non</span> <span class='ocrx_word' id='word_1_204' title='bbox 375 1605 606 1658; x_wconf 86' lang='lat' dir='ltr'>audivisse,</span> <span class='ocrx_word' id='word_1_205' title='bbox 639 1605 711 1646; x_wconf 91' lang='lat' dir='ltr'>sed</span> <span class='ocrx_word' id='word_1_206' title='bbox 743 1605 915 1659; x_wconf 87' lang='lat' dir='ltr'>vidisse,</span> <span class='ocrx_word' id='word_1_207' title='bbox 946 1620 1033 1646; x_wconf 87' lang='lat' dir='ltr'>non</span> <span class='ocrx_word' id='word_1_208' title='bbox 1063 1605 1327 1661; x_wconf 85' lang='lat' dir='ltr'>interfuisse,</span> <span class='ocrx_word' id='word_1_209' title='bbox 1360 1608 1434 1649; x_wconf 89' lang='lat' dir='ltr'>sed</span> 
     </span>
     <span class='ocr_line' id='line_1_27' title="bbox 94 1662 1433 1720; baseline 0.002 -15"><span class='ocrx_word' id='word_1_210' title='bbox 94 1665 231 1720; x_wconf 82' lang='lat' dir='ltr'>egisse</span> <span class='ocrx_word' id='word_1_211' title='bbox 271 1664 384 1705; x_wconf 86' lang='lat' dir='ltr'>dicit.</span> <span class='ocrx_word' id='word_1_212' title='bbox 441 1663 612 1704; x_wconf 83' lang='lat' dir='ltr'>Adsunt</span> <span class='ocrx_word' id='word_1_213' title='bbox 642 1662 941 1705; x_wconf 82' lang='lat' dir='ltr'>Heraclienses</span> <span class='ocrx_word' id='word_1_214' title='bbox 982 1664 1134 1719; x_wconf 88' lang='lat' dir='ltr'>legati,</span> <span class='ocrx_word' id='word_1_215' title='bbox 1172 1665 1433 1708; x_wconf 88' lang='lat' dir='ltr'>nobilissimi</span> 
     </span>
     <span class='ocr_line' id='line_1_28' title="bbox 92 1721 1434 1776; baseline 0.002 -12"><span class='ocrx_word' id='word_1_216' title='bbox 92 1723 304 1776; x_wconf 86' lang='lat' dir='ltr'>homines,</span> <span class='ocrx_word' id='word_1_217' title='bbox 349 1722 474 1763; x_wconf 88' lang='lat' dir='ltr'>huius</span> <span class='ocrx_word' id='word_1_218' title='bbox 518 1721 662 1763; x_wconf 86' lang='lat' dir='ltr'>iudicii</span> <span class='ocrx_word' id='word_1_219' title='bbox 708 1736 836 1764; x_wconf 87' lang='lat' dir='ltr'>causa</span> <span class='ocrx_word' id='word_1_220' title='bbox 873 1736 968 1764; x_wconf 88' lang='lat' dir='ltr'>cum</span> <span class='ocrx_word' id='word_1_221' title='bbox 1005 1723 1219 1765; x_wconf 88' lang='lat' dir='ltr'>mandatis</span> <span class='ocrx_word' id='word_1_222' title='bbox 1257 1727 1300 1766; x_wconf 90' lang='lat' dir='ltr'>et</span> <span class='ocrx_word' id='word_1_223' title='bbox 1339 1739 1434 1767; x_wconf 91' lang='lat' dir='ltr'>cum</span> 
     </span>
     <span class='ocr_line' id='line_1_29' title="bbox 92 1781 1434 1838; baseline 0.001 -15"><span class='ocrx_word' id='word_1_224' title='bbox 92 1782 264 1836; x_wconf 90' lang='lat' dir='ltr'>publico</span> <span class='ocrx_word' id='word_1_225' title='bbox 316 1781 564 1822; x_wconf 82' lang='lat' dir='ltr'>testimonio</span> <span class='ocrx_word' id='word_1_226' title='bbox 614 1784 838 1835; x_wconf 81' lang='lat' dir='ltr'>venerunt3</span> <span class='ocrx_word' id='word_1_227' title='bbox 890 1782 961 1835; x_wconf 88' lang='lat' dir='ltr'>qui</span> <span class='ocrx_word' id='word_1_228' title='bbox 1012 1781 1124 1823; x_wconf 88' lang='lat' dir='ltr'>hunc</span> <span class='ocrx_word' id='word_1_229' title='bbox 1169 1782 1434 1838; x_wconf 87' lang='lat' dir='ltr'>adscriptum</span> 
     </span>
     <span class='ocr_line' id='line_1_30' title="bbox 95 1838 1434 1884; baseline 0.002 -3"><span class='ocrx_word' id='word_1_230' title='bbox 95 1839 414 1881; x_wconf 84' lang='lat' dir='ltr'>Heracliensem</span> <span class='ocrx_word' id='word_1_231' title='bbox 447 1839 604 1881; x_wconf 88' lang='lat' dir='ltr'>dicunt.</span> <span class='ocrx_word' id='word_1_232' title='bbox 654 1838 737 1880; x_wconf 86' lang='lat' dir='ltr'>Hic</span> <span class='ocrx_word' id='word_1_233' title='bbox 768 1842 816 1880; x_wconf 87' lang='lat' dir='ltr'>tu</span> <span class='ocrx_word' id='word_1_234' title='bbox 847 1840 1019 1881; x_wconf 78' lang='lat' dir='ltr'>tabulas</span> <span class='ocrx_word' id='word_1_235' title='bbox 1053 1840 1268 1883; x_wconf 87' lang='lat' dir='ltr'>desideras</span> <span class='ocrx_word' id='word_1_236' title='bbox 1300 1841 1434 1884; x_wconf 89' lang='lat' dir='ltr'>Hera-</span> 
     </span>
     <span class='ocr_line' id='line_1_31' title="bbox 43 1897 1433 1953; baseline 0.006 -18"><span class='ocrx_word' id='word_1_237' title='bbox 43 1899 318 1940; x_wconf 67' lang='lat' dir='ltr'>:wellensium</span> <span class='ocrx_word' id='word_1_238' title='bbox 358 1898 570 1953; x_wconf 88' lang='lat' dir='ltr'>publicas,</span> <span class='ocrx_word' id='word_1_239' title='bbox 612 1912 717 1952; x_wconf 88' lang='lat' dir='ltr'>quas</span> <span class='ocrx_word' id='word_1_240' title='bbox 754 1897 908 1941; x_wconf 85' lang='lat' dir='ltr'>Italico</span> <span class='ocrx_word' id='word_1_241' title='bbox 946 1899 1061 1940; x_wconf 87' lang='lat' dir='ltr'>bello</span> <span class='ocrx_word' id='word_1_242' title='bbox 1100 1900 1273 1942; x_wconf 85' lang='lat' dir='ltr'>incenso</span> <span class='ocrx_word' id='word_1_243' title='bbox 1311 1902 1433 1943; x_wconf 86' lang='lat' dir='ltr'>tabu-</span> 
     </span>
     <span class='ocr_line' id='line_1_32' title="bbox 95 1956 1432 2013; baseline 0.003 -15"><span class='ocrx_word' id='word_1_244' title='bbox 95 1957 203 1998; x_wconf 87' lang='lat' dir='ltr'>lario</span> <span class='ocrx_word' id='word_1_245' title='bbox 241 1958 438 1998; x_wconf 86' lang='lat' dir='ltr'>interisse</span> <span class='ocrx_word' id='word_1_246' title='bbox 476 1957 633 1998; x_wconf 88' lang='lat' dir='ltr'>scimus</span> <span class='ocrx_word' id='word_1_247' title='bbox 673 1957 848 1998; x_wconf 80' lang='lat' dir='ltr'>omnes?</span> <span class='ocrx_word' id='word_1_248' title='bbox 899 1956 981 1999; x_wconf 88' lang='lat' dir='ltr'>Est</span> <span class='ocrx_word' id='word_1_249' title='bbox 1017 1957 1243 2000; x_wconf 86' lang='lat' dir='ltr'>ridiculum</span> <span class='ocrx_word' id='word_1_250' title='bbox 1282 1960 1335 2000; x_wconf 88' lang='lat' dir='ltr'>ad</span> <span class='ocrx_word' id='word_1_251' title='bbox 1371 1973 1432 2013; x_wconf 87' lang='lat' dir='ltr'>ea,</span> 
     </span>
     <span class='ocr_line' id='line_1_33' title="bbox 97 2015 1433 2071; baseline 0.002 -15"><span class='ocrx_word' id='word_1_252' title='bbox 97 2030 203 2069; x_wconf 89' lang='lat' dir='ltr'>quae</span> <span class='ocrx_word' id='word_1_253' title='bbox 227 2015 447 2069; x_wconf 87' lang='lat' dir='ltr'>habemus,</span> <span class='ocrx_word' id='word_1_254' title='bbox 473 2015 581 2056; x_wconf 89' lang='lat' dir='ltr'>nihil</span> <span class='ocrx_word' id='word_1_255' title='bbox 610 2015 759 2069; x_wconf 88' lang='lat' dir='ltr'>dicere,</span> <span class='ocrx_word' id='word_1_256' title='bbox 787 2029 1002 2070; x_wconf 88' lang='lat' dir='ltr'>quaerere,</span> <span class='ocrx_word' id='word_1_257' title='bbox 1027 2031 1134 2071; x_wconf 90' lang='lat' dir='ltr'>quae</span> <span class='ocrx_word' id='word_1_258' title='bbox 1159 2017 1318 2059; x_wconf 85' lang='lat' dir='ltr'>habere</span> <span class='ocrx_word' id='word_1_259' title='bbox 1345 2032 1433 2059; x_wconf 90' lang='lat' dir='ltr'>non</span> 
     </span>
     <span class='ocr_line' id='line_1_34' title="bbox 95 2074 1432 2128; baseline 0.002 -14"><span class='ocrx_word' id='word_1_260' title='bbox 95 2088 335 2128; x_wconf 77' lang='lat' dir='ltr'>possumUS,</span> <span class='ocrx_word' id='word_1_261' title='bbox 368 2076 410 2115; x_wconf 94' lang='lat' dir='ltr'>et</span> <span class='ocrx_word' id='word_1_262' title='bbox 442 2074 492 2114; x_wconf 89' lang='lat' dir='ltr'>de</span> <span class='ocrx_word' id='word_1_263' title='bbox 522 2074 744 2115; x_wconf 87' lang='lat' dir='ltr'>hominum</span> <span class='ocrx_word' id='word_1_264' title='bbox 776 2075 982 2116; x_wconf 88' lang='lat' dir='ltr'>memoria</span> <span class='ocrx_word' id='word_1_265' title='bbox 1007 2077 1159 2128; x_wconf 87' lang='lat' dir='ltr'>tacere,</span> <span class='ocrx_word' id='word_1_266' title='bbox 1191 2076 1432 2117; x_wconf 87' lang='lat' dir='ltr'>litterarum</span> 
     </span>
     <span class='ocr_line' id='line_1_35' title="bbox 97 2132 1432 2188; baseline 0.003 -16"><span class='ocrx_word' id='word_1_267' title='bbox 97 2133 346 2173; x_wconf 86' lang='lat' dir='ltr'>memoriam</span> <span class='ocrx_word' id='word_1_268' title='bbox 382 2132 579 2187; x_wconf 89' lang='lat' dir='ltr'>flagitare</span> <span class='ocrx_word' id='word_1_269' title='bbox 618 2135 678 2185; x_wconf 90' lang='lat' dir='ltr'>et,</span> <span class='ocrx_word' id='word_1_270' title='bbox 722 2146 819 2173; x_wconf 85' lang='lat' dir='ltr'>cum</span> <span class='ocrx_word' id='word_1_271' title='bbox 855 2133 1015 2175; x_wconf 88' lang='lat' dir='ltr'>habeas</span> <span class='ocrx_word' id='word_1_272' title='bbox 1055 2134 1314 2188; x_wconf 85' lang='lat' dir='ltr'>amplissimi</span> <span class='ocrx_word' id='word_1_273' title='bbox 1351 2135 1432 2176; x_wconf 90' lang='lat' dir='ltr'>viri</span> 
     </span>
     <span class='ocr_line' id='line_1_36' title="bbox 44 2190 1432 2246; baseline 0.004 -18"><span class='ocrx_word' id='word_1_274' title='bbox 44 2201 77 2228; x_wconf 81' lang='lat'>35</span> <span class='ocrx_word' id='word_1_275' title='bbox 98 2191 361 2245; x_wconf 84' lang='lat' dir='ltr'>religionem,</span> <span class='ocrx_word' id='word_1_276' title='bbox 393 2190 659 2246; x_wconf 84' lang='lat' dir='ltr'>integerrimi</span> <span class='ocrx_word' id='word_1_277' title='bbox 691 2191 908 2246; x_wconf 87' lang='lat' dir='ltr'>municipii</span> <span class='ocrx_word' id='word_1_278' title='bbox 938 2193 1003 2234; x_wconf 90' lang='lat' dir='ltr'>ius</span> <span class='ocrx_word' id='word_1_279' title='bbox 1030 2192 1255 2233; x_wconf 86' lang='lat' dir='ltr'>iurandum</span> <span class='ocrx_word' id='word_1_280' title='bbox 1287 2192 1432 2234; x_wconf 89' lang='lat' dir='ltr'>fidem-</span> 
     </span>
     <span class='ocr_line' id='line_1_37' title="bbox 101 2249 1433 2306; baseline 0.002 -17"><span class='ocrx_word' id='word_1_281' title='bbox 101 2264 191 2303; x_wconf 86' lang='lat' dir='ltr'>que,</span> <span class='ocrx_word' id='word_1_282' title='bbox 218 2263 280 2303; x_wconf 88' lang='lat' dir='ltr'>ea,</span> <span class='ocrx_word' id='word_1_283' title='bbox 305 2263 411 2303; x_wconf 89' lang='lat' dir='ltr'>quae</span> <span class='ocrx_word' id='word_1_284' title='bbox 438 2249 661 2304; x_wconf 86' lang='lat' dir='ltr'>depravari</span> <span class='ocrx_word' id='word_1_285' title='bbox 685 2249 805 2291; x_wconf 89' lang='lat' dir='ltr'>nullo</span> <span class='ocrx_word' id='word_1_286' title='bbox 832 2250 958 2292; x_wconf 89' lang='lat' dir='ltr'>modo</span> <span class='ocrx_word' id='word_1_287' title='bbox 979 2253 1172 2305; x_wconf 87' lang='lat' dir='ltr'>possunt,</span> <span class='ocrx_word' id='word_1_288' title='bbox 1196 2251 1433 2306; x_wconf 87' lang='lat' dir='ltr'>repudiare,</span> 
     </span>
     <span class='ocr_line' id='line_1_38' title="bbox 96 2307 1431 2364; baseline 0.001 -15"><span class='ocrx_word' id='word_1_289' title='bbox 96 2307 288 2362; x_wconf 76' lang='lat' dir='ltr'>tabulas,</span> <span class='ocrx_word' id='word_1_290' title='bbox 327 2321 430 2362; x_wconf 88' lang='lat' dir='ltr'>quas</span> <span class='ocrx_word' id='word_1_291' title='bbox 463 2308 575 2349; x_wconf 90' lang='lat' dir='ltr'>idem</span> <span class='ocrx_word' id='word_1_292' title='bbox 609 2307 714 2349; x_wconf 90' lang='lat' dir='ltr'>dicis</span> <span class='ocrx_word' id='word_1_293' title='bbox 747 2308 882 2350; x_wconf 88' lang='lat' dir='ltr'>solere</span> <span class='ocrx_word' id='word_1_294' title='bbox 915 2310 1148 2364; x_wconf 87' lang='lat' dir='ltr'>corrumpi,</span> <span class='ocrx_word' id='word_1_295' title='bbox 1180 2309 1431 2351; x_wconf 86' lang='lat' dir='ltr'>desiderare.</span> 
     </span>
    </p>
   </div>
  </div>
 </body>
</html>
