1619 2542
555 102 657 137 CAP.
683 106 821 137 29—31
848 106 868 145 s
895 107 1043 138 61—66.
1387 104 1473 146 :327

132 198 343 254 dignitate
376 201 502 254 atque
535 198 761 240 honestate
793 198 1055 254 praeditum3
1087 202 1274 255 putares,
1307 215 1401 242 cum
1428 202 1474 243 in

131 258 318 299 eiusdem
357 259 456 299 anni
494 257 688 299 custodia
724 260 767 298 te
806 260 934 312 atque
964 257 1011 299 L.
1042 257 1265 300 Murenam
1297 259 1473 301 fortuna

130 317 357 370 posuisset,
390 316 534 371 aliquo
566 318 609 357 te
642 331 737 357 cum
768 315 850 358 hoc
875 316 937 357 rei
961 317 1158 370 publicae
1184 318 1352 360 vinculo
1380 333 1471 360 esse

131 375 422 429 coniunctum3
454 374 567 430 quod
599 374 802 416 atrociter
833 375 878 415 in
910 378 1063 416 senatu
1095 376 1252 431 dixisti,
1285 380 1360 418 aut
1384 392 1473 419 non

95 446 111 471 5
133 434 311 475 dixisses
344 437 436 487 aut,
474 433 510 475 si
541 433 777 487 posuisses,
816 433 1032 475 mitiorem
1064 435 1110 475 in
1141 438 1310 489 partem
1342 436 1472 477 inter-

130 495 359 546 pretarere.
397 492 461 534 Ac
480 495 523 533 te
542 492 696 547 ipsum,
725 495 932 546 quantum
953 507 1032 547 ego
1054 493 1252 547 opinione
1273 508 1471 549 auguror,

130 565 241 592 nunc
267 554 310 592 et
338 551 469 593 animi
495 550 678 605 quodam
698 550 862 605 impetu
883 551 1143 594 concitatum
1166 556 1209 593 et
1227 554 1271 594 vi
1290 556 1470 595 naturae

131 612 259 664 atque
294 610 455 664 ingenii
486 610 645 651 elatum
678 612 721 651 et
751 610 995 651 recentibus
1027 614 1353 665 praeceptorum
1387 616 1472 654 stu-

131 668 211 709 diis
255 668 511 724 flagrantem
555 668 640 710 iam
685 682 787 709 usus
825 668 987 723 flectet,
1031 669 1120 710 dies
1160 670 1307 724 leniet,
1352 674 1470 713 aetas

77 739 111 764 10
130 727 361 782 mitigabit.
410 727 581 768 Etenim
612 727 687 768 isti
717 727 801 781 ipsi
833 727 939 768 mihi
969 727 1168 769 videntur
1194 729 1328 770 vestri
1353 745 1471 784 prae-

131 788 324 840 ceptores
369 789 412 828 et
453 786 626 827 virtutis
670 786 869 840 magistri
912 786 1018 827 fines
1063 786 1302 829 officiorum
1340 789 1470 842 paulo

130 844 320 900 longius,
358 859 483 898 quam
520 847 677 886 natura
712 845 861 899 vellet,
899 845 1148 900 protulisse,
1187 849 1251 900 ut,
1290 861 1386 888 cum
1418 847 1471 889 ad

129 903 328 944 ultimum
361 903 503 945 animo
536 903 920 957 contendissemus,
952 904 1013 945 ibi
1045 906 1209 958 tamen,
1242 906 1315 946 ubi
1349 921 1470 960 opor-

129 964 252 1016 teret,
284 961 625 1004 consisteremus.
670 961 808 1003 ‘Nihil
839 962 1086 1018 ignoveris.'
1130 963 1268 1005 Immo
1295 964 1469 1020 aliquid,

76 1031 110 1057 15
129 1035 215 1062 non
253 1020 407 1062 omnia.
469 1020 605 1062 ‘Nihil
645 1021 811 1075 gratiae
850 1021 1137 1063 concesseris?
1198 1022 1335 1064 Immo
1369 1023 1471 1065 resi·

130 1079 232 1120 stito
260 1079 437 1133 gratiae,
463 1094 559 1122 cum
586 1079 774 1121 officium
801 1082 844 1120 et
867 1080 972 1121 fides
998 1078 1252 1135 postulabit.
1291 1081 1470 1123 ‘Miseri-

128 1137 272 1179 cordia
326 1141 564 1180 commotus
613 1152 667 1179 ne
717 1137 802 1179 sis?
882 1138 1047 1193 Etiam,
1102 1139 1148 1180 in
1197 1140 1470 1182 dissolvenda

129 1196 377 1250 severitate3
411 1197 484 1238 sed
514 1199 660 1238 tamen
692 1200 758 1238 est
782 1197 875 1238 laus
903 1198 1048 1251 aliqua
1073 1197 1369 1240 humanitatis.
1404 1198 1470 1240 ‘In

129 1255 341 1297 sententia
372 1255 650 1309 permaneto.'
699 1254 827 1308 Vero,
858 1256 942 1297 nisi
974 1257 1230 1298 sententiam
1257 1258 1471 1299 sententia

75 1325 110 1351 20
131 1313 277 1368 aliqua
314 1314 464 1356 vicerit
501 1315 664 1355 melior.
726 1313 915 1355 Huiusce
947 1314 1061 1355 modi
1095 1314 1236 1370 Scipio
1268 1316 1343 1356 ille
1373 1315 1469 1370 fuit,

129 1387 255 1426 quem
292 1387 379 1413 non
415 1372 666 1426 paenitebat
703 1371 843 1413 facere
880 1373 1009 1423 idem,
1056 1373 1169 1426 quod
1206 1377 1272 1427 tu,
1309 1374 1469 1416 habere

130 1430 466 1471 eruditissimum
485 1431 702 1471 hominem
715 1430 968 1471 Panaetium
989 1431 1122 1485 domi3
1142 1432 1259 1472 cuius
1275 1433 1469 1474 oratione

130 1490 172 1529 et
209 1489 467 1543 praeceptis,
506 1503 765 1542 quamquam
804 1493 926 1530 erant
965 1489 1111 1530 eadem
1144 1490 1246 1543 ista,
1285 1505 1393 1544 quae
1425 1494 1468 1532 te

130 1546 361 1601 delectant,
409 1550 556 1588 tamen
600 1547 791 1600 asperior
834 1561 920 1588 non
965 1550 1030 1588 est
1072 1547 1232 1602 factus,
1282 1549 1371 1602 sed,
1419 1552 1469 1590 ut

75 1616 109 1642 25
131 1606 274 1659 accepi
318 1620 343 1646 a
387 1605 577 1658 senibus,
621 1605 877 1646 lenissimus.
951 1605 1054 1654 Quis
1098 1620 1200 1647 vero
1244 1605 1290 1649 C.
1320 1606 1467 1649 Laelio

129 1664 301 1717 comior,
335 1663 428 1718 quis
460 1663 682 1705 iucundior
715 1664 861 1704 eodem
895 1678 945 1704 ex
977 1664 1118 1705 studio
1144 1665 1242 1718 isto,
1274 1666 1367 1720 quis
1393 1666 1467 1707 illo

129 1722 319 1778 gravior,
351 1722 614 1776 sapientior?
675 1721 856 1763 Possum
883 1722 933 1763 de
964 1722 1009 1763 L.
1041 1722 1179 1777 Philo,
1211 1723 1262 1764 de
1295 1723 1340 1766 G.
1360 1723 1468 1766 Galo

129 1781 267 1822 dicere
298 1781 402 1822 haec
435 1780 593 1834 eadem,
626 1780 700 1821 sed
730 1784 772 1822 te
798 1781 969 1822 domum
994 1781 1079 1822 iam
1107 1782 1311 1823 deducam
1336 1785 1467 1824 tuam.

129 1837 450 1893 Quemquamne
488 1839 708 1880 existimas
741 1837 922 1893 Catone,
958 1854 1118 1894 proavo
1150 1842 1242 1893 tuo,
1281 1856 1468 1883 commo-

76 1908 111 1933 30
131 1897 304 1952 diorem,
334 1898 683 1952 communiorem,
707 1897 1035 1939 moderatiorem
1059 1898 1192 1940 fuisse
1218 1899 1272 1940 ad
1297 1914 1467 1941 omnem

129 1955 340 1997 rationem
383 1956 694 1997 humanitatis?
757 1955 820 1996 De
864 1956 982 1998 cuius
1025 1958 1265 2011 praestanti
1308 1958 1466 1999 virtute

130 2028 225 2054 cum
261 2028 357 2056 vere
396 2015 668 2070 graviterque
707 2014 885 2068 diceres,
922 2015 1202 2057 domesticum
1233 2019 1276 2058 te
1307 2016 1466 2057 habere

130 2071 276 2112 dixisti
319 2073 560 2126 exemplum
605 2072 657 2113 ad
700 2072 966 2115 imitandum.
1026 2073 1108 2115 Est
1150 2074 1258 2115 illud
1296 2074 1466 2128 quidem

1498 506 1543 539 65

1495 1325 1539 1358 66

131 2130 369 2183 exemplum
405 2131 487 2172 tibi
524 2131 792 2186 propositum
832 2131 967 2186 domi,
1005 2132 1077 2173 sed
1108 2135 1254 2173 tamen
1285 2135 1466 2173 naturae
1528 2144 1531 2146 ·

76 2198 110 2224 35
131 2187 365 2230 similitudo
408 2189 525 2231 illius
565 2190 618 2231 ad
655 2192 698 2230 te
736 2190 891 2245 magis,
929 2191 1003 2244 qui
1040 2191 1093 2232 ab
1132 2191 1209 2232 illo
1249 2194 1368 2231 ortus
1407 2204 1464 2244 es,

131 2260 258 2300 quam
302 2246 355 2287 ad
397 2262 528 2289 unum
573 2262 782 2303 quemque
817 2250 1012 2290 nostrum
1050 2249 1273 2304 pervenire
1310 2248 1463 2303 potuit,

130 2304 184 2346 ad
226 2304 482 2347 imitandum
525 2320 626 2348 vero
669 2309 760 2347 tam
797 2306 904 2348 mihi
939 2307 1210 2362 propositum
1248 2307 1465 2361 exemplar
