1687 2533
593 100 759 146 CAP.'1,
785 106 805 137 2
833 106 852 145 ς
875 107 975 139 1—3.
1367 105 1453 147 375

201 199 244 241 Si
291 199 391 254 quid
429 201 495 240 est
533 200 576 240 in
614 213 681 240 me
719 198 896 254 ingenii,
939 199 1116 253 iudices,
1162 200 1275 255 quod
1314 202 1452 243 sentio
1482 190 1504 270 ᾖ

114 273 244 314 quam
276 259 334 300 sit
365 258 582 312 exiguum,
622 262 696 299 aut
727 258 764 299 si
796 273 879 312 qua
911 258 1158 300 exercitatio
1192 259 1376 314 dicendi,
1407 261 1453 301 in

111 332 195 372 qua
227 332 294 358 me
327 331 414 359 non
444 317 607 358 infitior
639 316 910 358 mediocriter
936 331 1028 358 esse
1053 321 1284 372 versatum,
1316 321 1390 360 aut
1417 319 1453 360 si

111 376 286 418 huiusce
319 376 380 417 rei
411 376 523 417 ratio
556 375 701 430 aliqua
733 376 786 417 ab
819 376 1081 430 optimarum
1114 377 1272 418 artium
1300 377 1452 419 studiis

73 446 160 476 5ac
208 434 434 489 disciplina
477 434 687 488 profecta,
732 449 756 476 a
800 449 884 489 qua
922 448 1001 490 ego
1039 435 1206 477 nullum
1245 436 1453 478 confiteor

110 493 265 534 aetatis
304 508 423 534 meae
461 495 629 547 tempus
669 493 960 546 abhorruisse,
1000 508 1144 535 earum
1182 509 1327 536 rerum
1365 510 1451 536 om—

108 552 227 593 nium
259 552 327 593 vel
358 552 403 593 in
429 551 580 607 primis
613 551 681 593 hic
712 551 765 592 A.
795 551 982 594 Licinius
1014 552 1201 594 fructum
1234 568 1259 595 a
1290 568 1358 595 me
1389 568 1450 595 re-

107 613 254 665 petere
285 625 419 665 prope
452 625 528 652 suo
559 610 650 652 iure
683 610 818 652 debet.
868 610 994 665 Nam,
1026 612 1167 666 quoad
1198 612 1450 668 longissime

107 672 252 724 potest
278 683 397 710 mens
424 683 518 710 mea
541 669 751 723 respicere
778 670 966 724 spatium
993 671 1217 724 praeteriti
1243 672 1449 726 temporis

55 739 88 764 ιο
108 731 151 768 et
180 728 389 783 pueritiae
421 727 670 769 memoriam
701 728 917 769 recordari
947 729 1157 783 ultimam,
1187 729 1285 770 inde
1316 744 1451 785 usque

106 790 302 840 repetens
328 786 441 827 1111110
466 786 588 828 video
616 786 722 827 mihi
742 787 980 841 principem
1001 790 1044 828 et
1064 788 1117 829 ad
1137 788 1450 843 suscipiendam

106 848 150 886 et
195 845 247 886 ad
290 845 609 900 ingrediendam
654 845 864 887 rationem
907 846 1061 888 horum
1103 847 1341 888 studiorum
1381 862 1449 889 ex-

106 904 258 946 titisse.
327 903 487 952 Quodsi
530 904 634 945 haec
676 919 759 946 vox
802 904 928 946 huius
971 905 1148 947 hortatu
1191 907 1449 961 praeceptis-

108 977 188 1016 que
215 962 484 1004 conformata
508 977 596 1004 non
620 963 750 1004 nullis
779 963 1010 1017 aliquando
1038 964 1165 1005 saluti
1190 964 1284 1019 fuit,
1314 980 1339 1006 a
1365 981 1448 1020 quo

54 1032 87 1057 15
107 1021 149 1062 id
189 1021 445 1076 accepimus,
485 1036 568 1076 quo
607 1022 759 1063 ceteris
802 1023 1006 1077 opitulari
1047 1026 1090 1064 et
1131 1023 1238 1064 alios
1278 1038 1447 1065 servare

104 1094 348 1134 possemus,
386 1079 485 1121 huic
522 1079 713 1132 profecto
751 1080 852 1135 ipsi,
892 1084 1096 1135 quantum
1136 1084 1201 1123 est
1240 1082 1371 1124 situm
1403 1083 1448 1124 in

103 1138 248 1192 nobis,
293 1141 335 1180 et
380 1153 505 1192 opem
549 1141 592 1180 et
640 1139 821 1180 salutem
861 1139 974 1181 ferre
1019 1140 1232 1182 debemus.
1293 1141 1358 1183 Ac
1393 1156 1446 1182 ne
1473 1153 1494 1183 2

104 1197 198 1250 quis
241 1212 266 1238 a
305 1197 430 1238 nobis
472 1197 554 1239 hoc
594 1197 657 1239 ita
697 1198 779 1239 11101
819 1198 930 1239 forte
972 1199 1168 1252 miretur,
1209 1200 1321 1254 quod
1363 1201 1445 1242 alia

104 1255 314 1309 quaedam
352 1256 396 1296 in
433 1255 514 1298 1100
550 1255 734 1297 facultas
775 1257 831 1298 sit
868 1257 1030 1311 ingenii
1067 1272 1204 1312 neque
1241 1257 1347 1300 haec
1387 1259 1445 1299 di-

50 1325 84 1350 20
104 1314 224 1355 cendi
262 1315 375 1355 ratio
414 1317 489 1355 aut
528 1314 772 1369 disciplina,
809 1329 862 1356 ne
905 1330 984 1356 nos
1029 1316 1198 1370 quidem
1236 1316 1335 1358 huic
1372 1318 1446 1358 uni

105 1373 246 1413 studio
278 1372 449 1426 penitus
482 1387 684 1426 umquam
717 1373 849 1414 dediti
880 1373 1048 1414 fuimus.
1091 1374 1266 1415 Etenim
1297 1389 1445 1416 omnes

104 1433 230 1484 artes,
258 1445 365 1484 quae
386 1431 440 1471 ad
458 1431 773 1472 humanitatem
794 1432 1023 1486 pertinent,
1049 1432 1211 1473 habent
1231 1433 1443 1486 quoddam

104 1503 325 1530 commune
366 1489 555 1530 vinclum
593 1492 635 1530 et
673 1489 795 1543 quasi
826 1491 1081 1544 cognatione
1116 1491 1300 1544 quadam
1332 1492 1444 1532 inter

104 1561 148 1587 se
181 1548 466 1588 continentur.
512 1546 594 1588 Sed
625 1561 678 1588 ne
711 1548 777 1589 cui
808 1551 997 1589 vestrum
1031 1549 1186 1590 mirum
1214 1564 1306 1591 esse
1332 1551 1444 1592 vide·
1469 1537 1496 1578 2

49 1617 82 1642 25
104 1608 201 1646 atur
239 1620 305 1646 me
337 1605 382 1646 in
414 1606 663 1660 quaestione
695 1606 890 1661 legitima
922 1610 964 1647 et
995 1608 1039 1647 in
1069 1607 1225 1649 iudicio
1257 1608 1443 1662 publico,
1469 1590 1490 1619 3

102 1679 196 1705 cum
222 1678 289 1705 res
317 1666 472 1719 agatur
498 1664 609 1717 apud
634 1668 876 1718 praetorem
902 1665 1051 1720 populi
1076 1665 1276 1720 Romani,
1301 1667 1442 1709 lectis—

102 1722 258 1763 simum
289 1722 441 1775 virum,
473 1725 516 1763 et
543 1722 655 1777 apud
681 1723 972 1765 severissimos
998 1724 1169 1778 iudices,
1196 1728 1320 1767 tanto
1347 1741 1443 1767 0011-

101 1783 231 1822 ventu
262 1781 485 1822 hominum
518 1795 567 1822 ac
598 1781 840 1835 frequentia
870 1782 951 1824 hoc
981 1783 1046 1824 uti
1077 1797 1230 1838 genere
1264 1784 1442 1838 dicendi,

103 1840 214 1893 quod
257 1854 344 1881 non
389 1839 515 1881 modo
560 1854 584 1880 a
629 1840 932 1881 consuetudine
976 1840 1249 1895 iudiciorum,
1292 1857 1441 1884 verum

47 1908 82 1934 80
102 1898 233 1938 etiam
270 1913 295 1939 a
331 1898 492 1939 forensi
531 1912 725 1939 sermone
764 1898 1010 1954 abhorreat,
1048 1915 1205 1955 quaeso
1244 1915 1269 1942 a
1308 1902 1442 1953 vobis,

100 1958 150 1996 ut
174 1956 218 1996 in
243 1956 324 1997 hac
351 1971 479 1998 causa
499 1956 605 1997 mihi
626 1956 735 1998 detis
756 1957 865 1998 113110
885 1958 1051 1999 veniam
1074 1959 1441 2001 accommodatam

99 2013 198 2055 huic
234 2029 325 2069 reo,
363 2015 505 2069 vobis,
543 2029 668 2069 quem
708 2015 761 2056 ad
798 2015 972 2057 modum
1010 2031 1151 2071 spero,
1187 2032 1274 2058 non
1312 2018 1441 2059 mole—

101 2074 229 2125 stam,
271 2076 320 2114 ut
363 2088 430 2114 me
473 2088 552 2127 pro
603 2088 768 2114 summo
811 2078 940 2128 poeta
983 2077 1110 2129 atque
1150 2076 1440 2117 eruditissimo

100 2130 272 2172 homine
310 2131 519 2172 dicentem
558 2131 639 2173 hoc
677 2146 884 2173 concursu
922 2133 1143 2175 hominum
1176 2134 1441 2175 litteratissi-

46 2199 80 2225 35
101 2203 287 2241 morum,
319 2189 399 2230 hac
429 2192 575 2231 vestra
605 2190 885 2245 humanitate,
916 2191 998 2233 hoc
1030 2192 1209 2246 denique
1240 2195 1439 2245 praetore

100 2250 319 2288 exercente
361 2247 564 2290 iudicium
605 2248 832 2303 patiamini
873 2248 923 2291 de
966 2250 1118 2292 studiis
1157 2250 1438 2291 humanitatis

99 2319 148 2347 30
188 2305 431 2347 litterarum
474 2307 604 2361 paulo
646 2307 764 2361 loqui
805 2307 981 2350 liberius
1024 2311 1066 2350 et
1106 2308 1151 2349 in
1193 2308 1281 2349 eius
1323 2309 1439 2350 modi
