1687 2533
507 80 609 115 CAP.
625 83 764 115 37—40
789 84 808 122 g
834 84 920 115 94—
931 84 1007 115 100.
1336 80 1430 122 425

83 176 202 218 nulla
235 176 456 217 sermonis.
508 175 658 229 Quare,
692 176 727 216 si
759 176 853 230 quis
884 177 988 218 illuc
1020 191 1088 218 me
1114 180 1252 231 vocat,
1284 178 1428 231 veni03
1456 189 1499 221 97

81 235 288 290 populum
338 235 581 276 Romanum
638 235 967 289 disceptatorem
1021 250 1109 277 non
1166 236 1292 277 modo
1342 251 1430 278 non

81 308 249 347 recuso,
287 293 361 335 sed
400 294 531 335 etiam
563 294 757 348 deposco.
808 293 887 335 Vis
920 294 1053 348 absit,
1090 295 1253 336 ferrum
1287 310 1335 336 ac
1367 296 1429 336 la-

81 353 200 407 pides
231 355 550 407 removeantur,
591 367 744 407 operae
775 352 1011 407 facessant,
1044 353 1222 395 servitia
1253 354 1428 408 sileant,

47 424 64 449 5
81 426 206 453 nemo
234 411 315 452 erit
340 414 430 452 tam
457 412 656 464 iniustus,
681 411 753 466 qui
779 426 846 453 me
877 412 1071 466 audierit,
1099 413 1155 453 sit
1174 413 1298 454 modo
1321 413 1429 454 liber

83 474 126 512 et
156 470 273 523 civis,
306 471 407 525 quin
438 471 584 525 potius
618 471 668 511 de
694 471 897 525 praemiis
924 471 1029 512 meis
1057 486 1186 526 quam
1213 471 1264 513 de
1289 487 1428 527 poena

83 529 361 584 cogitandum
392 532 526 583 putet.
588 529 623 570 O
657 529 699 569 di
731 529 1019 571 immortales!
1056 530 1157 584 quid
1188 529 1270 572 hoc
1302 531 1427 572 mise·
1443 531 1498 572 39

81 588 200 630 rius?
260 587 371 642 Nos,
415 588 488 643 qui
523 588 570 630 P.
607 587 791 630 Lentulo
837 588 1000 630 ferrum
1038 592 1080 630 et
1118 589 1338 631 flammam
1377 590 1427 631 de

84 647 280 688 manibus
332 647 609 701 extorsimus,
658 647 884 702 imperitae
934 648 1226 689 multitudinis
1270 649 1426 690 iudicio

32 717 66 742 1⁰
84 706 356 760 confidimus,
399 706 733 747 lectissimorum
778 706 933 747 civium
978 710 1021 748 et
1065 707 1427 762 amplissimorum

68 764 315 806 ¹sententias
348 765 708 819 pertimescimus!
764 765 832 806 Μ’.
852 765 1076 819 Aquilium
1108 769 1255 821 patres
1287 766 1427 807 nostri
1454 778 1500 809 98

82 824 231 864 multis
271 824 477 865 avaritiae
509 823 759 866 criminibus
791 824 1138 879 testimoniisque
1171 826 1427 880 convictum,

83 883 182 936 quia
226 897 322 924 cum
364 882 560 937 fugitivis
603 882 774 924 fortiter
811 883 975 924 bellum
1014 887 1225 939 gesserat,
1268 884 1425 925 iudicio

81 941 385 983 liberaverunt.
443 940 604 983 Consul
643 955 722 996 ego
759 956 897 996 nuper
929 942 1098 983 defendi
1130 941 1174 986 C.
1207 942 1428 997 Pisonem3

28 1011 62 1036 15
83 1000 155 1055 qui
194 1001 295 1054 quia
332 1001 480 1042 consul
518 1000 645 1042 fortis
686 1004 972 1055 constansque
1002 1000 1162 1055 fuerat,
1200 1001 1426 1043 incolumis

82 1061 148 1100 est
178 1059 240 1100 rei
270 1059 468 1114 publicae
499 1063 789 1101 conservatus.
846 1059 1031 1101 Defendi
1062 1060 1167 1101 item
1201 1061 1349 1101 consul
1381 1060 1426 1102 L.

79 1116 315 1171 Murenam,
347 1119 566 1160 consulem
599 1118 885 1173 designatum.
947 1118 1085 1160 Nemo
1113 1119 1290 1173 illorum
1322 1120 1428 1160 iudi-

81 1190 176 1217 cum
214 1177 464 1218 clarissimis
497 1177 601 1218 viris
635 1178 937 1218 accusantibus
971 1178 1228 1219 audiendum
1261 1178 1344 1219 sibi
1377 1178 1427 1219 de

81 1235 247 1276 ambitu
296 1236 483 1290 putavit,
533 1250 629 1277 cum
680 1236 844 1277 bellum
893 1236 980 1277 iam
1024 1239 1198 1291 gerente
1244 1235 1429 1278 Catilina

28 1305 63 1330 20
82 1308 229 1335 omnes
275 1308 342 1335 me
382 1297 553 1336 auctore
592 1295 696 1336 duos
736 1295 932 1336 consules
969 1294 1176 1336 Kalendis
1215 1295 1427 1337 Ianuariis

82 1352 238 1394 scirent
275 1367 367 1394 esse
410 1356 619 1407 oportere.
681 1353 891 1394 Innocens
925 1357 968 1394 et
999 1354 1137 1395 bonus
1169 1354 1236 1394 vir
1267 1357 1310 1395 et
1342 1369 1428 1396 om-

80 1410 207 1452 nibus
243 1412 370 1452 rebus
404 1414 582 1452 ornatus
614 1411 682 1452 bis
714 1411 795 1452 hoc
828 1426 940 1452 anno
973 1427 1041 1453 me
1073 1412 1323 1453 defendente
1357 1413 1427 1454 ab·

83 1469 250 1510 solutus
283 1472 370 1524 est,
408 1470 459 1511 A.
491 1469 715 1510 Thermus
777 1469 947 1518 Quanta
978 1470 1040 1511 rei
1072 1471 1267 1524 publicae
1300 1486 1429 1512 causa

81 1527 250 1568 laetitia
287 1529 437 1583 populi
474 1528 678 1582 Romani,
723 1531 886 1582 quanta
926 1529 1160 1583 gratulatio
1200 1532 1429 1571 consecuta

28 1597 61 1623 25
82 1587 166 1627 est!
239 1585 415 1642 Semper
461 1601 614 1642 graves
659 1589 702 1627 et
746 1587 961 1642 sapientes
1005 1588 1165 1629 iudices
1210 1588 1256 1629 in
1299 1589 1427 1630 rebus

81 1645 330 1700 iudicandis,
357 1645 459 1700 quid
485 1645 654 1686 utilitas
682 1645 883 1699 civitatis,
910 1646 1011 1699 quid
1037 1647 1275 1688 communis
1298 1647 1427 1701 salus,

82 1704 184 1757 quid
233 1704 295 1745 rei
347 1704 543 1758 publicae
587 1707 783 1758 tempora
825 1708 1067 1759 poscerent,
1119 1705 1427 1760 cogitaverunt.

81 1761 189 1803 Cum
231 1762 394 1804 tabella
437 1762 560 1804 vobis
605 1762 795 1815 dabitur,
838 1763 1015 1817 iudices,
1058 1778 1146 1805 non
1184 1764 1234 1805 de
1272 1763 1426 1806 Flacco
1454 1777 1498 1808 99

82 1820 252 1862 dabitur
284 1822 436 1874 solum,
472 1821 644 1862 dabitur
677 1822 726 1862 de
759 1821 935 1862 ducibus
969 1822 1300 1878 auctoribusque
1332 1838 1428 1865 con-

27 1891 62 1916 30
81 1880 313 1921 servandae
345 1880 546 1934 civitatis,
579 1880 752 1920 dabitur
785 1880 834 1920 de
867 1881 1065 1922 omnibus
1098 1881 1224 1923 bonis
1251 1882 1426 1936 civibus,

81 1938 253 1980 dabitur
291 1939 341 1980 de
373 1939 587 1980 vobismet
624 1938 747 1992 ipsis,
786 1938 958 1979 dabitur
997 1939 1046 1980 de
1078 1939 1226 1981 liberis
1259 1940 1426 1994 vestris,

81 1996 131 2037 de
161 1997 264 2051 vita,
296 1998 347 2038 de
378 1998 532 2052 patria,
565 1997 614 2037 de
649 1997 788 2037 salute
821 1998 1047 2040 communi.
1097 1997 1197 2040 Non
1227 1998 1426 2040 iudicatis

80 2054 126 2096 in
155 2055 236 2097 hac
267 2070 396 2097 causa
428 2056 478 2097 de
511 2056 668 2097 exteris
700 2055 961 2109 nationibus,
993 2071 1081 2098 non
1113 2057 1163 2098 de
1197 2057 1342 2110 sociis3
1375 2057 1425 2097 de

80 2113 205 2155 vobis
244 2129 292 2155 ac
331 2114 381 2155 de
413 2118 558 2156 vestra
589 2128 634 2155 re
660 2114 834 2167 publica
864 2114 1072 2156 iudicatis.
1136 2114 1296 2164 Quodsi
1327 2130 1423 2170 pro·
1432 2102 1498 2184 {gg

27 2183 61 2208 35
80 2172 318 2213 vinciarum
358 2187 435 2213 vos
475 2173 586 2214 ratio
625 2173 764 2227 magis
803 2176 948 2214 movet
987 2188 1114 2228 quam
1146 2176 1308 2226 vestra,
1345 2188 1425 2228 ego

81 2244 181 2272 vero
213 2245 299 2272 non
326 2231 451 2272 modo
477 2245 565 2272 non
590 2245 753 2283 recuso,
785 2231 858 2272 sed
884 2233 1014 2273 etiam
1040 2233 1226 2287 postulo,
1258 2234 1306 2272 ut
1331 2246 1426 2285 pro-

80 2288 317 2330 vinciarum
351 2289 606 2331 auctoritate
639 2289 909 2331 moveamini.
959 2289 1134 2331 Etenim
1161 2304 1426 2344 opponemus
