1687 2533
589 86 692 122 CAP.
718 90 832 121 8-10
859 90 878 129 ξ
903 89 1054 121 24-29.
1381 85 1466 128 349

120 183 282 238 amieis,
314 185 485 237 praesto
518 185 619 224 sunt
651 183 870 237 omnibus3
903 183 938 224 si
968 197 1107 238 neque
1139 183 1266 225 amici
1296 182 1341 224 in
1371 182 1466 224 foro

120 243 346 308 requirunt
385 242 572 283 studium
612 256 755 283 meum
785 256 922 297 neque
953 256 1021 283 res
1052 242 1226 297 publiea
1256 242 1301 283 in
1333 242 1466 295 curia,

124 302 161 342 si
199 316 266 343 me
304 315 390 342 non
428 300 553 342 modo
594 315 680 342 non
717 315 859 342 rerum
897 303 1117 355 gestarum
1161 300 1349 354 vacatio,
1394 301 1467 342 sed

122 374 259 414 neque
278 359 455 401 honoris
475 373 610 413 neque
631 359 787 400 aetatis
809 359 1026 401 excusatio
1046 358 1237 401 vindicat
1258 375 1282 400 a
1301 359 1466 413 labore3

88 430 104 456 5
126 419 161 459 si
193 419 394 460 voluntas
427 433 533 472 mea,
565 418 602 459 si
633 418 857 472 industria,
890 417 926 459 si
958 419 1122 473 domus,
1155 418 1192 460 si
1219 418 1398 471 animus,
1432 418 1468 459 si

124 491 246 519 aures
278 479 431 531 patent
456 476 674 530 omnibus3
710 477 745 518 si
777 477 884 518 mihi
909 491 961 518 ne
988 477 1041 518 ad
1069 492 1118 518 ea
1144 477 1326 531 quidem,
1359 491 1467 532 quae

122 551 198 591 pro
245 536 384 577 salute
429 536 620 577 omnium
664 535 800 591 gessi,
845 535 1108 577 recordanda
1151 538 1196 577 et
1239 536 1467 591 cogitanda

123 595 348 649 quiequam
398 594 653 648 relinquitur
696 595 923 648 temporis:
973 597 1118 636 tamen
1160 594 1242 636 1100
1286 608 1467 650 regnum

124 653 433 708 appellabitur,
479 653 595 695 cuius
640 653 824 695 vicarius
869 653 941 708 qui
979 653 1084 695 velit
1129 667 1239 708 esse,
1283 653 1467 695 inveniri

73 724 106 749 10
125 727 249 754 nemo
281 712 455 767 potest?
516 711 665 768 Longe
699 713 820 753 abest
852 727 877 753 a
908 727 975 753 me
1007 712 1129 767 regni
1162 712 1365 766 suspicio3
1399 713 1467 754 sin

125 771 311 826 quaeris,
350 771 423 825 qui
461 770 547 812 sint
576 771 738 812 Romae
771 785 951 826 regnum
985 785 1191 825 occupare
1223 771 1383 823 conati,
1421 773 1468 812 ut

124 845 176 871 ne
214 830 396 884 replices
436 830 655 871 annalium
692 830 963 883 memoriam,
1002 845 1052 870 ex
1085 829 1330 871 domesticis
1364 829 1467 871 ima-

126 889 298 943 ginibus
338 888 538 929 invenies.
602 888 687 930 Res
720 889 831 930 enim
865 891 1030 943 gestae,
1068 889 1211 941 credo,
1248 903 1368 929 meae
1400 903 1467 930 me

124 947 253 988 nimis
298 947 542 988 extulerunt
580 962 628 989 ac
666 947 772 988 mihi
811 947 955 988 neseio
995 962 1100 1002 quos
1141 946 1317 1002 spiritus
1359 949 1466 988 attu-

74 1017 106 1042 15
127 1007 279 1047 lerunt.
324 1004 485 1054 Quibus
518 1006 568 1047 de
594 1006 721 1048 rebus
748 1009 838 1047 tam
864 1006 1003 1060 elaris,
1035 1009 1125 1047 tam
1153 1006 1468 1056 inmortalibus,

125 1065 302 1119 iudices,
333 1064 415 1106 hoo
445 1079 621 1120 possum
654 1065 810 1116 dicere,
843 1080 928 1116 me,
961 1065 1034 1119 qui
1066 1080 1115 1106 ex
1148 1065 1325 1106 summis
1356 1064 1466 1120 peri-

127 1124 232 1165 eulis
259 1123 490 1178 eripuerim
521 1124 671 1165 urbem
703 1123 814 1166 hane
847 1126 889 1165 et
920 1124 1055 1165 vitam
1082 1124 1274 1165 omnium
1300 1123 1469 1167 civium.

127 1183 231 1224 satis
264 1182 466 1237 adeptum
496 1182 601 1248 fore,
635 1183 671 1224 si
703 1197 752 1224 ex
778 1183 859 1224 1100
884 1185 1008 1224 tanto
1033 1182 1079 1223 in
1106 1183 1244 1224 omnis
1271 1182 1467 1223 mortalis

127 1241 330 1282 beneficio
371 1241 537 1282 nullum
577 1241 622 1282 in
660 1255 727 1282 me
765 1242 906 1296 ipsum
938 1241 1174 1294 perieulum
1206 1241 1468 1282 redundarit.

74 1311 108 1336 20
126 1300 315 1354 Etenim,
346 1299 391 1340 in
423 1314 507 1354 qua
539 1300 713 1341 civitate
745 1314 813 1341 res
845 1302 989 1341 tantas
1024 1300 1248 1354 gesserim,
1280 1299 1467 1352 memini,

126 1359 172 1399 in
215 1373 298 1412 qua
340 1358 443 1399 urbe
488 1372 650 1412 verser,
700 1358 919 1412 intellego.
992 1357 1171 1399 Plenum
1214 1358 1355 1398 forum
1402 1360 1468 1398 est

129 1431 274 1458 eorum
306 1416 540 1470 hominum,
574 1430 680 1470 quos
714 1430 793 1471 ego
822 1431 846 1457 a
852 1393 1024 1457 ”vestris
1051 1416 1286 1457 cervicibus
1313 1416 1467 1469 depuli,

127 1475 304 1524 iudices⁷
336 1489 360 1515 a
392 1475 497 1516 meis
528 1489 614 1516 non
646 1475 822 1515 removi.
883 1473 980 1515 Nisi
1011 1489 1110 1516 vero
1143 1488 1302 1529 paucos
1334 1473 1467 1515 fuisse

129 1532 411 1584 arbitramini,
444 1533 516 1586 qui
547 1534 692 1574 conari
726 1536 800 1574 aut
826 1547 996 1588 sperare
1023 1535 1201 1588 possent
1228 1547 1271 1573 se
1297 1534 1468 1573 tantum

77 1602 110 1628 25
130 1591 357 1646 imperium
389 1605 515 1646 posse
548 1591 698 1632 delere.
764 1591 930 1632 Horum
963 1605 1043 1647 ego
1075 1591 1190 1633 faces
1223 1591 1385 1646 eripere
1417 1591 1467 1632 de

130 1650 328 1692 manibus
361 1653 403 1691 et
435 1649 601 1704 gladios
635 1652 887 1704 extorquere
919 1649 1059 1704 potui,
1098 1649 1225 1691 sicuti
1255 1649 1357 1704 feci,
1395 1664 1466 1691 vo-

130 1710 319 1750 luntates
368 1723 469 1750 vero
514 1709 825 1750 consceleratas
871 1723 920 1750 ac
964 1708 1151 1750 nefarias
1195 1723 1272 1750 nec
1318 1722 1468 1750 sanare

129 1767 251 1822 potui
286 1781 363 1809 nec
400 1767 563 1808 tollere.
631 1766 769 1815 Quare
812 1782 899 1808 non
944 1781 1037 1808 sum
1082 1767 1268 1821 nescius,
1307 1770 1468 1822 quanto

131 1826 319 1880 periculo
351 1826 493 1867 vivam
518 1825 563 1866 111
589 1828 713 1867 tanta
738 1825 1012 1867 multitudine
1036 1826 1343 1880 improborum,
1374 1841 1470 1867 011111

79 1896 114 1920 30
134 1884 238 1925 mihi
289 1884 364 1926 uni
406 1899 501 1926 cum
545 1884 742 1925 omnibus
786 1884 993 1939 improbis
1039 1887 1258 1925 aeternum
1301 1884 1469 1926 videam

133 1943 294 1983 bellum
334 1946 579 1998 susceptum
619 1957 721 1985 esse.
784 1941 944 1991 Quodsi
981 1943 1069 1984 illis
1108 1943 1212 1984 meis
1245 1943 1469 1998 praesidiis

133 2000 243 2042 forte
273 2001 449 2054 invides,
481 2004 524 2043 et
556 2002 593 2043 si
618 2016 667 2042 ea
692 2001 773 2042 tibi
799 2001 919 2056 regia
944 2001 1150 2056 videntur,
1183 2002 1295 2056 quod
1322 2015 1468 2042 omnes

134 2059 236 2100 boni
275 2060 465 2101 omnium
503 2074 706 2115 generum
746 2062 874 2114 atque
906 2060 1100 2101 ordinum
1133 2074 1255 2102 suam
1288 2060 1469 2101 salutem

135 2132 231 2158 eum
280 2132 374 2159 mea
423 2119 703 2174 coniungunt,
749 2118 969 2160 consolare
1011 2121 1073 2172 te,
1124 2119 1236 2174 quod
1282 2117 1471 2159 omnium

81 2187 115 2211 35
136 2177 299 2216 mentes
337 2176 630 2231 improborum
669 2176 775 2218 mihi
811 2176 885 2217 uni
923 2177 1104 2218 maxime
1144 2179 1243 2218 sunt
1280 2177 1471 2217 infensae

136 2237 178 2275 et
216 2233 434 2289 adversae3
473 2235 544 2290 qui
584 2249 651 2276 me
687 2248 773 2276 non
815 2235 978 2288 [modo]
1019 2236 1155 2277 solum
1188 2234 1341 2276 idcireo
1375 2234 1471 2276 ode-

135 2295 253 2346 runt,
296 2292 408 2347 quod
452 2307 597 2334 eorum
642 2296 820 2335 conatus
863 2293 1018 2349 impios
1063 2296 1106 2335 et
1149 2293 1337 2334 furorem
1376 2306 1472 2334 con-

1494 717 1512 747 10

1518 717 1533 748 a!

1487 1923 1540 1964 10

1496 1974 1539 2005 29
