1687 2533
61 731 95 756 10

62 1024 95 1049 15

62 1318 97 1342 20

64 1611 97 1636 25

64 1904 100 1929 30

66 2195 99 2222 35

567 91 668 128 CAP.
697 96 787 128 6—8
814 96 833 134 ξ
862 96 1011 128 14-19.
1368 93 1451 135 381

113 190 231 245 gium
258 205 306 232 ac
333 189 539 233 solacium
564 189 785 244 praebent,
816 188 1032 231 delectant
1058 187 1186 243 domi,
1210 203 1298 231 non
1322 189 1455 243 impe-

111 250 234 291 diunt
259 249 378 304 foris,
409 251 665 304 pernoctant
689 248 924 302 nobiscum,
956 247 1299 303 peregrinantur,
1329 248 1456 289 rusti-

112 310 275 351 cantur.

203 366 364 416 Quodsi
382 367 467 422 ipsi
485 366 590 408 haec
609 380 746 420 neque
767 365 981 421 attingere
1000 380 1137 420 neque
1158 380 1286 407 sensu
1304 368 1454 407 nostro
1470 355 1481 397 (

114 429 288 482 gustare
313 439 555 481 possemus,
585 428 730 466 tamen
763 439 812 466 ea
844 423 992 466 mirari
1023 424 1288 478 deberemUS,
1324 425 1456 466 etiam

114 500 209 527 cum
252 485 298 526 in
341 485 436 526 aliis
484 484 736 526 videremus.
806 483 908 532 Quis
947 485 1145 525 nostrum
1183 486 1274 525 tam
1313 484 1454 525 animo

115 544 277 600 agresti
310 559 358 586 ac
390 544 494 585 duro
525 543 619 597 fuit,
652 544 698 583 ut
729 541 858 584 Rosci
890 544 1027 583 morte
1059 557 1195 597 nuper
1225 557 1312 584 non
1345 557 1456 584 com-

113 602 390 645 moveretur?
412 602 484 657 qui
503 616 599 643 cum
619 604 732 643 esset
753 615 879 642 senex
893 604 1101 655 mortuus,
1120 604 1267 642 tamen
1280 605 1456 656 propter

115 663 390 704 excellentem
436 664 571 702 artem
614 675 663 702 ac
706 662 978 702 venustatem
1015 660 1244 701 videbatur
1282 661 1455 702 omnino

115 721 225 762 mori
259 735 348 762 non
385 719 592 761 debuisse.
653 718 771 774 Ergo
804 719 878 760 ille
906 719 1100 774 corporis
1134 722 1254 760 motu
1285 722 1455 760 tantum

116 795 305 822 amorem
349 779 432 821 sibi
476 778 722 820 conciliarat
766 793 791 819 a
826 777 952 819 nobis
993 777 1209 831 omnibus3
1252 792 1331 819 nos
1370 771 1456 819 aiii·

114 854 281 880 morum
318 837 588 880 incredibiles
627 840 770 878 motus
807 837 1154 891 celeritatemque
1185 836 1455 892 ingeniorum

114 897 418 953 neglegemus?
463 896 667 945 Quotiens
695 910 774 951 ego
801 896 914 937 hunc
934 895 1140 937 Archiam
1159 895 1258 950 vidi,
1283 895 1456 949 iudices,

116 956 234 1012 (utar
280 957 391 998 enim
427 958 574 997 vestra
613 954 898 1010 benignitate,
944 954 1145 1008 quoniam
1187 969 1254 995 me
1292 954 1337 995 in
1374 954 1457 996 hoc

114 1030 224 1057 novo
253 1030 405 1071 genere
432 1014 598 1056 dicendi
622 1016 712 1055 tam
740 1013 968 1068 diligenter
994 1012 1236 1066 attenditis)
1259 1013 1456 1067 quotiens

116 1088 195 1130 ego
232 1074 345 1116 hunc
376 1073 480 1126 vidi,
518 1088 613 1115 cum
646 1072 839 1114 litteram
872 1072 1115 1127 scripsisset
1145 1072 1327 1126 nullam,
1368 1087 1456 1113 ma-

116 1147 246 1189 gnum
272 1148 495 1175 numerum
523 1132 785 1187 optimorum
811 1145 1010 1172 versuum
1038 1130 1087 1171 de
1112 1130 1165 1172 iis
1191 1130 1296 1185 ipsis
1317 1130 1456 1184 rebus,

116 1207 223 1246 quae
248 1195 342 1234 tum
368 1194 610 1247 agerentur,
642 1190 780 1232 dicere
806 1204 857 1230 ex
881 1192 1086 1244 tempore,
1114 1189 1311 1244 quotiens
1337 1203 1456 1231 revo-

116 1254 257 1292 catum
302 1251 479 1292 eandem
521 1264 612 1291 rem
656 1249 793 1290 dicere
837 1249 1111 1290 commutatis
1149 1248 1290 1289 verbis
1329 1252 1456 1302 atque

117 1310 359 1351 sententiis!
403 1308 520 1358 Quae
551 1323 649 1349 vero
683 1310 877 1349 accurate
903 1307 1175 1362 cogitateque
1202 1306 1456 1360 scripsisset,

117 1383 167 1410 ea
199 1369 258 1410 sic
289 1368 376 1410 vidi
402 1367 587 1422 probari,
619 1369 667 1407 ut
700 1366 752 1407 ad
777 1369 967 1407 veterum
1001 1365 1260 1419 scriptorum
1286 1365 1456 1406 laudem

116 1426 369 1480 perveniret.
412 1425 538 1467 Hunc
571 1439 649 1480 ego
682 1439 769 1465 non
801 1424 992 1479 diligam,
1023 1438 1110 1464 non
1142 1423 1338 1477 admirer,
1369 1437 1456 1464 non

118 1485 235 1526 omni
264 1485 431 1526 ratione
465 1483 772 1525 defendendum
805 1483 981 1536 putem?
1025 1482 1168 1537 Atque
1201 1482 1263 1523 sic
1295 1496 1319 1522 a
1345 1496 1456 1523 sum-

118 1544 198 1585 mis
236 1543 481 1585 hominibus
514 1541 895 1594 eruditissimisque
928 1540 1186 1594 accepimus,
1218 1542 1455 1582 ceterarum

118 1617 259 1644 rerum
297 1602 439 1643 studia
479 1616 529 1642 ex
566 1600 760 1642 doctrina
800 1602 842 1641 et
879 1599 1117 1654 praeceptis
1155 1601 1197 1639 et
1235 1601 1326 1640 arte
1358 1613 1456 1640 con-

119 1664 249 1713 stare,
293 1663 466 1715 poetam
512 1661 667 1701 natura
703 1659 798 1713 ipsa
834 1659 976 1699 valere
1016 1660 1057 1698 et
1095 1657 1252 1699 mentis
1292 1657 1455 1699 viribus

118 1720 294 1761 excitari
326 1722 368 1760 et
400 1718 521 1772 quasi
553 1717 696 1759 divino
729 1716 912 1771 quodam
940 1716 1094 1771 spiritu
1119 1716 1270 1757 inflari.
1317 1716 1456 1765 Quare

119 1793 194 1820 suo
231 1778 322 1819 iure
353 1780 500 1818 noster
531 1776 605 1817 ille
637 1775 801 1817 Ennius
834 1774 1037 1816 ‘sanctos'
1072 1775 1262 1830 appellat
1292 1777 1456 1830 poetas,

119 1836 232 1891 quod
271 1836 394 1891 quasi
432 1836 606 1877 deorum
650 1835 793 1888 aliquo
827 1834 936 1875 dono
972 1836 1099 1888 atque
1133 1848 1306 1875 munere
1341 1848 1456 1875 com-

119 1895 308 1937 mendati
355 1895 479 1936 nobis
531 1908 622 1935 esse
671 1893 908 1934 videantur.
976 1891 1043 1933 Sit
1084 1892 1236 1946 igitur,
1283 1891 1455 1945 iudices,

119 1956 313 1995 sanctum
346 1953 457 2007 apud
481 1968 570 2005 vos,
600 1951 934 1993 humanissimos
958 1950 1166 2004 homines,
1197 1951 1278 1992 hoc
1302 1954 1456 2005 poetae

118 2026 290 2064 nomen,
330 2011 444 2066 quod
473 2012 594 2053 nulla
625 2025 827 2064 umquam
859 2009 1060 2050 barbaria
1090 2009 1282 2051 violavit.
1346 2007 1457 2049 Saxa

120 2072 163 2111 et
194 2070 445 2112 solitudines
476 2070 572 2112 voci
602 2068 874 2124 respondent,
905 2067 1069 2110 bestiae
1096 2081 1221 2123 saepe
1246 2067 1455 2108 immanes

120 2131 246 2169 cantu
285 2129 514 2170 flectuntur
547 2131 673 2182 atque
706 2127 961 2179 consistunt3
998 2141 1077 2168 nos
1108 2125 1297 2167 instituti
1328 2126 1455 2166 rebus

120 2187 296 2241 optimis
338 2201 425 2228 non
466 2189 692 2242 poetarum
735 2200 836 2227 voce
877 2185 1152 2227 moveamur?
1220 2182 1455 2224 Homerum

120 2243 377 2299 Colophonii
414 2245 549 2287 civem
590 2259 682 2286 esse
721 2244 866 2285 dicunt
903 2258 1045 2297 suum,
1084 2242 1179 2284 Chii
1211 2256 1335 2283 suum
1366 2242 1455 2282 vin-

121 2303 280 2355 dicant,
316 2302 540 2345 Salaminii
569 2304 786 2360 repetunt,
819 2300 1044 2357 Smyrnaei
1074 2315 1175 2343 vero
1207 2314 1332 2342 suum
1365 2314 1456 2342 esse

1484 353 1525 436 ᾗ)

1482 487 1506 527 8

1484 909 1526 940 18

1486 1904 1526 1934 19
