1619 2542
113 681 156 712 90

114 1326 156 1356 91

116 2002 172 2042 32

115 2054 159 2085 92

180 106 235 147 68
404 75 407 76 ⁷
518 106 612 141 PRO
637 107 680 140 A.
708 105 915 141 CAECINA
942 106 1131 142 ORATIO.

180 201 428 243 redeuntem
455 203 632 244 armatis
658 202 905 243 hominibus
929 201 1103 243 domum
1127 204 1248 243 tuam
1273 205 1316 243 te
1340 202 1519 245 introire

180 261 463 314 prohibuerit,
490 261 591 316 quid
617 261 747 314 ages?
792 260 923 302 Utere
950 260 1097 301 eodem
1123 260 1362 303 interdicto.
1409 260 1519 303 Cum

180 320 315 375 igitur
339 323 514 374 praetor
539 319 819 368 interdixerit,
850 319 960 360 unde
987 319 1173 360 deiectus
1206 333 1262 373 es,
1293 322 1342 361 ut
1373 334 1421 361 eo
1453 334 1517 361 re·

182 378 395 432 stituaris,
433 380 481 420 tu
512 378 593 420 hoc
623 378 754 427 idem,
793 378 905 432 quod
937 391 1014 432 ego
1054 377 1164 432 dico,
1204 380 1246 419 et
1277 378 1390 432 quod
1426 393 1518 433 pei-

182 436 375 491 spicuum
404 439 479 490 est,
510 436 866 490 interpretabere,
899 451 994 477 cum
1019 436 1126 477 illud
1152 435 1369 478 verbum‘
1374 437 1516 478 UNDE’
1536 447 1553 472 ⁵

181 495 226 536 111
257 498 482 561 utramque
513 510 603 536 rem
635 495 796 549 valeat,
829 509 961 549 eoque
992 497 1042 536 tu
1073 495 1243 536 restitui
1275 495 1334 537 sis
1365 495 1518 550 iussus,

182 556 273 595 tam
304 557 347 595 te
378 554 424 595 in
455 554 579 595 aedes
611 556 708 595 tuas
740 553 911 595 restitui
937 555 1144 608 oportere,
1176 553 1213 594 si
1245 568 1266 595 e
1292 554 1518 608 vestibulo,

183 627 311 668 quam
344 613 380 653 si
412 627 461 654 ex
493 612 695 654 interiore
728 612 894 654 aedium
926 614 1047 666 parte
1079 612 1265 654 deiectus
1297 612 1368 654 818.

241 671 303 713 Ut
328 685 427 712 vero
454 672 553 725 iam,
585 673 916 725 recuperatoreS,
944 671 1064 712 nulla
1090 670 1302 712 dubitatio
1329 672 1397 721 sit,
1430 672 1518 713 sive

182 744 273 771 rem
317 730 404 772 sive
442 730 574 771 verba
612 733 804 785 spectare
841 729 989 782 vultis,
1031 729 1133 784 quin
1170 729 1401 771 secundum
1439 744 1518 772 nos
1538 740 1572 765 10

183 788 396 841 iudicetis,
429 788 619 830 exoritur
650 788 719 830 hic
758 789 845 830 iam
878 787 1043 829 obrutis
1082 787 1210 830 rebus
1242 788 1438 830 omnibus
1476 791 1519 830 et

182 847 362 902 perditis
394 847 472 888 illa
502 847 710 900 defensio,
743 862 838 888 eum
871 847 977 888 deici
1014 861 1158 901 posse,
1191 846 1265 901 qui
1294 849 1387 888 tum
1423 861 1515 903 pos-⁷

184 905 338 959 sideat3
378 905 450 960 qui
480 920 566 947 non
598 906 832 960 possideat,
868 906 988 947 nullo
1022 905 1146 947 modo
1179 920 1322 960 posse,
1360 906 1518 960 itaque,

184 964 221 1005 si
252 978 331 1020 ego
364 966 446 1005 sim
479 980 504 1005 a
534 965 620 1006 tuis
651 965 824 1006 aedibus
852 964 1050 1018 deiectus,
1081 964 1252 1005 restitui
1280 978 1366 1006 non
1397 979 1518 1019 opor-

183 1026 291 1077 tere,
330 1023 365 1063 si
396 1022 487 1077 ipse
520 1023 596 1075 sis,
629 1026 838 1078 oportere.
899 1022 1107 1076 Numera,
1147 1037 1274 1077 quam
1306 1022 1444 1064 multa
1474 1024 1520 1064 in
1539 1032 1572 1058 15

182 1082 267 1122 ista
299 1081 544 1123 defensione
568 1081 680 1122 falsa
711 1082 807 1133 sint,
838 1081 950 1123 Piso.
1011 1082 1075 1123 Ac
1106 1082 1291 1135 primum
1315 1081 1425 1123 illud
1457 1084 1518 1123 at-

184 1140 321 1193 tende,
353 1142 396 1181 te
428 1140 513 1181 iam
539 1154 590 1181 ex
621 1139 697 1180 illa
721 1116 886 1181 ratione
920 1154 1011 1181 esse
1038 1140 1272 1194 depulsum,
1305 1140 1418 1194 quod
1448 1154 1520 1182 ne-

185 1198 320 1254 gabas
348 1212 605 1253 quemquam
631 1197 738 1240 deici
767 1213 894 1264 posse
921 1199 1004 1240 nisi
1034 1198 1142 1252 inde,
1173 1199 1247 1240 ubi
1273 1201 1403 1253 esset3
1433 1198 1519 1240 iam

184 1271 309 1312 posse
342 1257 552 1310 concedis,
593 1271 706 1311 eum,
747 1257 818 1311 qui
850 1271 937 1298 non
973 1257 1209 1311 possideat,
1249 1270 1381 1311 negas
1413 1257 1520 1298 deici

184 1330 320 1370 posse.
383 1314 469 1357 Cur
500 1329 602 1370 ergo
636 1319 710 1356 aut
739 1315 784 1356 in
814 1315 920 1356 illud
952 1315 1213 1357 cotidianum
1244 1315 1518 1356 interdictum
1539 1325 1574 1349 20

185 1375 325 1415 UNDE
358 1385 465 1415 ILLE
497 1386 561 1415 ME
593 1386 639 1415 VI
670 1373 875 1416 DE1E01T⁷
908 1373 1076 1416 additur
1114 1373 1224 1415 CUM
1254 1385 1346 1416 EGO
1377 1385 1520 1416 POSSI-

184 1432 372 1485 DEREm',
411 1432 447 1473 81
479 1432 585 1474 deici
615 1447 740 1474 nemo
773 1435 932 1486 potest,
975 1433 1046 1487 qui
1082 1447 1170 1474 non
1199 1431 1408 1487 possidet,
1445 1435 1520 1474 aut

183 1493 228 1532 in
258 1491 339 1533 hoc
371 1491 645 1532 interdictum
678 1503 739 1532 DE
770 1502 1024 1533 Hommssus
1057 1502 1258 1533 ARMATIS
1289 1505 1376 1532 non
1407 1491 1520 1532 addi—

184 1554 266 1603 tur,
298 1550 335 1590 si
366 1553 537 1603 oportet
563 1550 721 1604 quaeri,
752 1550 989 1605 possederit
1019 1549 1180 1591 necne?
1223 1548 1368 1604 Negas
1402 1549 1520 1603 deici,

184 1608 267 1649 nisi
299 1608 371 1662 qui
395 1608 624 1662 possideat.
682 1608 885 1662 Ostendo,
917 1608 954 1650 si
979 1608 1070 1650 sine
1103 1608 1280 1649 armatis
1307 1608 1519 1650 coactisve
1539 1616 1573 1641 25

185 1667 430 1708 hominibus
463 1666 649 1708 deiectus
677 1666 889 1722 quispiam
919 1668 987 1720 sit,
1020 1681 1126 1720 eum,
1159 1666 1232 1720 qui
1255 1666 1443 1708 fateatur
1473 1680 1518 1708 se

185 1725 403 1778 deiecisse,
443 1725 611 1767 vincere
650 1727 943 1780 sponsionem,
988 1725 1025 1766 si
1066 1725 1263 1767 ostendat
1301 1739 1395 1766 eum
1432 1738 1520 1766 non

184 1783 433 1838 possedisse.
497 1783 643 1839 Negas
677 1784 794 1837 deici,
826 1784 910 1825 nisi
941 1784 1013 1838 qui
1043 1783 1272 1838 possideat.
1329 1782 1517 1824 Ostendo

185 1856 235 1883 ex
265 1842 347 1883 hoc
376 1841 606 1884 interdicto
639 1854 701 1884 DE
734 1853 934 1884 ARMATIS
967 1852 1241 1895 HOMINIBUS,
1279 1840 1351 1895 qui
1381 1841 1519 1896 possit

185 1899 407 1941 ostendere
437 1914 524 1941 non
559 1901 800 1955 possedisse
833 1916 945 1955 eum,
987 1901 1058 1955 qui
1097 1900 1282 1941 deiectus
1315 1899 1387 1952 sit,
1425 1907 1573 1941 con-3⁰

186 1957 378 1999 demnari
420 1960 567 1999 tamen
607 1959 851 2013 sponsionis
890 1972 1061 2000 necesse
1104 1971 1214 2011 esse,
1258 1957 1294 1999 si
1332 1957 1520 1999 fateatur

187 2032 278 2059 esse
304 2016 525 2059 deiectum.
574 2016 814 2071 Dupliciter
838 2017 1032 2060 homines
1057 2016 1305 2069 deiciuntur,
1330 2019 1404 2058 aut
1429 2016 1519 2058 sine

187 2076 345 2117 coactis
378 2075 608 2116 armatisve
637 2076 883 2117 hominibus
916 2077 991 2117 aut
1020 2089 1097 2129 per
1127 2074 1216 2116 eius
1242 2075 1358 2116 modi
1389 2074 1519 2116 ratio-

185 2149 284 2175 nem
316 2135 444 2187 atque
477 2133 574 2175 vim.
630 2134 699 2175 Ad
731 2135 834 2176 duas
861 2133 1089 2175 dissimiles
1122 2147 1190 2174 res
1223 2133 1304 2175 duo
1331 2133 1520 2175 diiuncta

185 2191 412 2234 interdicta
455 2193 566 2233 sunt.
638 2191 689 2233 In
726 2193 803 2234 illa
840 2192 883 2234 vi
924 2190 1139 2233 cotidiana
1179 2205 1267 2233 non
1304 2192 1409 2233 satis
1453 2194 1518 2233 est
1538 2199 1572 2225 35

185 2265 312 2305 posse
344 2251 493 2292 docere
525 2264 569 2291 se
601 2250 826 2304 deiectum,
863 2250 948 2291 nisi
979 2250 1201 2291 ostendere
1232 2253 1392 2305 potest,
1423 2264 1519 2292 cum

185 2309 438 2364 possideret,
481 2311 573 2350 tum
611 2308 832 2351 deiectum.
904 2307 969 2349 Ne
1005 2307 1049 2348 id
1090 2308 1259 2364 quidem
1298 2308 1404 2350 satis
1442 2311 1519 2362 est,
