1619 2542
533 79 634 114 CAP.
661 82 799 115 58-60
825 83 844 122 ἓ
872 84 1067 115 159—164.
1387 80 1471 122 163

128 176 422 231 troversiaque
460 176 692 218 discessum
731 179 806 218 est.
855 175 898 220 P.
934 176 1032 218 Aeli
1069 178 1330 217 testamento
1362 192 1458 243 pro·
1476 188 1542 219 162

128 235 314 290 pinquus
347 235 629 276 exheredatus
661 250 756 277 cum
790 238 913 290 esset,
944 235 1067 276 heres
1099 235 1168 276 hic
1201 234 1381 276 alienior
1411 236 1472 277 in-

130 294 310 335 stitutus
344 297 420 336 est.
481 293 527 336 P.
560 294 710 335 Aelius
736 293 887 335 Habiti
914 294 1066 335 merito
1092 293 1208 348 fecit,
1238 308 1376 348 neque
1401 295 1472 336 hic

127 353 172 393 in
215 355 474 394 testamento
512 352 705 394 faciendo
743 353 955 407 interfuit,
998 353 1124 407 idque
1160 355 1471 395 testamentum

93 422 110 449 5
131 412 184 453 ab
228 411 354 453 huius
397 410 570 452 inimico
609 410 843 466 Oppianico
882 417 947 453 est
986 412 1274 467 obsignatum.
1342 411 1469 454 Floro

128 471 320 525 legatum
354 485 403 511 ex
434 472 697 511 testamento
729 470 963 511 infitiatum
996 485 1099 512 esse.
1161 469 1262 511 Non
1294 474 1360 513 est
1391 471 1469 525 ita3

129 530 203 571 sed
240 544 335 570 cum
372 527 446 570 HS
477 530 580 571 ᾖ
613 529 774 583 scripta
813 531 955 570 essent
992 544 1070 584 pro
1103 528 1176 570 HS
1211 531 1295 574 (3Το
1333 545 1471 584 neque

128 589 167 629 ei
193 591 364 629 cautum
391 587 496 629 satis
522 588 751 642 videretur,
777 588 916 629 voluit
943 603 1038 629 eum
1066 588 1228 642 aliquid
1249 591 1470 644 acceptum

128 646 285 688 referre
317 647 573 688 liberalitati
605 661 717 688 suae.
782 646 926 688 Piimo
960 647 1112 688 debere
1144 649 1338 704 negavit,
1370 651 1471 703 post

75 717 110 742 1⁰
130 705 219 746 sine
252 706 545 747 contioversia
577 705 717 747 solvit.
775 703 849 746 Cei
881 705 1099 747 cuiusdam
1132 684 1338 749 Samnitis
1371 722 1471 747 uxo-

127 778 219 805 rem
255 767 354 818 post
396 765 559 806 bellum
600 764 654 805 ab
692 763 773 805 1100
811 779 901 805 0550
940 764 1178 819 repetitam.
1246 765 1471 807 Mulierem

129 838 224 864 cum
257 823 432 864 emisset
464 839 489 865 a
521 823 776 877 sectoribus,
816 837 898 877 quo
932 825 1124 877 tempore
1158 838 1251 866 eam
1283 824 1470 880 primum

127 882 309 922 liberam
343 896 433 923 esse
466 882 645 935 audivit,
684 881 774 922 sine
805 881 960 923 iudicio
993 882 1179 922 reddidit
1212 883 1324 925 Ceio.
1373 882 1457 924 En·
1475 894 1540 925 163

128 940 247 981 nium
280 955 372 982 esse
399 942 627 996 quendam,
663 940 780 982 cuius
812 941 927 982 bona
957 943 1103 982 teneat
1133 940 1334 984 Habitus.
1389 941 1472 983 Est

76 1010 108 1036 15
128 999 198 1040 hic
229 998 395 1041 Ennius
433 1014 562 1054 egens
601 999 773 1054 quidam
813 1000 1116 1053 calumniator,
1153 1001 1470 1043 mercennarius

129 1057 372 1112 Oppianici,
417 1059 489 1113 qui
532 1059 770 1113 permultos
811 1073 944 1099 annos
985 1058 1165 1114 quievit3
1209 1060 1357 1101 deinde
1397 1059 1471 1101 ali-

130 1117 296 1171 quando
336 1131 430 1158 cum
470 1117 604 1159 servis
637 1117 788 1158 Habiti
824 1117 929 1157 furti
968 1117 1072 1172 egit,
1110 1132 1246 1173 nuper
1286 1119 1340 1160 ab
1375 1118 1470 1172 ipso

127 1174 291 1216 Habito
329 1178 475 1230 petere
513 1176 665 1231 coepit.
727 1175 808 1217 Hic
845 1175 920 1217 ilio
953 1176 1121 1230 privato
1153 1177 1328 1230 iudicio,
1365 1177 1472 1218 mihi

129 1234 298 1287 credite,
329 1235 455 1276 nobis
487 1235 623 1276 isdem
654 1234 839 1276 fortasse
871 1235 1065 1287 patronis
1099 1231 1357 1277 calumniam
1383 1250 1471 1277 non

76 1305 110 1329 20
131 1292 318 1348 effugiet.
369 1294 511 1348 Atque
544 1294 685 1346 etiam,
716 1297 764 1334 ut
787 1293 912 1334 nobis
939 1293 1222 1349 renuntiatur,
1252 1294 1471 1336 hominem

130 1352 366 1393 multorum
397 1352 625 1407 hospitem,
656 1352 906 1393 Ambivium
932 1352 1154 1407 quendam,
1182 1368 1387 1408 coponem
1420 1353 1470 1393 de

129 1409 200 1450 via
230 1409 403 1464 Latina,
442 1410 707 1463 subornatis,
746 1411 818 1464 qui
850 1410 932 1451 sibi
965 1426 989 1451 a
1022 1409 1220 1453 Cluentio
1253 1412 1470 1465 servisque

131 1467 219 1508 eius
257 1468 302 1508 in
342 1470 522 1510 taberna
561 1484 636 1510 sua
674 1483 824 1510 manus
864 1469 1032 1509 adlatas
1066 1484 1157 1510 esse
1191 1469 1314 1511 dicat.
1377 1469 1469 1518 Quo

135 1526 184 1566 de
216 1526 388 1567 homine
419 1527 526 1568 nihil
560 1528 689 1568 etiam
720 1541 831 1568 nunc
864 1527 1000 1568 dicere
1031 1527 1156 1568 nobis
1189 1531 1255 1569 est
1285 1542 1470 1569 necesse.

78 1596 110 1621 25
132 1582 176 1625 Si
207 1584 465 1639 invitaverit,
498 1586 540 1626 id
573 1586 686 1639 quod
718 1586 840 1638 solet,
873 1585 932 1626 sic
957 1586 1175 1627 hominem
1202 1586 1469 1641 accipiemus,

129 1646 177 1684 ut
214 1643 394 1685 moleste
431 1644 542 1685 ferat
581 1658 625 1684 se
664 1644 713 1684 de
751 1643 821 1684 via
854 1643 1094 1685 decessisse.
1159 1644 1360 1699 Habetis,
1396 1645 1540 1687 111-164

130 1701 255 1755 dices,
295 1717 401 1755 quae
439 1703 484 1743 in
521 1705 660 1743 totam
698 1717 869 1743 causam
909 1702 958 1743 de
990 1703 1182 1745 moribus
1214 1703 1469 1758 A.Cluenti,

131 1775 255 1815 quem
299 1761 365 1801 illi
407 1761 665 1802 invidiosum
704 1775 795 1802 esse
832 1775 950 1801 reum
988 1761 1156 1817 volunt,
1198 1777 1331 1804 annos
1370 1766 1467 1804 octo

130 1819 327 1860 meditati·
363 1822 632 1861 accusatores
671 1819 954 1873 collegerunt,
999 1834 1125 1874 quam
1164 1821 1276 1863 levia
1314 1835 1468 1875 genere

79 1888 113 1914 30
130 1877 245 1932 ipso,
278 1892 405 1931 quam
438 1878 548 1919 falsa
579 1893 641 1932 re,
675 1892 802 1932 quam
834 1878 982 1919 brevia
1012 1881 1238 1934 responsu!
1302 1879 1466 1935 003110-
1482 1881 1539 1922 60

132 1936 236 1977 scite
261 1951 372 1978 nunc
403 1937 458 1989 id,
491 1937 604 1991 quod
630 1937 683 1977 ad
709 1939 898 1977 vestrum
923 1937 989 1978 ius
1016 1938 1242 1979 iurandum
1268 1939 1468 1992 pertinet,

131 1995 242 2048 quod
272 1995 406 2036 vestri
437 1995 582 2036 iudicii
614 1998 690 2049 est,
723 1995 835 2049 quod
866 1995 987 2036 vobis
1020 1997 1160 2038 oneris
1186 1996 1393 2051 imposuit
1419 2011 1469 2038 ea

130 2053 211 2106 lex,
243 2067 327 2107 qua
358 2055 494 2095 coacti
525 2054 607 2095 huc
639 2053 909 2107 convenistis,
941 2054 992 2095 de
1024 2055 1272 2096 criminibus
1304 2056 1468 2109 veneni,

130 2113 178 2151 ut
211 2126 358 2152 omnes
390 2112 661 2168 intellegant,
693 2127 821 2166 quam
851 2113 997 2166 paucis
1028 2114 1171 2155 verbis
1203 2114 1307 2155 haec
1339 2128 1468 2154 causa

79 2180 113 2206 35
132 2170 325 2223 perorari
364 2171 571 2224 potuerit,
613 2174 656 2211 et
697 2185 825 2224 quam
865 2171 1003 2213 multa
1044 2187 1068 2213 a
1109 2187 1176 2213 me
1218 2172 1331 2213 dicta
1369 2172 1467 2224 sint,

133 2242 239 2281 quae
272 2227 325 2268 ad
355 2228 482 2270 huius
513 2230 783 2271 voluntatem
814 2229 1015 2284 maxime,
1054 2231 1107 2271 ad
1138 2233 1330 2272 vestrum
1360 2230 1467 2270 iudi-

133 2286 244 2327 cium
275 2286 450 2328 minime
481 2288 756 2342 pertinerent.

1186 2356 1255 2391 11*
