1619 2542
113 679 168 721 27

116 732 158 762 73

118 1243 161 1274 74

124 2236 167 2267 75

187 82 270 122 128
543 81 638 117 PRO
663 82 706 115 A.
734 82 976 117 CLUENTIO
1005 81 1196 118 ORATIO.

185 177 351 230 cuniae,
390 192 517 232 quam
555 178 819 231 condiderat,
858 192 933 231 spe
958 177 1044 219 iam
1077 180 1206 232 atque
1239 178 1381 220 animo
1412 178 1527 221 incu-

185 237 327 290 baret,
370 236 589 278 contrahit
632 236 819 277 frontem
864 236 1167 289 (recordamini
1204 236 1359 278 faciem
1398 240 1525 292 atque

185 294 284 336 illos
324 294 412 336 eius
450 296 573 336 fictos
612 295 922 349 simulatosque
954 294 1138 351 vultus),
1177 295 1370 350 queritur
1396 310 1439 337 se
1471 296 1525 337 ab

186 353 421 408 Oppianico
454 354 706 395 destitutum
741 356 796 407 et,
828 353 899 408 qui
925 356 1039 395 esset
1069 357 1187 395 totus
1221 369 1271 395 ex
1301 354 1451 395 fraude
1483 358 1527 395 et

185 412 406 454 mendacio
438 412 576 454 factus
610 412 765 466 quique
799 427 847 453 ea
878 412 997 464 vitia,
1029 427 1136 467 quae
1170 428 1194 454 a
1219 415 1375 454 natura
1400 413 1526 454 habe·
1545 427 1561 453 5

183 470 278 523 bat,
328 471 459 512 etiam
509 471 650 511 studio
702 475 830 525 atque
881 471 1062 512 artificio
1108 471 1292 526 quodam
1337 472 1526 513 malitiae

185 529 461 583 condivisset,
499 529 676 584 pulchre
716 530 939 571 adseverat
976 544 1067 571 sese
1107 531 1159 572 ab
1193 529 1428 584 Oppianico
1461 530 1527 571 de-

185 588 386 629 stitutum
426 584 555 642 atque
596 588 677 629 hoc
716 588 833 629 addit
869 588 1124 642 testimonii,
1165 603 1241 630 sua
1278 589 1402 630 illum
1434 603 1526 630 sen-

185 647 332 700 tentia,
353 662 447 688 cum
468 647 614 701 palam
635 661 782 688 omnes
797 647 929 688 laturi
942 650 1095 700 essent,
1115 647 1447 689 condemnatum
1460 648 1525 688 iri.

273 705 473 746 Manarat
500 720 639 746 sermo
666 705 711 746 in
736 705 914 747 consilio
941 706 1145 760 pecuniae
1173 706 1386 760 quandam
1412 721 1525 747 men·
1547 722 1580 746 ιο

184 764 348 805 tionem
386 765 498 804 inter
535 764 695 805 iudices
734 778 826 805 esse
858 767 1085 806 versatam.
1148 764 1233 806 Res
1266 779 1402 819 neque
1435 768 1526 805 tam

184 823 326 864 fuerat
358 823 536 876 occulta,
569 837 696 877 quam
730 826 821 863 erat
852 823 1115 877 occultanda,
1146 838 1282 877 neque
1314 826 1403 864 tam
1434 826 1527 865 erat

186 884 351 936 aperta,
396 896 524 935 quam
568 882 629 922 rei
669 881 864 935 publicae
908 896 1035 923 causa
1079 882 1318 936 aperienda.
1387 881 1438 922 In
1479 896 1528 922 ea

186 940 449 981 obscuritate
488 955 536 981 ac
578 940 846 981 dubitatione
885 941 1074 982 omnium
1113 940 1343 994 Cannutio,
1385 941 1525 995 perito

185 998 369 1052 homini,
408 999 481 1053 qui
521 999 706 1052 quodam
738 999 866 1040 odore
899 999 1152 1054 suspicionis
1185 997 1406 1040 Staienum
1438 1013 1525 1040 cor·
1546 1013 1578 1039 15

186 1060 361 1111 ruptum
394 1072 485 1098 esse
517 1058 723 1098 sensisset
753 1058 993 1111 nequedum
1026 1073 1115 1099 rem
1147 1057 1383 1110 perfectam
1415 1057 1526 1099 arbi·

186 1119 385 1169 traretur,
418 1116 579 1170 placuit
611 1118 785 1169 repente
817 1116 1110 1168 pronuntiare:
1143 1116 1400 1157 DIXERUNT.
1445 1115 1528 1157 Hic

186 1177 277 1214 tum
311 1174 572 1228 Oppianicus
609 1189 696 1215 non
737 1188 893 1229 magno
933 1189 1059 1229 opere
1096 1175 1334 1229 pertimuit,
1374 1189 1464 1215 rem
1503 1189 1528 1215 a

189 1231 361 1274 Staieno
412 1232 646 1287 perfectam
692 1247 783 1274 esse
828 1233 1132 1275 arbitrabatur.
1205 1233 1256 1274 In
1301 1233 1526 1274 consilium

188 1294 310 1332 erant
356 1291 459 1331 ituri
500 1291 658 1333 iudices
701 1304 840 1333 XXXII.
914 1290 1147 1333 Sententiis
1187 1303 1265 1332 XVI
1311 1291 1525 1332 absolutio
1547 1306 1581 1331 20

188 1350 338 1391 confici
376 1352 557 1404 poterat.
626 1349 909 1405 Quadragena
945 1350 1064 1391 milia
1099 1365 1320 1392 nummum
1369 1349 1414 1390 in
1446 1350 1528 1390 sin-

190 1409 314 1464 gulos
353 1408 512 1449 iudices
551 1408 783 1450 distributa
820 1423 915 1449 eum
956 1423 1180 1450 numerum
1219 1409 1527 1449 sententiarum

189 1467 393 1508 conficere
419 1467 643 1519 debebant,
675 1470 723 1508 ut
749 1467 802 1508 ad
828 1468 1045 1508 cumulum
1072 1482 1146 1521 spe
1173 1467 1385 1508 maiorum
1410 1481 1528 1520 prae-

189 1526 369 1566 miorum
404 1526 540 1579 ipsius
573 1524 737 1567 Staieni
768 1527 981 1567 sententia
1013 1526 1196 1580 septima
1227 1526 1389 1567 decima
1415 1540 1528 1566 acce-

190 1584 317 1625 deret.
368 1584 511 1638 Atque
543 1586 675 1625 etiam
702 1599 803 1626 casu
828 1587 933 1637 tum,
967 1585 1079 1638 quod
1105 1584 1211 1625 illud
1237 1588 1410 1639 repente
1437 1587 1529 1624 erat
1548 1599 1581 1624 25

188 1643 369 1695 factum,
420 1641 618 1684 Staienus
670 1643 762 1697 ipse
812 1658 897 1684 non
943 1644 1111 1696 aderat3
1162 1658 1334 1684 causam
1385 1642 1528 1683 nescio

190 1716 318 1755 quam
358 1702 469 1755 apud
507 1702 690 1743 iudicem
731 1702 995 1743 defendebat.
1056 1701 1197 1743 Facile
1229 1699 1527 1743 hooHabitus

189 1759 446 1812 patiebatur,
472 1760 598 1801 facile
631 1759 879 1813 Cannutius,
911 1763 957 1801 at
986 1775 1074 1802 non
1102 1760 1362 1815 Oppianicus
1393 1773 1528 1812 neque

191 1820 398 1871 patronus
437 1818 526 1859 eius
564 1818 610 1860 L.
648 1818 888 1872 Quinctius3
927 1820 999 1873 qui
1040 1833 1135 1860 cum
1173 1822 1285 1859 esset
1315 1817 1391 1858 illo
1425 1821 1529 1858 tem-

190 1890 294 1930 pore
324 1876 523 1917 tribunus
556 1877 712 1931 plebis,
745 1877 982 1919 convicium
1014 1876 1058 1918 C.
1090 1877 1211 1918 Iunio
1243 1875 1372 1917 iudici
1404 1890 1528 1930 quae·
1549 1890 1584 1916 30

192 1934 345 1975 stionis
383 1935 616 1975 maximum
654 1936 772 1989 fecit,
810 1938 858 1976 ut
894 1950 947 1976 ne
986 1936 1076 1976 sine
1114 1935 1190 1975 illo
1228 1934 1273 1974 in
1305 1935 1530 1975 consilium

191 1992 344 2045 iretur,
372 2007 549 2046 cumque
575 1993 617 2033 id
644 1994 682 2034 ei
708 2009 784 2048 per
803 1995 988 2035 viatores
1014 1994 1208 2034 consulto
1229 1993 1530 2048 neglegentius

193 2051 264 2105 agi
313 2050 546 2104 videretur,
600 2052 691 2105 ipse
738 2068 760 2093 e
807 2052 977 2106 publico
1024 2051 1178 2092 iudicio
1221 2051 1273 2092 ad
1314 2053 1531 2105 privatum

194 2108 357 2150 Staieni
397 2109 599 2150 iudicium
639 2111 855 2163 profectus
895 2113 959 2151 est
992 2112 1035 2150 et
1065 2110 1173 2150 illud
1204 2125 1281 2164 pro
1314 2112 1530 2164 potestate

194 2168 353 2208 dimitti
399 2167 542 2221 iussit3
594 2167 814 2209 Staienum
862 2169 952 2223 ipse
1000 2168 1053 2208 ad
1100 2168 1304 2209 subsellia
1345 2168 1530 2210 adduxit.
1551 2181 1584 2207 35

196 2224 481 2281 Consurgitur
512 2226 556 2266 in
589 2227 832 2281 consilium,
864 2242 958 2268 cum
991 2227 1225 2268 sententias
1259 2227 1533 2281 Oppianicus,

196 2299 303 2338 quae
335 2288 426 2326 tum
461 2287 552 2326 erat
582 2288 786 2339 potestas,
818 2285 959 2338 palam
991 2284 1093 2326 ferri
1125 2285 1235 2326 velle
1267 2285 1455 2339 dixisset,
1486 2288 1534 2325 ut
