1619 2542
74 2207 108 2232 10

381 601 443 648 M.
495 600 730 648 TULLI
781 600 1205 661 CICERONIS

238 710 311 764 IN
355 709 736 766 CATILINAM
780 685 1031 765 ORATIO
1075 710 1354 777 QUARTA
1405 774 1408 776 ,

462 823 706 870 ΗΑΒΙΤΑ
744 824 814 870 IN
853 823 1119 872 SENATU.

581 996 1005 1040 ARGUMENTUVI.

216 1077 306 1113 Cum
324 1077 372 1112 M.
388 1077 516 1112 Cicero
542 1078 672 1112 consul
690 1077 807 1112 Nonis
829 1077 1094 1112 Decembribus
1122 1080 1291 1112 senatum
1310 1077 1349 1113 in
1368 1077 1459 1113 aede

122 1124 220 1159 Iovis
253 1124 410 1160 Statoris
445 1125 669 1168 consuleret,
701 1124 790 1168 quid
821 1125 866 1159 de
897 1124 943 1159 iis
976 1124 1242 1159 coniurationis
1276 1124 1460 1160 Catilinae

123 1171 233 1206 sociis
267 1171 347 1206 fieri
377 1171 559 1217 placeret,
592 1171 656 1215 qui
686 1172 726 1206 in
757 1171 963 1206 custodiam
996 1172 1128 1206 traditi
1153 1174 1295 1215 essent,
1321 1172 1460 1207 factum

124 1220 197 1262 est,
222 1220 265 1253 ut
289 1220 384 1253 duae
408 1218 644 1263 potissimum
669 1219 874 1253 sententiae
901 1220 1212 1263 proponerentur,
1238 1230 1312 1253 una
1338 1219 1380 1254 D.
1408 1219 1460 1253 Si-

122 1265 200 1300 lani
232 1265 393 1301 consulis
427 1266 631 1310 designati,
665 1265 728 1309 qui
757 1266 877 1299 morte
910 1266 1122 1300 multandos
1154 1266 1240 1300 illos
1274 1266 1458 1309 censebat,

124 1313 243 1347 altera
274 1314 310 1348 C.
344 1312 527 1355 Caesaris,
566 1313 630 1356 qui
665 1313 751 1347 illos
789 1311 991 1356 publicatis
1022 1312 1130 1346 bonis
1162 1323 1227 1357 per
1258 1312 1461 1357 municipia

122 1359 253 1394 Italiae
285 1359 558 1394 distribuendos
591 1370 634 1393 ac
665 1358 823 1394 vinculis
856 1359 1090 1403 sempiternis
1122 1359 1303 1393 tenendos
1336 1360 1458 1394 existi-

123 1406 260 1440 mabat.
312 1406 401 1440 Cum
429 1408 551 1440 autem
576 1406 701 1449 plures
728 1407 916 1439 senatores
942 1405 989 1440 ad
1016 1405 1052 1440 C.
1082 1405 1248 1440 Caesaris
1276 1416 1387 1448 quam
1413 1405 1460 1439 ad

124 1453 165 1487 D.
193 1452 310 1487 Silani
336 1453 556 1487 sententiam
581 1452 759 1486 inclinare
783 1452 1013 1494 viderentur,
1049 1452 1095 1486 M.
1124 1452 1251 1486 Cicero
1279 1463 1338 1494 ea,
1366 1463 1460 1495 quae

124 1498 220 1533 infra
250 1498 402 1543 legitur,
434 1499 602 1533 oratione
629 1498 746 1532 Silani
772 1498 993 1532 sententiam
1021 1498 1278 1532 commendare
1305 1498 1458 1533 studuit.

210 1664 364 1718 Video,
400 1666 545 1718 patres
584 1664 832 1717 conscripti,
869 1664 914 1704 in
945 1679 1012 1705 me
1046 1664 1236 1705 omnium
1268 1651 1503 1732 vestruml1

124 1739 199 1765 ora
230 1726 358 1777 atque
391 1723 535 1764 oculos
568 1736 659 1763 esse
685 1736 924 1775 conversos,
955 1722 1077 1764 video
1103 1737 1178 1764 vos
1204 1737 1293 1764 non
1318 1723 1459 1764 solum

125 1783 175 1823 de
205 1785 348 1823 vestro
381 1796 429 1823 ac
460 1781 521 1821 rei
553 1781 766 1835 publicae,
802 1795 951 1822 verum
983 1781 1132 1834 etiam,
1170 1781 1207 1822 si
1237 1781 1280 1822 id
1313 1781 1457 1836 depul-

125 1855 219 1882 sum
257 1840 330 1893 sit,
372 1839 421 1880 de
462 1854 555 1880 meo
593 1839 781 1893 periculo
821 1854 913 1880 esse
951 1839 1170 1881 sollicitos.
1231 1840 1313 1881 Est
1351 1840 1459 1880 mihi

125 1898 307 1940 iucunda
342 1898 387 1939 in
424 1898 548 1939 malis
587 1900 629 1938 et
668 1900 794 1952 grata
830 1898 874 1938 in
907 1898 1051 1939 dolore
1082 1900 1226 1939 vestra
1258 1912 1362 1953 erga
1392 1913 1458 1938 me

125 1957 342 2007 voluntas,
380 1957 453 1998 sed
485 1971 597 2009 eam,
634 1970 709 2009 per
742 1956 841 1997 deos
873 1957 1137 2010 inmortales,
1169 1957 1367 2010 deponite
1399 1959 1459 1996 at-

127 2029 206 2069 que
238 2015 363 2056 obliti
395 2015 546 2056 salutis
579 2029 697 2055 meae
730 2014 780 2054 de
812 2015 932 2055 vobis
966 2029 1014 2056 ac
1046 2015 1096 2056 de
1128 2016 1279 2056 vestris
1312 2015 1458 2055 liberis

127 2073 324 2128 cogitate.
367 2072 474 2114 Mihi
501 2074 537 2114 si
561 2073 666 2114 haec
692 2072 882 2114 condicio
910 2074 1156 2115 consulatus
1184 2074 1284 2114 data
1309 2075 1386 2124 est,
1410 2076 1460 2113 ut

128 2131 265 2173 omnis
309 2132 580 2184 acerbitates,
631 2131 768 2172 onmis
814 2131 981 2172 dolores
1025 2132 1321 2184 cruciatusque
1365 2144 1459 2185 per-

129 2190 294 2242 ferrem,
312 2188 448 2230 feram
466 2204 554 2231 non
574 2191 712 2231 solum
732 2189 915 2243 fortiter,
934 2205 1080 2231 verum
1102 2190 1231 2231 etiam
1250 2190 1459 2240 lubenter,

127 2248 226 2288 dum
265 2247 390 2288 modo
428 2248 533 2288 meis
571 2248 791 2289 laboribus
831 2248 951 2290 vobis
989 2249 1232 2304 populoque
1265 2248 1458 2288 Romano

127 2305 314 2361 dignitas
366 2306 562 2360 salusque
611 2307 816 2361 pariatur.
889 2306 984 2362 Ego
1035 2322 1129 2348 sum
1178 2306 1250 2347 ille
1301 2305 1460 2355 consul,
1486 2315 1505 2346 2
