1687 2533
182 412 224 442 33

183 1083 234 1124 16

178 1143 224 1173 34

178 1882 221 1913 35

251 72 336 112 528
471 73 533 106 DE
561 71 876 107 HARUSPICUM
902 70 1150 106 RESPONSO
1179 70 1369 105 ORATIO,

252 168 503 209 factitarint.
565 168 623 209 Et
663 168 924 222 quaerimus,
970 167 1013 208 di
1049 167 1315 208 immortales
1355 182 1461 221 quae
1498 168 1592 208 loca

252 226 505 280 desiderent,
537 227 637 281 quid
670 227 920 281 significent,
953 225 1002 266 de
1030 240 1112 280 quo
1139 225 1401 280 loquantur?
1439 225 1479 266 A
1498 224 1591 268 Sex.

252 284 433 327 Serrano
468 286 742 327 sanctissima
775 286 930 326 sacella
963 284 1163 336 suffossa,
1196 284 1482 338 inaedificata,
1520 299 1589 339 op-

253 358 412 399 pressa,
445 359 611 385 summa
643 344 824 397 denique
853 343 1115 397 turpitudine
1142 342 1316 384 foedata
1342 357 1433 384 esse
1458 343 1590 385 nesci-

254 403 376 444 mus?
439 403 504 444 Tu
542 418 682 443 meam
720 402 893 443 domum
931 402 1177 456 religiosam
1208 401 1348 443 facere
1379 401 1626 456 potuisti?5

253 476 337 516 qua
362 461 531 503 mente?
577 460 714 509 Quam
740 462 957 503 amiseras.
1001 460 1093 509 Qua
1119 461 1275 502 manu?
1320 459 1412 509 Qua
1438 461 1591 502 distur-

255 520 391 561 baraS.
448 519 540 568 Qua
572 518 700 561 v'oce‘?
763 519 855 568 Qua
887 519 1054 561 incendi
1086 520 1280 561 iusseras.
1343 518 1436 567 Qua
1467 519 1589 574 lege?

251 577 390 627 Quam
430 593 481 619 ne
523 579 566 619 in
607 579 683 619 illa
725 579 892 632 quidem
934 579 1190 633 impunitate
1230 581 1304 619 tua
1346 578 1590 632 scripseras.

253 637 344 685 Quo
365 637 609 691 pulvinari‘.>
648 636 767 686 Quod
789 641 1021 692 stupraras.
1059 636 1150 685 Quo
1172 637 1429 678 simulacro?
1468 635 1590 684 Quod

253 699 446 750 ereptum
479 711 529 737 ex
555 696 788 737 meretricis
823 696 1046 750 sepulchro
1078 696 1123 736 in
1155 696 1426 750 imperatoris
1459 696 1590 737 moni·
1611 707 1643 732 10

254 758 397 796 mento
437 755 695 796 conlocaras.
759 754 868 803 Quid
906 755 1037 796 habet
1075 769 1170 795 mea
1201 755 1351 796 domus
1384 754 1589 809 religiosi,

251 814 334 854 nisi
361 813 508 879 quod
497 815 654 868 impuri
682 816 724 855 et
751 814 947 869 sacrilegi
974 814 1182 868 parietem
1208 813 1380 867 tangit?
1426 812 1590 866 Itaque,

250 887 303 913 ne
336 874 429 926 quis
462 887 654 914 meorum
685 873 930 927 imprudens
963 872 1240 927 introspicere
1272 874 1393 913 tuam
1418 872 1589 913 domum

252 931 389 985 possit
428 946 474 972 ac
516 934 558 972 te
597 946 718 973 sacra
755 932 831 973 illa
863 934 937 972 tua
973 931 1201 972 facientem
1239 931 1400 984 videre,
1436 930 1589 971 tollam

252 990 382 1030 altius
425 992 604 1043 tectum,
646 1005 731 1032 non
769 993 814 1031 ut
853 1004 932 1045 ego
971 992 1012 1030 te
1051 989 1300 1044 despiciam,
1340 989 1414 1031 sed
1449 991 1497 1030 tu
1535 1002 1589 1030 ne
1611 999 1642 1025 15

250 1049 433 1102 aspicias
465 1049 616 1090 urbem
649 1064 754 1103 eam,
787 1064 914 1103 quam
947 1049 1086 1090 delere
1117 1049 1306 1091 voluisti.

339 1106 420 1148 Sed
460 1107 547 1148 iam
589 1108 861 1162 haruspicum
904 1108 1069 1161 reliqua
1106 1122 1311 1162 responsa
1355 1111 1586 1152 videamus

249 1164 510 1207 ‘ORATORES
544 1177 728 1208 CONTRA
760 1177 830 1208 ms
863 1177 1041 1217 FASQUE
1073 1167 1420 1211 1NTERFEcTos.'
1476 1168 1586 1218 Quid

249 1231 314 1268 est
340 1228 448 1269 hoc?
488 1228 550 1269 De
578 1228 880 1269 Alexandrinis
907 1243 999 1269 6336
1025 1229 1148 1270 video
1176 1243 1433 1282 sermonem3
1460 1243 1586 1283 quem

249 1300 327 1341 ego
360 1301 445 1327 non
477 1287 628 1328 refuto.
679 1285 749 1329 Sic
781 1288 892 1328 enim
924 1288 1076 1340 sentio,
1106 1287 1172 1328 ius
1206 1287 1459 1342 legatorum,
1491 1301 1587 1328 cum
1607 1301 1639 1325 20

249 1345 469 1386 hominum
509 1346 719 1399 praesidio
762 1346 975 1387 munitum
1017 1347 1089 1399 sit,
1133 1350 1226 1387 tum
1267 1346 1397 1387 etiam
1442 1345 1586 1387 divino

249 1404 338 1445 iure
377 1418 469 1445 esse
507 1404 726 1445 vallatum.
789 1403 869 1445 Sed
908 1419 1065 1459 quaero
1107 1405 1160 1446 ab
1200 1404 1293 1457 illo,
1335 1405 1407 1459 qui
1448 1405 1585 1446 omnis

249 1462 408 1503 indices
441 1462 640 1504 tribunus
673 1478 695 1504 e
727 1478 893 1504 carcerc
925 1464 970 1504 in
1001 1463 1138 1504 forum
1172 1463 1336 1515 effudit,
1374 1464 1490 1504 cuius
1524 1478 1585 1504 ar-

250 1521 380 1562 bitrio
414 1521 525 1563 sicae
557 1536 668 1563 nunc
701 1537 846 1562 omnes
880 1525 1007 1576 atque
1040 1522 1183 1563 omnia
1215 1536 1375 1563 venena
1400 1524 1585 1563 tractan-

248 1583 329 1632 tur,
362 1581 433 1634 qui
459 1594 553 1621 cum
580 1580 843 1622 Hermarcho
871 1580 977 1621 Chio
1006 1580 1274 1634 syngraphas
1299 1580 1411 1633 fecit,
1437 1580 1586 1634 ecquid
1606 1591 1639 1617 25

250 1638 358 1679 sciat
392 1653 520 1679 unum
555 1639 809 1680 acerrimum
841 1639 1131 1680 adversarium
1164 1638 1425 1690 Hermarchi,
1452 1638 1586 1680 Theo-

249 1696 428 1750 dosium,
460 1697 650 1751 legatum
685 1698 737 1738 ad
769 1701 965 1739 senatum
991 1713 1016 1739 a
1041 1698 1214 1739 civitate
1241 1697 1376 1738 libera
1407 1697 1585 1738 missum

250 1755 337 1796 sica
374 1770 640 1809 percussum,
693 1757 805 1810 quod
850 1771 934 1798 non
974 1757 1113 1797 minus
1152 1771 1278 1810 quam
1315 1756 1366 1797 de
1404 1755 1586 1797 Alexan-

249 1813 379 1854 drinis
419 1814 642 1869 indignum
689 1815 752 1856 dis
793 1815 1112 1856 immortalibus
1153 1829 1244 1855 esse
1288 1814 1424 1856 visum
1467 1817 1583 1855 certo

249 1872 348 1914 scio.
410 1871 500 1913 Nec
544 1873 715 1914 confero
761 1889 870 1915 nunc
914 1875 958 1914 in
1002 1876 1043 1914 te
1087 1888 1217 1914 unum
1262 1873 1415 1914 omnia.
1478 1871 1583 1927 Spes
1604 1885 1637 1909 30

256 1931 404 1972 maior
432 1933 544 1972 esset
570 1932 735 1986 salutis,
769 1933 803 1973 si
830 1935 998 1987 praeter
1024 1934 1066 1973 te
1095 1946 1219 1973 nemo
1253 1934 1342 1973 eset
1373 1931 1585 1984 impurus3

248 1989 391 2043 plures
436 1993 552 2042 sunt3
597 1989 676 2031 hoc
721 1993 762 2031 et
807 1993 854 2031 tu
897 1991 977 2032 tibi
1021 1990 1197 2032 confidis
1242 1990 1381 2045 magis
1424 1992 1465 2030 et
1505 2003 1583 2030 nos

248 2062 380 2102 prope
407 2049 496 2089 iure
523 2047 766 2090 diffidimus.
811 2049 913 2097 Quis
934 2049 1149 2090 Platorem
1176 2063 1225 2089 ex
1245 2047 1450 2101 Orestide,
1476 2061 1583 2102 quae

247 2121 346 2159 pars
387 2106 660 2148 Macedoniae
701 2107 836 2148 libera
877 2111 959 2160 est,
1004 2107 1221 2148 hominem
1260 2107 1306 2148 in
1348 2107 1434 2147 illis
1478 2106 1582 2148 locis

248 2165 408 2205 clarum
430 2179 477 2206 ac
497 2165 698 2218 nobilem,
724 2166 913 2220 legatum
935 2165 1282 2207 Thessalonicam
1304 2165 1356 2206 ad
1376 2167 1582 2217 nostrum,
1603 2175 1636 2201 35

247 2225 295 2263 ut
335 2238 378 2264 se
416 2224 507 2277 ipse
547 2224 798 2278 appellavit,
837 2223 1181 2279 ‘imperatorem’
1221 2224 1387 2265 venisse
1417 2223 1582 2265 nescit?

248 2295 373 2335 quem
410 2281 482 2323 ille
521 2285 696 2337 propter
728 2283 967 2338 pecuniam,
1006 2298 1132 2338 quam
1164 2283 1218 2324 ab
1251 2297 1299 2324 eo
1333 2284 1582 2337 extorquere
