1687 2533
151 352 208 393 10

150 403 196 433 24

149 1019 193 1049 25

221 92 309 133 456
350 92 424 127 OR.
438 91 559 127 POST
578 91 687 127 RED.
702 92 766 127 AD
789 90 914 133 QUIR.
929 91 1038 127 HAB.
1080 91 1179 127 CAP.
1197 97 1230 136 9,
1252 97 1295 128 10
1321 97 1341 135 ἓ
1361 97 1510 130 23—25.

221 189 334 230 ratio
366 189 570 243 pecuniae
602 188 788 242 debitae,
819 190 1047 242 propterea
1077 188 1190 242 quod
1221 189 1456 243 pecuniam,
1487 191 1557 245 qui

221 247 390 300 retinet,
414 262 500 289 non
527 247 735 301 dissolvit,
762 247 834 301 qui
860 247 1056 300 reddidit,
1080 261 1167 288 non
1191 247 1343 301 habet3
1375 249 1556 303 gratiam

224 309 277 360 et,
309 307 381 361 qui
411 306 598 360 rettulit7
630 306 762 346 habet
795 307 854 358 et,
888 305 959 359 qui
990 306 1138 360 habet,
1171 306 1398 358 dissolvit]

311 364 581 419 Quapropter
612 364 863 405 memoriam
894 365 1028 405 vestri
1058 365 1252 406 beneficii
1278 366 1416 407 colam
1442 365 1559 407 beni-

221 423 413 464 volentia
445 423 716 476 sempiterna,
746 436 817 464 nec
847 436 894 463 ea
925 437 1020 464 eum
1047 423 1190 464 anima
1216 425 1426 479 expirabit
1452 438 1557 478 mea,

221 481 294 523 sed
333 482 480 535 etiam,
525 496 619 524 cum
659 495 726 522 me
764 481 855 522 vita
892 482 1091 532 defecerit,
1129 483 1258 523 multa
1296 484 1558 524 monimenta

220 540 354 581 vestri
403 541 448 580 in
498 554 564 580 me
607 540 804 581 beneficii
846 541 1170 594 permanebunt.
1242 540 1294 582 In
1337 541 1558 583 referenda

221 601 365 640 autem
403 600 544 654 gratia
582 598 662 639 hoe
699 599 821 639 vobis
860 599 1113 652 repromitto
1152 614 1400 655 semperque
1437 615 1557 654 prae-

222 657 359 710 stabo,
391 657 497 697 mihi
528 671 663 711 neque
695 657 740 697 in
771 657 960 698 consiliis
994 658 1043 698 de
1075 672 1120 698 re
1145 658 1316 712 publiea
1341 658 1556 713 capiendis

221 716 492 771 diligentiam
536 730 672 770 neque
710 716 755 756 in
792 716 992 770 perieulis
1032 731 1057 756 a
1093 730 1138 757 re
1176 717 1348 771 publiea
1384 717 1556 771 propul-

222 774 364 815 sandis
397 775 585 815 animum
617 789 754 828 neque
786 775 831 815 in
864 775 1076 815 sententia
1108 775 1361 828 simpliciter
1386 775 1559 816 ferenda

219 833 348 874 fidem
379 848 514 888 neque
546 833 591 874 in
622 833 846 874 hominum
877 833 1174 874 voluntatibus
1206 848 1284 888 pro
1317 849 1361 875 re
1387 834 1559 888 publica

220 891 437 933 laedendis
480 892 728 933 libertatem
772 906 848 933 nec
885 892 929 932 in
966 891 1216 946 perferendo
1254 893 1401 934 labore
1438 892 1558 934 indu-

221 951 372 991 striam
409 965 485 992 nee
517 950 558 991 in
592 950 747 991 vestris
780 950 1012 991 commodis
1045 951 1249 1005 augendis
1281 951 1395 1005 grati
1427 951 1557 992 animi

220 1009 554 1050 benivolentiam
587 1009 838 1050 defuturam.
900 1008 1043 1062 Atque
1075 1009 1178 1050 haec
1211 1024 1326 1063 eura,
1358 1009 1558 1063 Quirites,

221 1068 302 1108 erit
334 1068 464 1108 infixa
497 1068 638 1108 animo
672 1081 765 1107 meo
800 1067 1076 1121 sempiterna,
1110 1071 1156 1108 ut
1189 1082 1284 1108 eum
1316 1068 1451 1122 vobis,
1484 1069 1557 1123 qui

220 1125 333 1179 apud
364 1140 431 1166 me
465 1126 639 1167 deorum
670 1126 979 1166 immortalium
1010 1126 1098 1166 vim
1131 1128 1173 1166 et
1202 1141 1360 1167 numen
1390 1128 1558 1182 tenetis,

219 1188 312 1226 tum
350 1185 534 1237 posteris
573 1185 728 1225 vestris
767 1184 1013 1238 cunctisque
1047 1184 1246 1239 gentibus
1280 1184 1555 1239 dignissimus

219 1257 270 1284 ea
308 1242 480 1283 civitate
512 1243 675 1296 videar,
713 1257 819 1296 quae
858 1257 977 1283 suam
1018 1243 1272 1298 dignitatem
1311 1258 1397 1284 non
1430 1258 1556 1298 posse

1577 732 1611 756 10

1578 1023 1610 1049 15

220 1316 264 1342 se
303 1304 465 1355 tenere,
502 1301 586 1342 nisi
619 1315 685 1342 me
717 1301 1015 1355 reciperasset,
1053 1302 1216 1343 eunctis
1249 1302 1464 1358 suffragiis
1497 1303 1555 1344 iu·
1575 1317 1611 1342 20

220 1359 388 1401 dicavit.
