1687 2533
129 1202 171 1230 θ’)

195 67 280 109 358
591 68 685 104 PRO
710 68 749 104 P.
778 67 930 104 SULLA
957 67 1145 104 ORATIO.

195 179 299 218 pum
332 164 544 219 aspirasse
577 163 771 206 Sullam?
834 164 988 219 Atqui,
1029 165 1065 206 si
1096 167 1190 206 tum
1222 179 1266 206 se
1298 180 1394 207 cum
1426 163 1540 208 Cati·

196 224 287 265 lina
324 224 528 265 societate
567 224 738 265 sceleris
777 224 1073 277 coniunxerat,
1117 238 1191 264 cur
1229 224 1283 265 ab
1322 238 1371 266 eo
1409 224 1540 266 disce-

197 282 337 336 debat,
370 297 443 324 cur
475 297 570 324 011111
602 282 816 323 Autronio
849 296 935 323 non
967 285 1070 335 erat,
1103 296 1177 323 cur
1206 281 1253 323 in
1282 283 1378 337 pari
1411 297 1540 325 eausa

195 355 284 382 non
321 340 444 395 paria
482 341 606 395 signa
639 340 828 382 criminis
860 341 1159 394 reperiuntur?
1223 340 1303 383 Sed
1336 342 1537 396 quoniam

196 398 421 441 Cornelius
459 399 551 454 ipse
590 399 721 444 etiam
758 413 870 440 1111110
908 399 958 440 de
995 399 1222 441 indicando
1262 400 1447 454 dubitat,
1491 403 1575 442 ut5

197 458 358 511 dicitis,
390 457 597 499 informat
629 458 683 499 ad
713 458 794 500 1100
826 458 1127 499 adumbratum
1159 458 1361 500 indicium
1391 459 1540 513 filium,

198 517 300 571 quid
338 517 513 558 tandem
551 517 601 558 de
641 517 716 558 illa
747 519 872 558 noete
905 517 1026 571 dicit,
1065 532 1160 559 cum
1191 517 1303 559 inter
1333 517 1538 560 falcarios

198 576 251 617 ad
283 575 338 616 M.
365 576 546 617 Laecam
577 578 703 617 noete
736 590 796 628 ea,
828 590 935 630 quae
967 580 1196 618 consecuta
1227 578 1293 617 est
1316 579 1539 632 posterum

197 634 308 675 diem
353 633 578 675 Nonarum
620 633 932 676 Novembrium
978 650 1046 676 me
1091 635 1282 689 consule,
1326 634 1539 677 Catilinae

197 693 520 734 denuntiatione
553 693 783 734 convenit?
817 708 924 748 quae
954 708 1041 735 nox
1073 694 1264 735 omnium
1294 696 1539 749 temporum
1558 708 1594 732 ιο

198 751 506 793 coniurationis
547 752 754 793 acerrima
790 751 874 793 fuit
915 755 1043 806 atque
1082 753 1368 794 acerbissima.
1429 752 1539 794 Tum

199 809 412 852 Catilinae
444 810 532 852 dies
567 811 764 865 exeundi,
795 814 888 852 tum
921 811 1072 852 ceteris
1105 811 1305 853 manendi
1336 812 1539 866 condicio,

197 872 290 910 tum
331 869 554 922 discriptio
593 872 732 911 totam
768 884 844 924 per
881 871 1030 911 urbem
1069 870 1208 911 caedis
1241 873 1369 924 atque
1400 870 1538 912 incen-

199 928 367 969 diorum
405 928 640 969 constituta
682 931 767 982 est3
810 931 902 969 tum
940 931 1039 969 tuus
1079 932 1218 983 pater,
1263 928 1453 983 Corneli,
1495 929 1536 971 id

199 987 310 1041 quod
338 986 511 1028 tandem
539 987 769 1041 aliquando
791 987 1029 1041 confitetur,
1054 987 1176 1028 illam
1198 988 1279 1028 sibi
1300 988 1537 1030 officiosam
1559 1000 1592 1026 15

199 1045 465 1099 provinciam
497 1045 764 1099 depoposcit,
802 1049 866 1099 ut,
898 1060 993 1086 011111
1025 1046 1165 1100 prima
1197 1046 1289 1087 luce
1322 1048 1540 1089 consulem

202 1104 441 1145 salutatum
472 1104 655 1157 veniret,
692 1079 966 1146 intromissus
1005 1108 1047 1145 et
1084 1119 1178 1146 meo
1217 1119 1335 1146 more
1375 1108 1417 1146 et
1448 1106 1539 1147 iure

131 1150 184 1188 lq
201 1162 414 1204 amicitiae
447 1177 514 1203 me
547 1163 591 1203 in
622 1177 716 1204 meo
742 1163 900 1205 lectulo
926 1163 1171 1204 trucidaret.
1214 1163 1308 1205 Hoc
1333 1166 1539 1219 tempore,

199 1236 294 1262 cum
334 1221 504 1262 arderet
541 1222 746 1262 acerrime
783 1222 1038 1275 coniuratio,
1076 1237 1171 1263 cum
1203 1222 1391 1264 Catilina
1423 1237 1539 1277 egre-

198 1279 368 1320 deretur
400 1279 453 1320 ad
486 1280 735 1334 exercitum,
761 1279 969 1321 Lentulus
1001 1280 1045 1321 in
1077 1281 1181 1321 urbe
1213 1281 1539 1335 relinqueretur,
1558 1294 1593 1318 20

197 1337 373 1380 Cassius
405 1338 630 1392 incendiis,
673 1337 890 1394 Cethegus
923 1339 1041 1380 caedi
1071 1343 1424 1394 praeponeretur,
1455 1340 1539 1381 Au-

196 1397 357 1450 tronio,
401 1400 449 1438 ut
490 1400 717 1452 occuparet
748 1397 988 1451 Etruriam,
1026 1398 1406 1452 praescriberetur,
1443 1414 1538 1440 eum

199 1455 345 1497 omnia
372 1456 685 1510 ordinarentur,
716 1456 1043 1509 instruerentur,
1068 1459 1333 1510 pararentur,
1359 1457 1433 1498 ubi
1458 1458 1540 1498 fuit

198 1513 330 1580 Sulla,
356 1513 556 1556 Corneli?
581 1529 684 1556 num
710 1514 902 1556 Romae?
945 1514 1084 1556 Immo
1110 1515 1237 1571 longe
1265 1516 1382 1557 afuit.
1422 1516 1538 1557 Num

198 1573 243 1613 in
280 1573 332 1613 iis
371 1573 639 1628 regionibus,
678 1588 761 1628 quo
795 1588 839 1614 se
872 1573 1061 1615 Catilina
1091 1573 1336 1616 inferebat?
1397 1574 1537 1616 Multo
1558 1585 1591 1611 25

199 1631 330 1672 etiam
362 1631 545 1686 longius.
587 1631 702 1674 Num
729 1633 772 1673 in
799 1646 903 1687 agro
931 1631 1131 1686 Camerti,
1162 1632 1330 1687 Piceno,
1363 1632 1538 1687 Gallico,

199 1704 305 1743 quas
355 1690 402 1731 in
446 1705 543 1731 oras
587 1691 773 1732 maxime
816 1691 939 1745 quasi
983 1691 1157 1732 morbus
1203 1692 1375 1745 quidam
1419 1692 1536 1733 illius

196 1748 355 1789 furoris
388 1749 666 1802 pervaserat?
714 1749 837 1790 Nihil
868 1764 968 1790 vero
1002 1749 1153 1791 minus
1201 1749 1303 1791 Fuit
1333 1749 1458 1804 enim,
1488 1753 1537 1791 ut

197 1806 284 1847 iam
317 1809 417 1847 ante
450 1807 548 1860 dixi,
580 1806 777 1862 Neapoli,
807 1807 892 1849 fuit
922 1808 966 1849 in
998 1823 1048 1849 ea
1078 1811 1202 1862 parte
1232 1807 1397 1862 Italiae,
1429 1823 1537 1862 quae

199 1865 384 1906 maxime
415 1866 500 1906 ista
531 1866 771 1920 suspicione
804 1866 952 1908 caruit.
1001 1865 1111 1915 Quid
1143 1880 1244 1922 ergo
1276 1867 1437 1908 indicat
1463 1872 1538 1908 aut
1556 1878 1592 1904 30

199 1923 301 1977 quid
339 1922 479 1965 adfert
516 1926 590 1964 aut
621 1924 712 1978 ipse
745 1924 968 1966 Cornelius
1001 1927 1076 1966 aut
1105 1938 1200 1978 VOS,
1241 1925 1314 1978 qui
1344 1925 1449 1967 haec
1482 1927 1536 1967 ab

197 1982 275 2023 illo
301 1981 504 2023 mandata
530 1981 734 2024 defertis?
780 1982 1054 2025 Gladiatores
1080 1986 1248 2037 emptos
1275 1998 1367 2024 esse
1387 1983 1538 2026 Fausti

199 2040 474 2082 simulatione
517 2040 571 2081 ad
615 2041 784 2082 caedem
829 2056 878 2083 ac
922 2041 1167 2083 tumultum.
1235 2041 1305 2083 Ita
1342 2057 1536 2097 prorsus3

197 2099 447 2154 interpositi
492 2101 593 2140 sunt
631 2099 912 2154 gladiatores,
957 2114 1063 2154 quos
1099 2101 1362 2142 testamento
1399 2101 1536 2156 patris

199 2157 345 2199 deberi
382 2157 588 2199 videmus.
652 2157 859 2213 eAdrepta
898 2161 964 2200 est
993 2157 1177 2211 familia,
1216 2173 1324 2213 quae
1356 2160 1392 2200 si
1424 2163 1538 2202 esset
1555 2169 1590 2196 35

198 2216 523 2270 praetermissa,
561 2218 709 2270 posset
740 2216 826 2258 alia
856 2216 1023 2258 familia
1052 2215 1203 2257 Fausti
1234 2232 1387 2258 munus
1417 2232 1537 2273 prae-

198 2273 326 2316 bere.2
376 2274 557 2317 Utinam
584 2274 756 2329 quidem
782 2274 887 2316 haee
911 2275 1007 2330 ipsa
1030 2289 1117 2316 non
1142 2275 1267 2317 modo
1293 2276 1537 2331 iniquorum
