1619 2542
107 497 151 529 96

105 1143 148 1173 97

104 2077 150 2108 98

178 96 234 136 ’70
534 96 629 132 PRO
654 95 696 131 A.
724 95 931 132 CAECINA
956 97 1144 133 ORATIO.

175 191 429 247 respondeo,
462 191 710 246 ascripsisse
743 192 922 233 eundem
949 190 1111 235 Sullam
1150 193 1195 234 in
1221 193 1366 235 eadem
1399 195 1514 251 lege:

178 250 233 292 ‘SI
271 262 384 300 QUID
423 262 495 292 IUS
533 262 629 292 NON
671 262 809 292 ESSET
847 262 1101 304 ROGARIER,
1145 263 1248 294 EIUS
1288 264 1349 294 EA
1393 265 1513 296 LEGE

176 321 375 351 NIHILUM
401 309 650 351 ROGATUM’.
705 307 815 357 Quid
844 311 922 363 est,
953 310 1065 364 quod
1090 310 1156 351 ius
1182 325 1268 352 non
1300 311 1369 365 sit,
1400 311 1514 366 quod

176 368 360 422 populus
392 368 536 409 iubere
569 370 643 408 aut
669 370 812 409 vetare
843 382 929 409 non
954 368 1121 423 possit?
1166 368 1227 410 Ut
1257 383 1308 409 ne
1341 369 1513 425 longius

178 426 340 480 abeam,
377 426 566 468 declarat
597 426 683 467 ista
715 426 919 481 ascriptio
952 441 1044 467 esse
1069 426 1247 481 aliquid3
1279 442 1398 482 nam,
1429 428 1548 470 nisis

178 487 308 538 esset,
346 485 427 526 hoc
458 486 502 526 in
535 484 732 526 omnibus
771 485 939 539 legibus
970 499 1056 526 non
1088 486 1380 528 ascriberetur.
1430 485 1512 528 Sed

177 557 334 597 quaero
372 545 419 585 de
456 545 751 600 tefputesne,
789 544 826 584 si
856 543 1040 598 populus
1078 544 1250 585 iusserit
1286 559 1354 586 me
1391 547 1512 586 tuum

177 604 251 643 aut
282 604 324 643 te
356 616 497 643 meum
525 616 692 643 servum
719 616 822 655 esse,
854 602 897 643 id
930 603 1094 643 iussum
1119 606 1261 644 ratum
1288 606 1414 658 atque
1444 603 1512 644 fir-

176 675 292 702 mum
330 660 534 702 futurum.
599 659 810 715 Perspicis
854 660 935 702 hoc
976 661 1085 702 nihil
1129 675 1221 703 esse
1259 664 1301 702 et
1343 661 1512 716 fateris3

176 734 258 773 qua
289 718 334 760 in
365 733 410 760 re
442 719 626 774 primum
658 719 766 760 illud
795 719 1000 773 concedis,
1032 733 1119 761 non
1151 719 1350 775 quicquid
1381 735 1511 776 popu·
1532 734 1566 760 ιο

174 779 241 819 lus
273 777 458 830 iusserit,
490 780 631 819 ratum
657 791 749 819 esse
777 780 992 832 oportere3
1024 777 1172 819 deinde
1200 778 1307 819 nihil
1332 779 1511 820 rationis

176 836 321 888 affers,
366 851 494 890 quam
532 836 587 877 ob
625 850 732 890 rem,
777 837 813 876 si
851 836 1027 877 libertas
1066 836 1196 878 adimi
1232 837 1351 878 nullo
1383 837 1510 880 modo

175 895 324 949 possit,
357 895 508 936 civitas
540 894 690 948 possit.
750 894 864 936 Nam
902 897 945 936 et
977 895 1124 936 eodem
1156 895 1282 937 modo
1317 895 1368 937 de
1399 898 1512 937 utra-

177 968 256 1007 que
288 967 333 994 re
365 953 573 994 traditum
605 953 727 994 nobis
760 956 837 1006 est,
870 956 931 1007 et,
963 954 999 994 si
1031 953 1163 995 semel
1195 954 1347 996 civitas
1380 954 1511 996 adimi

175 1014 330 1065 potest,
362 1012 535 1053 retineri
566 1012 745 1053 libertas
775 1026 862 1053 non
893 1015 1047 1067 potest.
1109 1011 1190 1061 Qui
1222 1012 1335 1054 enim
1366 1015 1512 1068 potest
1531 1026 1563 1053 15

174 1071 265 1112 iure
298 1070 528 1119 Quiritium
560 1070 670 1111 liber
702 1084 794 1111 esse
826 1071 875 1122 is,
907 1071 979 1124 qui
1009 1071 1055 1112 in
1079 1085 1254 1112 numero
1282 1070 1512 1119 Quiritium

175 1143 261 1170 non
287 1129 380 1170 est‘?
430 1127 574 1183 Atque
601 1143 681 1184 ego
710 1129 820 1170 hanc
848 1128 1191 1170 adulescentulus
1218 1144 1390 1171 causam
1415 1144 1511 1172 cum

177 1201 348 1243 agerem
380 1189 531 1229 contra
555 1187 771 1228 hominem
798 1187 1127 1228 disertissimum
1158 1191 1332 1229 nostrae
1362 1188 1511 1230 civita-

175 1246 243 1296 tis,
269 1245 311 1288 G.
332 1244 518 1299 Cottam,
543 1245 734 1300 probavi.
784 1244 890 1287 Cum
914 1245 1140 1287 Arretinae
1167 1245 1356 1287 mulieris
1383 1247 1509 1288 liber·

175 1307 311 1346 tatem
338 1304 604 1346 defenderem
630 1306 673 1345 et
700 1302 827 1345 Cotta
854 1304 1101 1345 decemviris
1131 1304 1382 1360 religionem
1407 1305 1508 1346 inie-
1530 1319 1563 1343 ρο

176 1363 304 1405 cisset
339 1377 425 1404 non
466 1377 593 1418 posse
630 1364 827 1403 nostrum
864 1365 1177 1404 sacramentum
1214 1363 1375 1404 iustum
1406 1363 1510 1404 iudi·

175 1422 280 1476 cari,
323 1421 437 1477 quod
477 1421 688 1462 Arretinis
733 1421 932 1476 adempta
976 1421 1127 1463 civitas
1172 1424 1301 1475 esset,
1344 1424 1388 1463 et
1430 1435 1509 1477 ego

175 1480 466 1521 vehementius
499 1479 812 1521 contendissem
843 1480 1062 1521 civitatem
1095 1479 1225 1521 adimi
1255 1494 1342 1521 non
1372 1494 1510 1534 posse,

175 1539 400 1580 decemviri
437 1538 578 1593 prima
610 1537 776 1579 actione
806 1552 894 1580 non
929 1538 1242 1592 iudicaverunt3
1282 1541 1434 1593 postea
1465 1553 1509 1581 re

176 1597 370 1651 quaesita
408 1600 450 1638 et
489 1597 724 1638 deliberata
761 1600 1075 1639 sacramentum
1111 1599 1309 1639 nostrum
1346 1597 1508 1638 iustum
1527 1610 1561 1636 25

174 1656 478 1698 iudicaverunt.
540 1655 682 1710 Atque
718 1655 799 1697 hoc
837 1659 880 1697 et
916 1658 1067 1697 contra
1104 1656 1268 1697 dicente
1306 1654 1435 1698 Cotta
1466 1658 1509 1696 et

175 1713 296 1755 Sulla
326 1714 423 1755 vivo
455 1714 688 1756 iudicatum
722 1718 798 1756 est.
867 1714 957 1755 Iam
990 1728 1089 1755 vero
1122 1714 1163 1754 in
1197 1713 1348 1755 ceteris
1379 1714 1507 1754 rebus

175 1775 223 1813 ut
254 1787 412 1827 omnes,
445 1773 517 1827 qui
547 1772 592 1813 in
621 1772 768 1813 eadem
799 1786 926 1814 causa
957 1775 1069 1826 sunt,
1100 1775 1143 1814 et
1174 1773 1268 1826 lege
1300 1775 1434 1827 agant
1465 1775 1508 1813 et

175 1845 298 1873 suum
329 1831 395 1872 ius
427 1833 736 1885 persequantur
768 1835 811 1873 et
842 1830 958 1872 omni
989 1831 1078 1872 iure
1105 1829 1220 1872 civili
1250 1830 1341 1871 sine
1372 1830 1506 1871 cuius-

176 1904 303 1944 quam
335 1892 410 1930 aut
447 1889 727 1944 magistratus
760 1892 834 1930 aut
869 1888 1018 1931 iudicis
1051 1891 1126 1930 aut
1160 1888 1288 1943 periti
1320 1887 1504 1930 hominis
1525 1901 1559 1927 30

177 1951 250 1989 aut
279 1947 455 2002 inperiti
487 1947 753 1989 dubitatione
785 1951 971 2001 utantur,
1009 1947 1108 2002 quid
1140 1960 1219 2001 ego
1252 1960 1504 1989 commemo-

176 2006 294 2048 rem‘?
344 2005 532 2047 Dubium
565 2020 656 2046 esse
686 2006 847 2047 nemini
876 2009 1067 2047 vestrum
1098 2007 1213 2046 certo
1244 2005 1335 2047 scio.

264 2063 420 2113 Quaeri
451 2064 532 2106 hoc
559 2064 693 2105 solere
726 2079 792 2105 me
817 2079 904 2106 non
928 2062 1135 2117 praeterit
1166 2064 1232 2115 (ut
1264 2077 1314 2104 ex
1345 2078 1412 2105 me
1445 2078 1505 2116 ea,

177 2138 283 2179 quae
314 2122 396 2164 tibi
426 2121 472 2164 in
503 2125 689 2163 mentem
727 2137 812 2164 non
844 2123 1035 2175 veniunt,
1073 2121 1257 2175 audias),
1295 2136 1420 2176 quem
1452 2122 1506 2163 ad

176 2182 361 2236 modum,
387 2181 423 2222 si
444 2180 593 2222 civitas
620 2180 749 2221 adimi
770 2196 855 2223 non
876 2180 1025 2236 possit,
1050 2179 1095 2220 in
1120 2179 1308 2221 colonias
1328 2179 1503 2222 Latinas
1523 2193 1558 2218 35

177 2255 303 2295 saepe
339 2238 478 2281 nostri
514 2239 626 2280 cives
665 2239 845 2292 profecti
882 2238 979 2279 sint.
1048 2237 1138 2279 Aut
1174 2252 1252 2280 sua
1282 2238 1504 2280 voluntate

176 2302 250 2340 aut
281 2297 390 2354 legis
422 2297 559 2339 multa
595 2296 776 2352 profecti
813 2299 927 2350 sunt3
969 2310 1096 2350 quam
1134 2297 1314 2338 multam
1351 2297 1388 2337 si
1419 2297 1504 2337 suf-
