1687 2533
564 82 663 117 CAP.
690 86 751 127 ς19,
779 86 822 117 30
849 86 868 125 g
895 85 1045 117 so—si.
1365 82 1451 124 369

105 179 336 234 desiderat,
374 181 521 235 potest
559 179 783 233 quisquam
823 177 960 220 dicere
999 193 1202 233 umquam
1241 178 1452 232 meliores,

103 239 324 292 fortiores,
374 238 687 280 constantiores
738 238 984 279 consulares
1034 238 1167 279 fuisse
1212 253 1340 292 quam
1384 238 1450 279 his

105 298 373 352 temporibus
419 300 462 338 et
504 296 724 351 periculiS,
768 296 921 350 quibus
965 311 1101 351 paene
1141 311 1347 351 oppressa
1386 300 1451 338 est

106 371 174 398 res
220 355 420 410 publica?
488 355 592 404 Quis
632 370 718 396 non
757 355 807 396 de
847 355 1062 396 communi
1100 355 1239 396 salute
1278 355 1451 410 optime,

70 426 86 452 5
108 415 203 469 quis
239 429 327 457 non
363 414 616 468 fortissime,
657 414 750 469 quis
791 428 877 455 non
910 414 1258 456 constantissime
1289 414 1450 455 sensit?

108 473 256 528 Neque
302 488 380 529 ego
425 473 651 528 praecipue
693 473 743 513 de
782 473 1078 514 consularibus
1118 473 1308 528 disput03
1351 488 1452 515 nam

106 533 212 574 haec
233 535 275 573 et
295 532 517 574 hominum
538 531 922 586 ornatissimorum,
945 531 1017 585 qui
1030 535 1252 586 praetores
1265 531 1451 586 fuerunt,

108 594 151 633 et
176 591 367 633 universi
394 593 566 632 senatus
594 590 831 632 communis
859 593 924 632 est
950 590 1055 644 laus,
1083 594 1130 631 ut
1156 593 1326 632 constet
1351 595 1452 646 post

107 650 331 692 hominum
375 650 628 691 memoriam
670 664 905 703 numquam
949 648 994 690 in
1036 649 1115 690 illo
1162 650 1308 691 ordine
1352 651 1451 705 plus

56 720 90 745 10
109 709 295 763 virtutis,
327 709 424 763 plus
458 708 615 749 amoris
646 708 692 749 in
723 723 813 749 rem
839 708 1067 762 publicam,
1098 708 1196 762 plus
1224 709 1452 763 gravitatis

110 768 260 822 fuisse3
294 767 366 809 sed
398 767 498 822 quia
529 769 630 808 sunt
662 767 866 821 descripti
898 768 1155 818 consulares,
1189 768 1238 808 de
1265 767 1332 808 his
1359 770 1452 809 tan-

107 829 200 868 tum
227 826 332 867 mihi
359 826 580 868 dicendum
606 826 769 892 putavi,
804 826 917 880 quod
943 826 1048 867 satis
1076 828 1189 867 esset
1214 826 1267 867 ad
1293 828 1453 867 testan-

109 885 208 926 dam
235 885 425 927 omnium
451 885 716 938 memoriam,
741 884 954 926 neminem
983 899 1076 926 esse
1102 899 1152 926 ex
1178 885 1255 926 illo
1276 885 1451 927 honoris

111 944 259 999 gradu,
292 944 364 999 qui
394 958 481 986 non
512 943 629 985 omni
661 943 814 998 studio,
847 944 1019 997 virtute,
1053 944 1308 985 auctoritate
1340 945 1453 986 incu-

57 1013 90 1039 15
110 1003 253 1044 buerit
285 1003 336 1044 ad
368 1017 459 1043 rem
490 1002 708 1057 publicam
741 1002 1087 1044 conservandam.

201 1061 282 1103 Sed
309 1061 437 1116 quid?
470 1075 562 1116 ego,
595 1062 667 1116 qui
694 1060 927 1102 Catilinam
953 1076 1040 1103 non
1064 1061 1249 1115 laudavi,
1282 1062 1355 1116 qui
1380 1077 1452 1103 reo
1469 1047 1526 1130 ’ἐξ

111 1119 318 1162 Catilinae
357 1121 506 1162 consul
547 1135 632 1162 non
667 1120 800 1174 adfui,
840 1120 912 1174 qui
943 1121 1241 1161 testimonium
1273 1120 1323 1162 de
1356 1135 1454 1162 con-

109 1179 322 1221 iuratione
363 1179 451 1219 dixi
488 1179 534 1220 in
572 1179 700 1231 alios,
738 1179 898 1220 adeone
931 1178 1054 1221 vobis
1087 1179 1251 1221 alienus
1285 1194 1310 1221 a
1343 1180 1455 1221 sani-

109 1241 219 1292 tate,
259 1238 363 1279 adeo
404 1237 564 1279 oblitus
603 1238 870 1279 constantiae
909 1252 1046 1292 meae,
1085 1237 1189 1279 adeo
1228 1238 1455 1280 immemor

57 1307 92 1332 20
111 1311 252 1338 rerum
291 1311 316 1338 a
353 1311 420 1338 me
463 1299 681 1352 gestarum
721 1311 812 1338 esse
854 1296 1018 1350 videor,
1061 1299 1127 1350 ut,
1171 1311 1266 1338 cum
1304 1297 1454 1338 consul

111 1355 272 1396 bellum
314 1355 521 1409 gesserim
560 1370 654 1396 011111
693 1355 945 1408 coniuratis,
982 1369 1094 1396 nunc
1127 1369 1273 1396 eorum
1306 1355 1454 1397 ducem

113 1428 283 1454 servare
322 1414 491 1468 cupiam
531 1416 573 1454 et
610 1414 656 1454 in
688 1414 877 1454 animum
910 1413 1126 1466 inducam,
1166 1414 1284 1454 cuius
1317 1428 1455 1467 nuper

111 1472 272 1513 ferrum
310 1471 563 1512 rettuderim
602 1472 904 1525 flammamque
936 1471 1227 1525 restinxerim,
1267 1472 1455 1512 eiusdem

112 1545 224 1572 nunc
262 1545 434 1571 causam
465 1530 683 1584 vit-amque
724 1530 976 1571 defendere?
1039 1528 1083 1570 Si
1121 1530 1285 1571 medius
1317 1530 1455 1582 fidius,

59 1599 94 1625 25
113 1588 291 1642 iudices,
331 1603 418 1630 non
459 1603 526 1629 me
565 1588 659 1642 ipsa
696 1603 763 1630 res
801 1588 973 1642 publica
1010 1588 1115 1629 meis
1154 1589 1375 1630 laboribus
1415 1593 1457 1630 et

113 1647 312 1702 periculis
353 1649 607 1689 conservata
645 1647 697 1689 ad
730 1646 988 1702 gravitatem
1022 1646 1153 1688 animi
1186 1650 1229 1689 et
1260 1649 1456 1689 constan-

113 1707 222 1748 tiam
260 1720 336 1747 sua
373 1705 584 1760 dignitate
622 1708 862 1758 revocaret,
898 1708 1045 1746 tamen
1083 1706 1164 1747 hoc
1202 1708 1358 1747 natura
1390 1709 1456 1747 est

114 1765 306 1814 insitum,
332 1767 392 1819 ut,
420 1779 544 1819 quem
570 1764 776 1817 timueris,
804 1763 974 1818 quicum
1002 1764 1051 1804 de
1071 1764 1163 1806 vita
1187 1764 1455 1819 fortunisque

114 1823 400 1874 contenderis,
440 1823 557 1864 cuius
597 1837 646 1864 ex
684 1823 851 1864 insidiis
895 1822 1100 1877 evaseris,
1136 1823 1251 1864 hunc
1288 1838 1457 1877 semper

64 1893 99 1918 ³0
119 1881 268 1924 oderis.
340 1881 421 1923 Sed
468 1897 564 1923 cum
609 1885 763 1937 agatur
806 1881 942 1922 honos
987 1896 1105 1922 meus
1151 1882 1456 1936 amplissimus,

118 1940 257 1995 gloria
281 1955 423 1981 rerum
458 1943 677 1995 gestarum
703 1940 946 1994 singularis,
979 1954 1084 1994 cum,
1118 1941 1315 1995 quotiens
1344 1941 1456 1995 quis-

117 2013 196 2052 que
240 2001 305 2040 est
347 2000 392 2040 in
436 1999 517 2040 hoc
557 1999 712 2040 scelere
751 1998 988 2053 convictus,
1031 1998 1191 2040 totiens
1229 2001 1457 2040 renovetur

116 2058 322 2098 memoria
347 2072 423 2112 per
448 2072 516 2099 me
541 2058 740 2099 inventae
767 2054 932 2108 salutis,
958 2071 1037 2111 ego
1065 2059 1144 2099 sim
1163 2061 1251 2099 tam
1273 2058 1456 2110 demens,

118 2128 196 2169 ego
224 2116 502 2167 committam,
534 2119 583 2157 ut
609 2131 669 2169 ea,
703 2130 810 2170 quae
841 2130 919 2170 pro
947 2116 1086 2157 salute
1115 2116 1304 2157 omnium
1331 2116 1457 2170 gessi,

65 2183 99 2210 35
120 2187 220 2214 casu
250 2175 387 2228 magis
420 2176 462 2215 et
492 2174 699 2216 felicitate
727 2189 750 2214 a
775 2188 843 2215 me
869 2188 995 2228 quam
1022 2175 1182 2216 virtute
1209 2176 1252 2215 et
1279 2174 1456 2215 consilio

118 2233 242 2285 gesta
279 2246 370 2273 esse
407 2232 659 2276 videantur?
720 2231 846 2280 ‘Quid
887 2232 1017 2288 ergo?
1055 2233 1137 2274 hoc
1175 2232 1255 2273 tibi
1297 2230 1458 2285 sumis’,
1484 2242 1530 2273 84

119 2289 230 2331 dicet
253 2289 437 2332 fortasse
464 2292 690 2346 quispiam,
723 2290 797 2341 ‘,ut
823 2292 924 2346 quia
948 2294 997 2332 tu
1025 2291 1228 2343 defendis,
1254 2290 1456 2332 innocens

189 2363 260 2390 010.
279 2365 321 2390 Π.
342 2367 367 2391 2.
1197 2363 1242 2393 24
