1619 2542
98 2077 140 2108 1ss

163 97 251 138 294
487 97 538 131 IN
564 97 601 131 L.
629 96 898 132 CATILINAM
925 95 1100 131 ORATIO
1127 95 1188 130 IV.

165 194 216 235 ad
250 193 363 235 auris
395 207 512 234 meas
545 207 703 245 eorum7
736 193 807 247 qui
838 192 976 233 vereri
1001 191 1210 245 videntur,
1240 193 1288 233 ut
1319 191 1500 233 habeam

165 252 269 294 satis
313 252 514 306 praesidii
558 251 610 292 ad
649 266 715 305 ea,
758 265 865 305 quae
904 265 979 292 vos
1018 249 1255 291 statueritis
1295 249 1499 291 hodierno

165 311 243 364 die,
273 310 567 365 transigunda.
612 309 768 351 Omnia
799 312 842 350 et
872 309 1045 363 provisa
1076 312 1120 350 et
1150 312 1303 363 parata
1334 311 1378 349 et
1403 323 1499 350 con-

165 372 320 410 stituta
352 372 469 423 sunt,
500 371 644 423 patres
677 368 919 422 conscripti,
951 382 1047 409 cum
1079 381 1173 408 mea
1204 381 1370 409 summa
1401 381 1501 409 cura

165 430 293 483 atque
326 423 561 483 diligentia,
593 431 684 468 ‘tum
717 426 849 468 etiam
879 427 1014 468 multo
1047 427 1209 467 maiore
1240 425 1388 481 populi
1419 425 1535 467 Ro-5

165 487 281 528 mani
320 486 373 528 ad
412 500 624 527 summum
661 485 887 540 imperium
924 485 1194 526 retinendum
1226 487 1270 525 et
1300 484 1352 526 ad
1385 498 1500 526 com-

165 559 313 586 munes
339 546 535 586 fortunas
561 543 873 586 conservandas
893 544 1128 585 voluntate.
1165 542 1324 585 Omnes
1345 542 1501 584 adsunt

165 604 355 645 omnium
389 603 584 644 ordinum
615 603 827 656 homines,
860 602 1051 643 omnium
1079 615 1287 656 ymerum,
1319 602 1501 643 omnium

165 662 342 716 denique
387 664 596 715 aetatum3
644 662 816 715 plenum
860 663 925 702 est
966 660 1125 714 forum,
1168 661 1294 715 plena
1338 660 1502 715 templa

164 721 323 763 circum
366 720 526 773 forum,
568 720 684 775 pleni
727 734 871 762 omnes
916 719 1056 761 aditus
1100 719 1226 760 huius
1263 719 1414 774 templi
1451 732 1500 760 ac
1521 730 1553 754 10

163 780 258 821 loci.
321 778 461 821 Causa
499 781 566 820 est
603 779 715 820 enim
748 782 847 833 post
877 778 1028 819 urbem
1059 778 1273 820 conditam
1304 778 1410 819 haec
1439 777 1500 818 in-

164 841 292 880 venta
323 838 428 891 sola,
458 838 501 879 in
535 852 619 892 qua
650 851 797 878 omnes
829 837 1037 878 sentirent
1067 851 1197 878 unum
1231 839 1358 891 atque
1389 835 1502 877 idem

165 899 336 951 praeter
375 910 467 950 eos,
505 897 578 950 qui
615 910 709 937 cum
751 895 833 936 sibi
869 895 1062 937 viderent
1100 909 1192 936 esse
1229 894 1501 949 pereundum,

165 970 262 997 cum
288 955 485 997 omnibus
511 955 656 1009 potius
684 969 808 1009 quam
829 954 909 995 soli
928 954 1066 1009 perire
1085 954 1323 995 voluerunt.
1359 952 1500 994 Hosce

164 1029 243 1069 ego
276 1014 470 1055 homines
503 1013 664 1068 excipio
697 1015 740 1054 et
772 1027 944 1054 secerno
971 1012 1167 1054 lubenter
1196 1026 1333 1066 neque
1364 1011 1409 1052 in
1441 1012 1500 1053 in·
1520 1022 1553 1048 15

163 1073 396 1127 proborum
446 1071 618 1125 civium,
670 1071 742 1112 sed
790 1071 835 1112 in
884 1070 1256 1112 acerbissimorum
1308 1070 1501 1112 hostium

162 1145 340 1172 numero
378 1130 598 1172 habendos
638 1132 755 1185 puto,
817 1128 957 1171 Ceteri
993 1143 1111 1182 vero,
1151 1129 1193 1170 di
1231 1129 1500 1170 inmortales!

165 1204 250 1244 qua
273 1189 526 1243 frequentia,
559 1203 642 1242 quo
675 1188 827 1241 studio,
860 1203 943 1242 qua
968 1188 1126 1229 virtute
1152 1187 1205 1228 ad
1231 1201 1499 1229 communem

164 1248 347 1289 salutem
397 1247 735 1303 dignitatemque
785 1246 1072 1288 consentiunt!
1147 1245 1256 1294 Quid
1304 1259 1382 1300 ego
1432 1246 1499 1286 hic

165 1307 329 1361 equites
367 1306 584 1348 Romanos
622 1305 979 1347 commemorem?
1019 1304 1091 1359 qui
1129 1304 1251 1346 vobis
1288 1304 1350 1345 ita
1387 1316 1551 1345 sum-20

165 1380 280 1407 mam
325 1364 485 1407 ordinis
524 1364 774 1419 consiliique
813 1363 1064 1416 concedunt,
1107 1366 1156 1404 ut
1193 1363 1411 1404 vobiscum
1448 1362 1499 1403 de

165 1438 308 1465 amore
333 1423 396 1464 rei
415 1423 610 1477 publicae
632 1425 811 1476 certent3
839 1436 943 1477 quos
965 1436 1015 1463 ex
1035 1422 1268 1463 multorum
1289 1435 1497 1463 annorum

166 1482 428 1524 dissensione
453 1482 578 1523 huius
607 1481 765 1522 ordinis
793 1480 846 1522 ad
872 1480 1120 1522 societatem
1147 1479 1498 1534 concordiamque

164 1544 386 1583 revocatos
424 1540 653 1582 hodiernus
692 1540 781 1581 dies
818 1539 1037 1581 vobiscum
1077 1542 1204 1594 atque
1235 1538 1340 1580 haec
1371 1551 1499 1580 causa

165 1599 396 1653 coniungit.
458 1597 595 1647 Quam
634 1599 669 1640 si
702 1598 1041 1640 conjunctionem
1073 1598 1118 1639 in
1148 1597 1372 1639 consulatu
1403 1610 1496 1638 con·
1518 1606 1550 1632 25

164 1658 378 1699 firmatam
423 1671 517 1698 meo
559 1660 809 1712 perpetuam
852 1656 896 1698 in
933 1671 978 1698 re
1018 1656 1190 1711 publica
1225 1654 1498 1707 tenuerimus,

165 1716 368 1757 confirmo
394 1716 518 1757 vobis
548 1716 712 1757 nullum
747 1715 926 1769 posthac
952 1715 1111 1756 malum
1137 1713 1259 1756 civile
1285 1727 1333 1755 ac
1359 1712 1498 1753 dome-

165 1774 318 1815 sticum
357 1773 410 1814 ad
450 1774 582 1815 ullam
619 1774 681 1815 rei
713 1773 907 1828 publicae
939 1775 1105 1827 partem
1136 1786 1228 1814 esse
1259 1774 1497 1812 venturum.

165 1833 264 1873 Pari
297 1832 437 1873 studio
465 1832 757 1874 defendundae
789 1832 849 1873 rei
881 1832 1075 1886 publicae
1101 1829 1348 1873 convenisse
1374 1828 1495 1870 video

165 1891 360 1932 tribunos
394 1890 594 1944 aerarios,
625 1890 884 1932 fortissimos
916 1890 1051 1943 viros;
1083 1888 1244 1930 scribas
1279 1887 1384 1929 item
1408 1887 1498 1929 unj-
1518 1899 1550 1924 30

165 1963 328 2002 vei-SOS‚
361 1962 466 2002 quos
499 1963 594 1990 cum
626 1963 727 1990 casu
758 1949 827 1990 hic
858 1948 947 1990 dies
980 1947 1033 1989 ad
1064 1946 1275 1989 aerarium
1305 1945 1497 2000 frequen-

166 2010 317 2061 tasset,
356 2006 477 2048 video
517 2007 570 2048 ab
603 2007 896 2061 expectatione
928 2006 1056 2047 sortis
1089 2005 1141 2046 ad
1173 2005 1355 2046 salutem
1387 2018 1497 2046 com-

167 2080 338 2108 munem
388 2079 480 2105 esse
530 2079 770 2107 conversos.
848 2064 996 2106 Omnis
1045 2065 1327 2118 ingenuorum
1377 2062 1497 2104 adest

167 2122 434 2176 multitudo‚‘
454 2123 582 2164 etiam
615 2123 975 2165 tenuissimorum.
1038 2121 1141 2170 Quis
1173 2124 1237 2163 est
1269 2121 1399 2174 enim,
1429 2121 1497 2162 cui

166 2198 253 2225 non
283 2183 387 2224 haec
417 2181 596 2236 templa,
629 2184 825 2236 aspectus
857 2180 993 2234 urbis,
1024 2180 1236 2234 possessio
1268 2179 1495 2233 libertatis,
1514 2189 1548 2215 3⁵

167 2242 238 2282 lux
266 2240 443 2295 denique
468 2239 573 2281 haec
598 2240 692 2293 ipsa
717 2242 760 2280 et
785 2240 902 2292 [hoc]
929 2252 1152 2280 commune
1171 2237 1337 2293 patriae
1357 2237 1496 2279 solum

166 2314 262 2343 cum
313 2300 370 2341 sit
418 2312 580 2352 carum,
628 2300 719 2340 tum
764 2312 862 2339 vero
906 2296 1025 2338 dulce
1069 2299 1196 2350 atque
1239 2295 1495 2338 iucundum?
