1619 2542
521 101 623 137 CAP.
651 105 788 137 61—-63
815 106 834 145 g
863 106 1058 137 171—176.
1379 101 1461 144 167

210 196 318 239 Cum
345 212 480 253 vagus
507 200 550 239 et
576 198 695 239 exsul
722 200 883 240 erraret
903 201 1030 252 atque
1052 198 1237 253 undique
1257 198 1451 240 exclusus
1468 209 1534 241 175

122 255 381 310 Oppianicus
419 257 464 298 in
501 256 730 298 Falernum
770 271 814 298 se
852 257 904 298 ad
942 257 990 298 L.
1029 256 1276 305 Quinctium
1316 261 1465 299 contu-

120 315 261 368 lisset7
303 315 364 356 ibi
402 316 586 370 primum
626 315 671 356 in
708 316 904 357 morbum
942 316 1090 357 incidit
1122 331 1170 357 ae
1203 316 1307 357 satis
1340 316 1463 357 vehe-

124 376 287 414 menter
320 374 473 428 diuque
506 374 760 429 aegrotavit.
818 373 925 415 Cum
959 377 1072 416 esset
1104 390 1189 416 una
1222 373 1366 416 Sassia
1398 389 1463 416 ea-

85 442 159 485 5q
155 447 202 473 16
235 431 327 474 Sex.
359 432 488 474 Albio
529 409 711 486 quodam
754 433 922 486 6010110,
959 433 1132 475 homine
1172 434 1352 488 valenti,
1391 434 1464 487 qui

123 491 248 531 simul
282 505 373 532 esse
407 491 588 545 solebat7
619 492 873 532 familiarius
901 494 1104 547 uteretur,
1137 507 1264 547 quam
1291 493 1356 533 vir
1383 493 1463 534 dis-

124 564 153 589 s
148 550 412 591 ilutissimus
444 550 649 591 incolumi
679 550 854 591 fortuna
885 551 976 604 pati
1008 554 1166 605 posset,
1199 554 1241 592 et
1266 551 1331 592 ius
1359 551 1464 592 illud

124 608 384 649 matrimonii
427 611 590 650 castum
633 611 761 662 atque
800 609 1043 663 legitimum
1076 610 1350 651 damnatione
1382 610 1465 651 viri

124 667 340 707 sublatum
369 667 664 721 arbitraretur,
695 667 970 709 Nicostratus
998 669 1182 722 quidam7
1213 669 1352 710 fidelis
1379 668 1464 722 Op-

71 737 104 760 10
123 726 282 779 pianici
314 727 504 767 servolus
536 727 806 781 percuriosus
834 729 877 767 et
903 727 1076 768 minime
1102 728 1296 781 mendax,
1327 728 1465 769 multa

124 784 281 825 dicitur
307 784 479 826 domino
507 786 751 826 renuntiare
779 785 931 830 solitus
960 800 1062 827 esse.
1112 786 1283 827 Interea
1309 786 1465 841 Oppia·

122 843 242 884 nicus
302 857 396 884 cum
452 844 537 884 iam
588 844 906 886 convalesceret
954 859 1091 899 neque
1140 845 1465 900 improbitatem

124 902 264 943 coloni
290 902 335 942 in
360 901 541 944 Falerno
570 902 728 944 diutius
753 902 865 944 ferre
891 906 1039 957 posset
1065 906 1107 944 et
1133 903 1215 945 huc
1242 904 1294 945 ad
1315 904 1464 945 urbem

125 960 339 1013 profectus
384 964 496 1002 esset
541 960 727 1015 (solebat
772 963 884 1003 enim
930 964 1050 1003 extra
1094 965 1263 1016 portam
1303 962 1466 1016 aliquid

71 1028 104 1054 15
125 1019 281 1060 habere
319 1020 555 1073 conducti),
593 1020 794 1062 cecidisse
832 1020 883 1062 de
922 1035 1029 1075 equo
1070 1021 1225 1062 dicitur
1263 1024 1305 1062 et
1336 1022 1464 1063 homo

124 1078 291 1119 infirma
339 1079 582 1119 valetudine
637 1080 750 1120 latus
807 1079 1035 1121 offendisse
1084 1080 1358 1121 vehementer
1413 1082 1466 1134 et,

123 1139 405 1191 posteaquam
433 1137 485 1178 ad
511 1138 660 1178 urbem
687 1152 783 1179 cum
809 1138 920 1179 febri
940 1139 1115 1193 venerit,
1142 1140 1287 1192 paucis
1317 1139 1465 1180 diebus

125 1209 217 1237 esse
262 1198 469 1238 mortuus.
529 1194 687 1237 Mmtis
725 1197 854 1251 ratio,
893 1197 1068 1251 iudices,
1106 1197 1196 1238 eius
1235 1197 1349 1238 modi
1390 1200 1466 1250 est,

125 1256 173 1294 ut
204 1256 278 1295 aut
309 1254 419 1295 nihil
450 1255 608 1296 habeat
641 1255 893 1308 suspicionis
927 1258 1012 1309 aut7
1045 1257 1081 1297 si
1115 1256 1216 1310 quid
1248 1256 1392 1309 habet7
1423 1256 1466 1297 id

73 1313 238 1354 wintra
282 1314 466 1367 parietes
510 1314 554 1354 in
598 1314 832 1355 domestico
877 1315 1036 1355 scelere
1074 1318 1280 1357 versetur.
1348 1314 1453 1356 Post
1480 1302 1536 1343 63

126 1374 307 1412 mortem
341 1372 428 1413 eius
456 1370 602 1413 Sassia
628 1372 772 1413 moliri
799 1373 958 1426 statim,
984 1372 1148 1413 nefaria
1173 1374 1337 1427 mulier,
1364 1388 1454 1415 coe-

126 1429 190 1483 pit
228 1429 404 1472 insidias
442 1431 550 1483 11110,
588 1432 882 1484 quaestionem
920 1431 1078 1472 habere
1117 1431 1167 1472 de
1204 1432 1285 1472 viri
1327 1407 1466 1473 inorte

127 1488 362 1529 constituit.
411 1488 530 1529 Emit
563 1488 613 1530 de
646 1489 696 1529 A.
718 1489 905 1543 Rupilio,
938 1504 1020 1543 quo
1054 1492 1146 1531 erat
1176 1504 1277 1530 usus
1310 1489 1467 1544 Oppia-

127 1546 247 1587 nicus
274 1546 454 1599 medico,
493 1545 738 1588 Stratonem
771 1547 978 1601 quendam
988 1581 998 1601 7
1030 1548 1151 1601 quasi
1183 1551 1231 1589 ut
1262 1548 1374 1589 idem
1406 1548 1467 1590 fa-

74 1615 108 1640 25
128 1607 252 1658 ceret,
279 1604 390 1659 quod
410 1605 596 1646 Habitus
623 1606 667 1646 in
687 1606 862 1646 emendo
883 1605 1074 1661 Diogene
1094 1607 1265 1648 fecerat.
1303 1607 1366 1648 De
1385 1607 1467 1650 hoc

129 1667 329 1704 Stratone
368 1666 410 1704 et
451 1663 500 1705 de
534 1663 659 1705 Ascla
692 1664 877 1717 quodam
909 1679 1031 1706 servo
1065 1679 1141 1706 suo
1174 1666 1466 1720 quaesituram

128 1736 222 1763 esse
248 1721 368 1763 dixit.
412 1721 639 1763 Praeterea
665 1736 833 1763 servum
859 1723 980 1764 illum
1007 1723 1313 1778 Nicostratum,
1341 1739 1466 1778 quem

127 1781 305 1821 nimium
350 1781 574 1834 loquacem
614 1780 746 1821 fuisse
784 1795 833 1822 ac
869 1782 1047 1823 nimium
1086 1782 1258 1825 domino
1296 1783 1467 1825 fidelem

129 1839 440 1890 arbitrabatur,
477 1839 531 1880 ab
569 1839 649 1881 hoc
687 1839 956 1882 adulescente
988 1840 1224 1895 Oppianico
1262 1842 1308 1882 in
1341 1857 1468 1896 quae-

75 1907 108 1932 30
130 1897 312 1938 stionem
343 1898 592 1951 postulavit.
649 1897 729 1939 Hie
761 1912 855 1939 cum
888 1902 1001 1941 esset
1031 1900 1105 1941 illo
1138 1902 1330 1955 tempore
1361 1915 1468 1955 puer

129 1961 172 1997 et
196 1956 274 1997 illa
300 1956 494 2009 quaestio
522 1956 572 1997 de
598 1956 734 2010 patris
761 1957 827 1997 sui
852 1960 989 1998 morte
1016 1959 1219 1999 constitui
1245 1959 1465 2012 diceretur,

129 2014 210 2055 etsi
251 2014 375 2055 illum
419 2029 588 2056 servum
633 2017 675 2055 et
720 2014 801 2055 sibi
844 2015 1088 2058 benivolum
1133 2032 1224 2058 esse
1266 2020 1308 2058 et
1350 2017 1467 2071 patri

128 2072 260 2113 fuisse
306 2073 617 2127 arbitrabatur,
660 2073 768 2114 nihil
805 2076 949 2115 tamen
987 2078 1052 2117 est
1090 2090 1217 2117 ausus
1257 2090 1465 2117 recusare.

130 2131 407 2172 Advocantur
456 2132 582 2173 amici
631 2135 673 2172 et
722 2131 915 2186 hospites
966 2133 1190 2188 Oppianici
1239 2136 1282 2174 et
1329 2134 1464 2188 ipsius

77 2199 111 2225 35
131 2188 322 2230 mulieris
354 2189 491 2244 multi,
523 2191 716 2232 homines
748 2190 918 2232 honesti
949 2195 1076 2246 atque
1109 2193 1306 2234 omnibus
1338 2192 1464 2233 rebus

131 2247 284 2289 ornati.
333 2246 575 2290 Tormentis
609 2248 805 2290 omnibus
837 2249 1208 2292 vehementissime
1235 2251 1466 2304 quaeritur.

132 2305 237 2347 Cum
270 2308 411 2346 essent
444 2307 575 2348 animi
608 2321 827 2348 servorum
860 2310 902 2349 et
935 2323 1008 2364 spe
1041 2313 1084 2351 et
1110 2312 1225 2350 metu
1251 2309 1465 2364 temptati,

1470 1353 1537 1385 176
