1619 2542
504 84 605 121 CAP.
634 87 769 119 15-17
797 88 815 127 s
842 88 991 119 43—49.
1366 83 1423 124 53

83 183 231 224 statim
260 180 443 223 Caecina
469 181 746 234 discessisset,
780 180 974 222 dubitare
1002 194 1078 222 vos
1104 194 1190 221 non
1217 179 1426 229 debuisse,

82 242 184 296 quin
211 239 419 283 Caecinae
445 240 560 282 facta
585 241 648 282 vis
677 242 806 294 esset3
837 241 873 281 si
898 253 1011 293 vero,
1045 239 1172 280 simul
1201 253 1249 280 ac
1274 239 1424 294 procul

82 300 304 353 conspexit
341 302 546 352 armatos,
585 299 849 352 recessisset,
888 312 936 340 eo
975 297 1116 339 minus
1155 297 1421 339 dubitaretis.

83 358 231 401 Omnis
272 358 386 399 enim
425 358 489 399 vis
529 360 611 411 est,
650 372 756 412 quae
789 357 978 412 periculo
1011 360 1085 398 aut
1116 356 1313 398 decedere
1345 371 1424 398 nos

46 429 62 454 5
84 417 276 459 alicunde
315 416 433 470 cogit
465 419 539 457 aut
571 417 772 471 prohibet
805 416 1014 458 accedere.
1077 413 1197 464 Quod
1231 416 1266 456 si
1300 415 1426 456 aliter

83 476 295 529 statuetis,
320 475 470 528 videte,
496 490 550 516 ne
576 476 656 517 hoc
682 490 758 517 vos
785 476 1001 529 statuatis,
1028 474 1100 530 qui
1125 475 1247 516 vivus
1275 474 1427 516 disces-

88 534 210 588 serit,
252 535 290 576 ei
332 534 418 575 vim
459 548 546 575 non
587 548 678 575 esse
715 534 890 586 factam,
931 548 985 575 ne
1024 533 1106 575 hoc
1144 534 1342 575 omnibus
1382 533 1427 574 in

81 593 401 648 possessionum
434 593 737 635 controversiis
769 592 1084 647 praescribatis,
1116 594 1164 633 ut
1195 592 1427 647 confligen-

82 653 181 694 dum
213 652 296 693 sibi
328 654 372 693 et
404 653 533 693 armis
568 652 868 693 decertandum
902 653 1075 705 putent,
1105 665 1177 703 ne,
1210 665 1335 705 quem
1369 650 1422 692 ad

31 722 63 748 10
84 711 256 753 modum
289 711 332 752 in
364 711 477 752 bello
509 725 648 765 poena
677 711 847 764 ignavis
881 710 934 751 ab
966 710 1299 764 imperatoribus
1333 724 1427 752 con-

85 770 291 824 stituitur,
324 770 384 811 sic
414 770 459 811 in
491 770 659 811 iudiciis
693 770 877 810 deterior
909 784 1037 810 causa
1069 768 1127 809 sit
1159 783 1322 821 eorum,
1355 769 1427 823 qui

81 829 289 883 fugerint,
329 843 455 883 quam
489 829 561 883 qui
594 828 646 869 ad
680 831 917 870 extremum
948 843 1082 882 usque
1115 828 1424 868 contenderint.

84 887 189 930 Cum
229 887 280 929 de
318 888 409 929 iure
448 889 490 929 et
527 887 732 941 legitimis
770 887 990 929 hominum
1031 887 1334 928 controversiis
1367 887 1425 927 lo·
1452 883 1496 914 47

85 946 253 1002 quimur
285 949 327 988 et
356 946 402 987 in
433 945 500 987 his
532 947 659 987 rebus
686 946 773 988 vim
799 945 1083 999 nominamus,
1115 945 1334 999 pertenuis
1360 945 1425 986 vis

31 1017 63 1043 15
83 1005 279 1060 intellegi
304 1005 441 1046 debet.
490 1004 590 1046 Vidi
617 1008 805 1046 armatos
833 1005 1029 1059 quamvis
1056 1019 1234 1058 paucos,
1266 1018 1426 1058 magna

84 1065 149 1106 vis
182 1068 257 1105 est.
318 1063 492 1105 Decessi
531 1064 656 1105 unius
694 1063 881 1105 hominis
920 1063 1008 1104 telo
1046 1063 1322 1118 proterritus3
1361 1063 1427 1104 de-

84 1123 220 1165 iectus
263 1122 544 1177 detrususque
586 1137 692 1164 sum.
760 1122 854 1164 Hoc
895 1122 931 1163 si
971 1122 1035 1163 ita
1079 1121 1296 1175 statuetis,
1340 1136 1427 1163 non

84 1182 211 1223 modo
238 1196 324 1223 non
351 1182 444 1235 erit,
476 1196 549 1223 cur
581 1182 827 1237 depugnare
859 1181 1086 1235 quisquam
1120 1181 1302 1235 posthac
1332 1195 1427 1235 pos-

87 1241 287 1282 sessionis
326 1255 455 1282 causa
485 1240 608 1294 velit,
646 1241 719 1282 sed
751 1255 804 1281 ne
836 1240 942 1281 illud
976 1239 1163 1294 quidem,
1201 1254 1275 1280 cur
1306 1254 1427 1293 repu-

31 1312 66 1337 20
87 1313 228 1355 gnare.
291 1297 362 1340 Sin
398 1301 540 1340 autem
573 1300 661 1340 vim
694 1299 783 1340 sine
817 1299 959 1349 caede,
994 1298 1085 1339 sine
1118 1299 1426 1351 vulneratione,

86 1359 176 1400 sine
215 1358 421 1414 sanguine
462 1359 625 1399 nullam
663 1357 943 1412 intellegetis,
988 1358 1188 1398 statuetis
1229 1357 1426 1398 homines

85 1416 369 1471 possessionis
402 1416 638 1470 cupidiores
672 1431 799 1470 quam
830 1417 946 1457 vitae
979 1430 1070 1457 esse
1104 1418 1313 1468 oportere.
1444 1445 1496 1485 17

174 1476 268 1529 Age
293 1490 406 1525 vero,
438 1476 488 1516 de
519 1476 561 1516 vi
587 1478 630 1516 te
658 1475 795 1529 ipsum
827 1474 997 1515 habebo
1029 1474 1223 1526 iudicem,
1254 1473 1425 1514 Aebuti.
1453 1505 1498 1536 48

87 1534 324 1588 Responde,
368 1534 405 1574 si
436 1533 517 1574 tibi
548 1533 728 1575 videtur.
776 1532 827 1574 In
858 1532 1036 1573 fundum
1069 1531 1252 1574 Caecina
1282 1535 1427 1573 utrum

32 1605 66 1631 25
85 1594 259 1634 tandem
295 1592 435 1633 noluit
473 1606 526 1632 an
556 1606 643 1633 non
675 1592 816 1645 potuit
846 1590 1078 1633 accedere?
1141 1589 1248 1632 Cum
1279 1593 1322 1632 te
1355 1591 1425 1632 ob-

86 1652 248 1693 stitisse
287 1655 328 1691 et
364 1650 602 1704 reppulisse
641 1650 763 1703 dicis,
801 1652 914 1691 certe
954 1649 1066 1691 hunc
1103 1649 1292 1691 voluisse
1331 1664 1427 1692 con-

86 1710 210 1751 cedis.
273 1709 405 1751 Potes
443 1709 575 1763 igitur
607 1709 745 1749 dicere
777 1723 863 1749 non
894 1709 932 1749 ei
968 1707 1054 1749 vim
1087 1707 1219 1750 fuisse
1251 1708 1427 1763 impedi-

86 1771 250 1821 mento,
283 1769 367 1822 cui,
400 1782 494 1809 cum
528 1770 702 1822 cuperet
733 1781 867 1821 eoque
900 1767 1081 1808 consilio
1114 1768 1320 1821 venisset,
1350 1782 1427 1821 per

87 1827 282 1869 homines
323 1828 502 1868 coactos
532 1826 697 1867 licitum
735 1840 822 1866 non
855 1826 911 1867 sit
943 1825 1168 1867 accedere?
1232 1825 1276 1867 Si
1314 1826 1426 1867 enim

35 1885 149 1939 aoid,
182 1885 293 1940 quod
327 1885 512 1926 maxime
544 1885 699 1937 voluit,
736 1884 854 1926 nullo
888 1885 1012 1926 modo
1045 1884 1204 1939 potuit,
1236 1885 1299 1925 vis
1332 1899 1427 1939 pro-

86 1944 199 1985 fecto
227 1944 435 1998 quaedam
463 1943 682 1985 obstiterit
706 1957 877 1984 necesse
903 1945 988 1996 est3
1020 1945 1095 1984 aut
1120 1946 1167 1984 tu
1194 1943 1271 1996 dic,
1299 1957 1426 1997 quam

88 2003 142 2043 ob
174 2017 276 2056 rem,
309 2017 404 2044 cum
430 2002 561 2043 vellet
587 2002 796 2052 accedere,
820 2016 908 2043 non
933 2002 1170 2044 accesserit.
1218 2001 1311 2043 Iam
1338 2002 1423 2042 vim
1451 2010 1495 2041 49

87 2061 247 2102 factam
285 2074 443 2115 negare
481 2075 569 2102 non
606 2063 748 2115 potes3
786 2060 970 2101 deiectus
1010 2075 1135 2115 quem
1169 2059 1221 2101 ad
1253 2059 1427 2101 modum

89 2119 163 2173 sit,
196 2119 266 2173 qui
299 2134 385 2160 non
418 2121 659 2173 accesserit,
691 2118 734 2159 id
766 2118 996 2172 quaeritur.
1053 2119 1281 2160 Demoveri
1313 2119 1426 2159 enim

34 2189 68 2214 35
89 2181 129 2218 et
162 2177 318 2232 depelli
351 2178 400 2219 de
433 2178 526 2219 loco
559 2192 730 2219 necesse
765 2180 831 2219 est
863 2192 970 2231 eum,
1003 2178 1076 2232 qui
1109 2177 1327 2218 deiciatur.
1376 2175 1426 2218 Id

90 2238 234 2277 autem
267 2236 456 2277 accidere
488 2237 525 2277 ei
558 2236 631 2291 qui
661 2239 821 2291 potest,
853 2237 924 2290 qui
957 2237 1129 2277 omnino
1162 2237 1206 2276 in
1238 2250 1285 2276 eo
1318 2235 1425 2287 loco,

87 2294 198 2335 unde
237 2308 280 2334 se
314 2293 523 2336 deiectum
556 2309 646 2336 esse
687 2294 805 2348 dicit,
842 2308 1076 2349 numquam
1113 2293 1224 2335 fuit?
1287 2291 1425 2342 Quid?
