1687 2533
194 224 238 254 35

195 693 238 723 36

264 117 352 157 444
402 117 579 153 ORATIO
605 117 724 152 POST
750 117 967 152 REDITUM
994 118 1044 152 IN
1070 116 1261 152 SENATU
1286 117 1476 153 HABITA.

266 228 357 254 esse
389 214 659 255 redeundum.
723 213 851 255 Cuius
884 214 968 254 mei
1000 228 1148 255 sensus
1181 213 1444 255 certissimus
1475 215 1601 256 testis

266 275 330 313 est
362 272 431 313 hic
457 273 582 326 idem,
615 273 688 326 qui
713 275 856 313 custos
883 272 1036 326 capitis
1061 272 1157 325 fuit,
1190 272 1265 315 Cn.
1285 272 1497 325 Plancius,
1529 273 1602 326 qui

265 330 462 371 omnibus
489 331 823 385 provincialibus
850 330 1113 372 ornamentis
1140 331 1458 385 commodisque
1479 331 1603 384 depo-

266 389 360 429 sitis
404 392 542 430 totam
584 404 705 430 suam
743 392 1016 442 quaesturam
1055 389 1099 429 in
1137 404 1203 430 me
1242 390 1521 430 sustentando
1559 393 1602 431 et

265 448 554 488 conservando
587 448 837 489 conlocavit.
888 447 967 496 Qui
1000 447 1035 488 si
1068 448 1171 488 mihi
1198 450 1399 502 quaestor
1424 449 1601 501 impera-

264 506 350 547 tori
387 506 557 559 fuisset,
583 507 648 546 'in
686 506 765 546 filii
802 507 896 547 loco
933 506 1102 560 fuisset3
1141 521 1252 547 nunc
1289 508 1402 547 certe
1440 507 1522 548 erit
1557 506 1602 547 in

264 565 468 619 parentis,
500 579 594 606 cum
625 564 756 605 fuerit
781 564 811 618 ἦ·
838 567 1039 619 quaestor
1064 579 1151 606 non
1175 565 1357 619 imperii,
1389 565 1461 606 sed
1488 565 1602 606 dolo—

264 638 323 663 ris
356 637 451 664 mei.

355 681 644 736 Quapropter,
686 685 832 737 patres
885 682 1133 736 conscripti,
1179 682 1380 736 quoniam
1423 682 1468 723 in
1511 696 1602 723 rem

265 740 482 794 publicam
515 756 609 781 sum
642 741 803 794 pariter
836 755 930 781 cum
961 755 1007 781 re
1039 740 1212 794 publica
1243 741 1486 794 restitutus,
1516 755 1602 782 non

266 799 392 840 modo
436 799 479 839 in
524 814 574 840 ea
618 799 881 840 defendenda
923 799 1031 839 nihil
1075 799 1264 840 minuam
1309 799 1359 840 de
1402 799 1603 840 libertate

198 858 251 899 15
267 872 362 898 mea
399 858 600 911 pristina,
639 858 711 898 sed
750 858 880 899 etiam
919 857 1152 911 adaugebo.
1213 857 1403 910 Etenim,
1441 858 1478 898 si
1509 872 1602 898 eam

195 1395 238 1425 37

265 918 358 956 tum
391 916 682 969 defendebam,
714 931 809 957 cum
841 916 945 956 mihi
977 916 1137 969 aliquid
1168 916 1245 956 illa
1277 916 1470 968 debebat,
1503 915 1604 970 quid

264 988 377 1015 nunc
403 989 469 1015 me
495 975 632 1016 facere
660 977 841 1028 oportet,
868 989 963 1015 cum
990 988 1069 1029 ego
1096 974 1162 1014 illi
1187 974 1422 1028 plurimum
1441 974 1603 1016 debeo?

265 1032 377 1073 Nam
429 1033 530 1086 quid
580 1036 662 1085 est,
712 1033 824 1086 quod
869 1033 1057 1073 animum
1102 1047 1242 1073 meum
1285 1032 1484 1088 frangere
1529 1035 1603 1074 aut

267 1091 490 1132 debilitare
522 1091 676 1143 possit,
715 1092 834 1132 cuius
866 1091 1003 1145 ipsam
1036 1091 1325 1132 calamitatem
1357 1106 1445 1133 non
1477 1091 1603 1132 modo

266 1149 426 1190 nullius
467 1149 629 1201 delicti,
669 1149 741 1190 sed
780 1150 909 1190 etiam
948 1149 1145 1190 binorum
1183 1150 1227 1190 in
1264 1164 1352 1190 rem
1384 1150 1603 1203 publicam

265 1207 568 1248 beneficiorum
612 1211 764 1248 testem
809 1222 900 1248 esse
944 1208 1153 1248 videatis?
1215 1206 1327 1248 Nam
1369 1208 1604 1261 importata

266 1270 342 1317 est,
375 1266 475 1320 quia
507 1266 778 1307 defenderam
810 1266 1042 1319 civitatem,
1074 1269 1116 1307 et
1148 1280 1242 1307 mea
1267 1266 1487 1308 voluntate
1515 1280 1602 1307 sus-

266 1327 391 1378 cepta
428 1327 510 1374 est,
549 1339 601 1366 ne
643 1340 667 1365 a
706 1339 773 1365 me
812 1324 985 1365 defensa
1016 1339 1082 1365 res
1114 1325 1287 1378 publica
1318 1339 1393 1378 per
1424 1324 1601 1366 eundem
1622 1339 1636 1362 2

266 1397 334 1424 me
373 1386 609 1423 extremum
647 1383 692 1423 in
729 1382 955 1424 discrimen
993 1385 1226 1424 vocaretur.
1288 1382 1371 1424 Pro
1409 1397 1476 1424 me
1516 1397 1603 1424 non

266 1445 313 1482 ut
352 1456 428 1495 pro
466 1441 512 1483 P.
548 1440 736 1495 Popilio,
773 1441 1044 1482 nobilissimo
1082 1441 1272 1494 homine,
1311 1441 1602 1482 adulescentes

265 1500 356 1553 filii,
386 1513 473 1540 non
504 1500 841 1553 propinquorum
874 1499 1101 1540 multitudo
1128 1500 1334 1554 populum
1359 1499 1599 1541 Romanum

267 1562 332 1599 est
357 1558 595 1612 deprecata,
626 1572 712 1599 non
739 1561 785 1598 ut
810 1573 888 1612 pro
916 1558 962 1605 Q.
983 1557 1173 1610 Metello,
1199 1572 1364 1599 summo
1390 1560 1433 1598 et
1458 1558 1600 1599 claris-

266 1616 375 1657 simo
407 1616 513 1669 viro,
546 1620 737 1670 spectata
767 1618 854 1657 iam
887 1616 1177 1657 adulescentia
1207 1616 1333 1670 filius,
1363 1630 1450 1657 non
1481 1616 1526 1657 L.
1559 1619 1601 1657 et

267 1673 313 1714 C.
332 1674 509 1727 Metelli,
530 1674 788 1729 consulares,
807 1689 893 1715 non
913 1689 1057 1716 eorum
1078 1674 1214 1727 liberi,
1233 1689 1319 1715 non
1339 1673 1385 1723 Q.
1400 1673 1600 1715 Metellus

265 1731 425 1786 Nepos,
459 1733 529 1786 qui
556 1736 649 1773 tum
676 1733 947 1774 consulatum
972 1732 1160 1787 petebat,
1190 1747 1276 1774 non
1301 1732 1479 1786 Luculli,
1509 1731 1600 1773 Ser-

265 1790 374 1843 vilii,
419 1789 657 1844 Scipiones,
695 1790 966 1832 Metellarum
1004 1791 1083 1831 filii
1120 1791 1270 1832 flentes
1309 1805 1357 1832 ac
1395 1790 1601 1831 sordidati

265 1849 425 1903 populo
458 1848 654 1890 Romano
693 1850 1060 1904 supplicaverunt,
1097 1849 1169 1890 sed
1200 1863 1308 1890 unus
1339 1848 1489 1903 frater,
1528 1849 1600 1903 qui

265 1907 312 1948 in
343 1921 410 1947 me
442 1907 600 1960 pietate
632 1907 763 1961 filius,
803 1908 989 1949 consiliis
1022 1921 1192 1961 parens,
1225 1921 1386 1959 amore,
1417 1910 1465 1947 ut
1497 1910 1599 1960 erat,

266 1965 400 2006 frater
430 1965 628 2005 inventus
662 1970 745 2017 est,
778 1966 975 2020 squalore
1008 1968 1050 2006 et
1082 1965 1269 2006 lacrimis
1302 1968 1345 2006 et
1375 1964 1599 2006 cotidianis

267 2023 462 2078 precibus
509 2022 763 2064 desiderium
801 2025 885 2065 mei
921 2023 1106 2064 nominis
1145 2024 1341 2064 renovari
1379 2025 1422 2064 et
1459 2037 1599 2064 rerum

267 2085 486 2136 gestarum
523 2081 774 2122 memoriam
811 2082 1010 2136 usurpari
1048 2082 1200 2135 coegit.
1262 2080 1342 2129 Qui
1380 2095 1476 2123 eum
1513 2085 1598 2122 sta-

266 2140 441 2192 tuisset,
478 2139 561 2180 nisi
601 2153 677 2193 per
708 2153 783 2180 vos
816 2154 882 2181 me
914 2139 1210 2193 reciperasset,
1248 2139 1424 2180 eandem
1456 2139 1598 2180 subire

267 2198 485 2240 fortunam
536 2200 663 2251 atque
712 2197 824 2238 idem
875 2197 956 2239 sibi
1006 2197 1266 2238 domicilium
1315 2200 1358 2238 et
1400 2197 1512 2238 vitae
1556 2200 1631 2237 etz

267 2256 419 2297 mortis
453 2256 688 2310 deposcere,
720 2258 865 2295 tamen
895 2269 1126 2310 numquam
1157 2269 1234 2296 nec
1260 2254 1597 2310 magnitudinem

265 2314 431 2370 negotii
462 2328 539 2355 nec
572 2313 844 2355 solitudinem
877 2328 998 2354 suam
1029 2327 1105 2354 nec
1137 2312 1223 2353 vim
1255 2313 1524 2354 inimieorum
1549 2327 1598 2354 ac

1622 754 1655 778 10

1623 1045 1655 1070 15

1620 1617 1654 1654 25

1619 1920 1653 1945 30
