1619 2542
124 189 145 228 7

101 240 141 271 ιτ

102 845 144 876 18

103 1490 143 1520 19

169 96 225 137 80
418 95 481 130 DE
508 94 707 130 IMPERIO
735 94 810 130 CN.
829 94 1009 130 POMPEI
1035 94 1225 131 ORATIO.

256 191 321 233 Ac
351 205 404 232 ne
435 191 542 231 illud
575 190 745 245 quidem
776 190 899 232 vobis
930 190 1243 247 neglegendum
1275 193 1358 244 est,
1396 192 1508 246 quod

170 250 275 292 mihi
307 264 386 304 ego
413 252 649 291 extremum
681 263 1003 304 proposueram,
1035 264 1131 291 cum
1163 263 1301 291 essem
1328 250 1378 290 de
1404 250 1509 292 belli

171 323 325 364 genere
358 308 560 361 dicturus,
593 308 705 362 quod
738 307 790 348 ad
822 308 1057 350 multorum
1088 308 1202 350 bona
1233 308 1390 349 civium
1420 308 1508 351 Ro-

169 381 393 409 manorum
419 367 622 421 pertinet3
650 381 831 420 quorum
857 366 978 408 vobis
1010 381 1088 421 pro
1115 369 1258 408 vestra
1284 367 1506 420 sapientia,

170 425 369 479 Quirites,
400 425 597 467 habenda
628 427 694 465 est
724 425 835 465 ratio
868 425 1107 481 diligenter.
1151 424 1264 466 Nam
1297 428 1340 466 et
1369 425 1507 480 publi—
1525 437 1543 462 ⁵
1597 427 1602 431 ’

169 484 280 538 cani,
334 483 529 526 homines
572 483 868 525 honestissimi
911 487 1038 538 atquc
1083 483 1364 537 ornatissimi,
1409 498 1508 526 suas

169 543 357 585 rationes
403 544 446 583 et
486 544 631 597 copias
674 542 720 583 in
763 542 882 583 illam
922 542 1186 597 provinciam
1225 543 1508 596 contulerunt,

170 616 349 655 quorum
387 601 579 656 ipsorum
616 615 692 654 per
730 615 775 642 se
813 614 881 642 res
920 603 962 642 et
995 601 1192 642 fortunae
1229 601 1352 642 vobis
1385 615 1508 643 curae

171 674 262 702 esse
302 659 470 701 debent.
537 659 727 713 Etenim,
773 659 809 700 si
846 659 1074 714 vectigalia
1115 673 1270 701 nervos
1315 673 1407 701 esse
1445 661 1508 701 rei

169 718 365 773 publicae
407 732 574 773 semper
615 717 827 771 duximus,
879 732 975 759 eum
1019 721 1132 760 certe
1177 718 1385 772 ordinem,
1437 718 1562 772 quim

171 780 337 819 exercet
377 777 472 830 illa,
515 777 831 818 firmamentum
875 780 1113 818 ceterorum
1157 776 1353 818 ordinum
1394 780 1508 818 recte

172 850 264 877 esse
305 835 504 877 dicemus.
565 834 727 876 Deinde
770 849 820 876 ex
862 836 1014 878 ceteris
1056 835 1276 876 ordinibus
1314 835 1507 876 homines

171 894 299 950 gnavi
331 897 460 949 atque
490 893 690 934 industrii
721 894 880 948 partim
911 893 995 948 ipsi
1020 893 1065 934 in
1090 894 1196 935 Asia
1220 893 1507 949 negotiantur,

170 953 324 1007 quibus
350 967 427 994 vos
454 952 704 993 absentibus
731 953 949 994 consulere
976 952 1150 1005 debetis,
1175 952 1333 1007 partim
1360 966 1507 993 eorum

169 1012 214 1052 in
255 1026 305 1054 ea
345 1010 565 1066 provincia
602 1011 803 1063 pecunias
841 1025 1020 1066 magnas
1059 1011 1289 1053 collocatas
1330 1010 1505 1052 habent.
1526 1022 1559 1048 15

169 1070 250 1111 Est
280 1069 416 1125 igitur
446 1069 728 1110 humanitatis
755 1072 921 1111 vestrae
952 1083 1158 1125 magnum
1188 1083 1414 1110 numerum
1441 1084 1507 1110 eo-

170 1144 262 1170 rum
307 1128 462 1169 civium
507 1127 753 1168 calamitate
797 1128 1041 1182 prohibere,
1086 1127 1321 1182 sapientiae
1364 1127 1507 1169 videre

170 1187 402 1228 multorum
434 1185 590 1227 civium
624 1187 913 1228 calamitatem
946 1201 971 1227 a
1001 1201 1046 1227 re
1071 1186 1244 1239 publica
1270 1186 1506 1228 seiunctam

171 1259 262 1286 esse
299 1259 387 1286 non
423 1259 560 1299 posse.
627 1243 799 1285 Etenim
837 1245 1022 1299 primum
1060 1245 1167 1286 illud
1205 1244 1328 1299 parvi
1364 1244 1507 1299 refert,

169 1318 247 1345 nos
279 1303 519 1358 publicanis
553 1303 723 1344 omissis
754 1303 984 1358 vectigalia
1015 1306 1166 1358 postea
1190 1302 1369 1344 victoria
1393 1317 1507 1344 recu·
1526 1315 1560 1340 20

169 1376 337 1416 perare3
385 1376 521 1415 neque
572 1362 683 1402 enim
732 1361 866 1403 isdem
914 1361 1148 1403 redimendi
1198 1362 1381 1403 facultas
1426 1362 1508 1402 erit

170 1423 346 1475 propter
383 1420 674 1462 calamitatem
713 1435 849 1475 neque
888 1420 983 1462 aliis
1015 1420 1216 1461 voluntas
1248 1422 1426 1474 propter
1456 1421 1507 1460 ti-

171 1493 345 1521 morem.
406 1478 587 1532 Deinde,
631 1479 743 1533 quod
785 1493 864 1521 nos
902 1478 1049 1520 eadem
1088 1479 1193 1520 Asia
1230 1482 1357 1533 atque
1394 1478 1506 1520 idem

169 1538 251 1579 iste
276 1537 547 1579 Mithridates
578 1537 702 1579 initio
735 1538 839 1579 belli
870 1537 1050 1579 Asiatici
1081 1537 1236 1591 docuit,
1267 1537 1309 1578 id
1336 1537 1506 1591 quidem

170 1598 283 1637 certe
339 1596 586 1637 calamitate
642 1596 755 1638 docti
805 1596 1011 1637 memoria
1059 1596 1243 1637 retinere
1292 1595 1505 1637 debemus.
1525 1606 1558 1632 2⁵

170 1653 284 1695 Nam
322 1658 432 1707 tum,
469 1669 564 1696 cum
597 1655 642 1696 in
674 1654 779 1695 Asia
810 1670 877 1696 res
910 1668 1091 1710 magnas
1121 1654 1326 1709 permulti
1358 1655 1505 1695 amise-

169 1716 279 1766 rant,
300 1713 454 1754 scimus
474 1713 636 1754 Romae
657 1713 870 1755 solutione
890 1713 1096 1768 impedita
1114 1712 1241 1754 fidem
1261 1712 1504 1754 concidisse.

169 1769 270 1812 Non
307 1771 419 1811 enim
458 1774 639 1824 possunt
669 1785 753 1813 una
784 1773 829 1812 in
860 1772 1033 1813 civitate
1065 1771 1191 1813 multi
1220 1785 1310 1812 rem
1344 1785 1392 1812 ac
1422 1770 1505 1812 for-

169 1832 295 1870 tunas
337 1829 552 1883 amittere,
590 1833 639 1871 ut
668 1844 755 1871 non
786 1830 930 1884 plures
963 1844 1105 1871 secum
1136 1830 1181 1870 in
1212 1828 1387 1870 eandem
1418 1831 1505 1870 tra·
1594 1880 1595 1886 ἵ

169 1887 277 1928 hant
325 1888 628 1931 calamitatem.
700 1888 739 1929 A
790 1903 871 1943 quo
914 1888 1103 1943 periculo
1146 1887 1369 1941 prohibete
1413 1902 1503 1929 rem
1523 1899 1557 1925 30
1594 1890 1595 1896 ’

167 1945 388 2000 publicam
425 1949 467 1987 et
504 1946 610 1987 mihi
647 1947 821 2000 credite,
858 1947 901 1987 id
935 1947 1046 2001 quod
1076 1945 1160 2000 ipsi
1190 1945 1362 2000 videtis,
1398 1945 1504 1988 haec

170 2004 274 2045 fides
300 2007 427 2058 atque
458 2004 563 2045 haec
594 2006 704 2046 ratio
737 2005 1023 2059 pecuniarum,
1056 2018 1162 2057 quae
1188 2003 1363 2058 Romae,
1395 2019 1503 2059 quae

169 2064 214 2104 in
243 2061 338 2104 foro
364 2065 571 2116 versatur,
603 2063 809 2117 inplicata
840 2066 906 2104 est
937 2077 1031 2104 cum
1059 2062 1147 2103 illis
1174 2063 1362 2116 pecuniis
1382 2063 1503 2104 Asia-

169 2120 267 2162 ticis
299 2124 342 2162 et
373 2120 588 2174 cohaeret3
620 2136 741 2163 ruere
772 2122 846 2162 illa
876 2136 962 2162 non
993 2123 1186 2175 possunt,
1215 2124 1263 2162 ut
1288 2121 1392 2163 haec
1416 2135 1503 2163 non

171 2179 319 2221 eodem
362 2178 574 2221 labefacta
612 2182 731 2221 motu
769 2179 1005 2221 concidant.
1072 2177 1211 2227 Quare
1254 2179 1411 2232 videte,
1453 2193 1503 2221 ne
1520 2190 1554 2216 35

169 2251 256 2280 non
294 2237 573 2279 dubitandum
607 2238 727 2279 vobis
767 2238 824 2279 sit
861 2237 976 2278 omni
1008 2237 1148 2279 studio
1182 2237 1234 2279 ad
1264 2237 1307 2279 id
1339 2237 1501 2280 bellum

170 2296 426 2351 incumbere,
445 2296 491 2337 in
511 2310 592 2351 quo
614 2296 751 2350 gloria
771 2296 956 2337 nominis
975 2295 1120 2351 vestri,
1141 2296 1257 2337 salus
1278 2296 1501 2347 sociorum,
