1687 2533
242 105 327 146 372
636 105 729 140 PRO
756 104 794 141 P.
823 104 977 140 SULLA
1004 103 1195 140 ORATIO.

243 202 532 244 calamitatem
571 202 716 256 liceat,
752 201 796 242 id
835 200 917 241 sibi
948 215 1000 241 ne
1033 201 1246 256 eripiatis,
1285 215 1380 256 vos,
1416 201 1586 254 iudices,

171 272 216 303 90
243 261 497 302 obtestatur.
559 260 618 302 Te
650 261 791 314 ipsum
822 259 921 313 iam,
953 258 1182 313 Torquate,
1216 260 1430 314 expletum
1461 260 1586 302 huius

243 319 427 361 miseriis
466 334 558 361 esse
596 334 675 374 par
714 321 824 372 erat,
864 320 924 372 et,
967 318 1004 359 si
1038 318 1148 359 nihil
1182 318 1298 359 aliud
1330 317 1474 360 Sullae
1505 319 1589 361 nisi

243 378 512 420 consulatum
546 377 850 431 abstulissetiS,
882 379 1028 418 tamen
1060 391 1109 418 eo
1142 379 1366 419 contentos
1391 392 1468 419 vos
1494 392 1587 419 esse

244 437 491 492 oportebat,
517 436 692 478 honoris
721 436 834 477 enim
860 436 1078 477 contentio
1106 450 1183 478 vos
1211 436 1264 477 ad
1289 450 1475 491 causam,
1501 450 1587 478 non
1605 448 1623 474 5

242 496 495 537 inimicitiae
540 495 816 536 deduxerunt.
892 493 973 536 Sed
1018 509 1113 536 cum
1157 494 1256 536 huic
1301 495 1446 536 omnia
1490 510 1586 536 cum

242 554 405 595 honore
444 553 636 595 detracta
677 554 780 606 sint,
818 568 914 595 cum
951 553 997 594 in
1028 553 1109 594 hac
1141 553 1316 595 fortuna
1347 554 1588 595 miserrima

244 628 292 655 ac
324 613 646 654 luctuosissima
679 612 909 654 destitutus
936 612 1004 664 sit,
1037 612 1139 666 quid
1166 615 1243 663 est,
1275 613 1388 666 quod
1414 615 1586 666 expetas

244 672 461 726 amplius?
530 671 710 713 Lucisne
748 671 858 712 hane
899 686 1072 712 usuram
1113 671 1274 726 eripere
1313 671 1377 712 vis
1414 672 1587 726 plenam

243 731 517 772 lacrimarum
550 734 679 785 atque
712 730 929 783 maeroris,
960 730 1006 770 in
1039 744 1122 783 qua
1154 744 1249 771 cum
1280 730 1466 771 maximo
1499 745 1587 771 cru-
1608 742 1642 767 10

244 790 359 830 ciatu
386 804 435 830 ac
461 789 607 830 dolore
628 789 865 830 retinetur?
914 788 1117 829 Libenter
1137 788 1369 830 reddiderit
1389 788 1588 844 adempta

243 848 483 903 ignominia
519 847 756 889 foedissimi
790 847 991 888 criminis.
1053 847 1123 887 An
1155 862 1254 889 vero
1287 847 1508 889 inimicum
1540 850 1588 889 ut

245 907 464 961 expellas‘.>
510 907 628 948 cuius
675 921 723 947 ex
768 906 971 958 miseriis,
1016 906 1052 947 si
1096 920 1210 947 esses
1256 906 1589 959 crudelissimus,

174 976 216 1007 91
245 965 426 1007 videndo
459 965 648 1007 fructum
680 979 853 1020 caperes
885 965 1091 1006 maiorem
1125 979 1252 1018 quam
1285 965 1507 1007 audiendo.
1551 964 1585 1006 Ο

244 1024 445 1065 miserum
480 1027 523 1065 et
554 1024 767 1065 infelicem
792 1024 915 1064 illum
943 1023 1066 1076 diem,
1099 1037 1182 1078 quo
1210 1024 1360 1065 consul
1387 1024 1585 1066 omnibus
1607 1034 1641 1061 15

245 1083 449 1124 centuriis
481 1082 526 1123 P.
560 1081 680 1123 Sulla
711 1083 981 1123 renuntiatus
1016 1085 1098 1134 est,
1139 1097 1162 1123 o
1194 1081 1353 1123 falsam
1386 1097 1523 1136 spem,
1561 1097 1585 1124 ο

244 1141 463 1183 volucrem
502 1140 740 1193 fortunam,
787 1155 810 1182 o
849 1155 1018 1182 caecam
1057 1141 1356 1196 cupiditatem,
1403 1155 1427 1182 o
1464 1155 1586 1196 prae-

244 1202 464 1254 posteram
510 1200 862 1255 gratulationem!
933 1197 1069 1248 Quam
1115 1199 1200 1240 cito
1239 1199 1317 1240 illa
1354 1199 1498 1241 omnia
1537 1215 1587 1241 ex

244 1258 412 1299 laetitia
444 1262 486 1299 et
517 1258 740 1313 voluptate
773 1258 826 1299 ad
851 1258 1015 1299 luctum
1042 1260 1084 1299 et
1109 1258 1307 1299 lacrimas
1334 1258 1586 1312 reciderunt,

245 1320 309 1370 ut,
348 1317 420 1371 qui
450 1317 579 1372 paulo
613 1319 710 1358 ante
742 1316 892 1358 consul
925 1317 1173 1371 designatus
1205 1316 1375 1370 fuisset,
1411 1320 1587 1371 repente
1607 1329 1640 1354 20

244 1376 410 1416 nullum
442 1375 671 1430 vestigium
703 1375 909 1416 retineret
939 1375 1149 1430 pristinae
1182 1375 1426 1431 dignitatis!
1477 1375 1587 1425 Quid

247 1434 360 1475 enim
393 1437 486 1476 erat
517 1434 635 1487 mali,
667 1434 780 1488 quod
805 1434 904 1476 huic
930 1434 1114 1488 spoliato
1140 1434 1268 1487 fama,
1300 1434 1475 1489 honore,
1505 1435 1586 1476 for-

245 1493 361 1534 tunis
394 1493 539 1534 deesse
571 1493 815 1534 videretur?
848 1496 922 1534 aut
954 1493 1021 1534 cui
1045 1507 1181 1534 novae
1207 1493 1445 1534 calamitati
1468 1494 1588 1536 locus

244 1553 356 1593 ullus
389 1552 565 1593 relictus
598 1553 719 1593 esse?
780 1551 919 1607 Urget
952 1551 1099 1593 eadem
1129 1552 1321 1606 fortuna,
1355 1566 1462 1606 quae
1494 1567 1586 1594 coe-

245 1610 321 1665 pit,
352 1611 543 1665 repperit
576 1625 735 1652 novum
767 1625 1022 1664 maerorem,
1058 1624 1146 1651 non
1175 1610 1339 1665 patitur
1368 1610 1585 1653 hominem
1605 1621 1638 1648 25

247 1669 547 1710 calamitosum
580 1684 663 1711 uno
697 1669 811 1711 malo
845 1669 1064 1710 adflictum
1095 1683 1180 1710 uno
1212 1669 1257 1710 in
1287 1669 1404 1710 luctu
1434 1670 1585 1724 perire.

176 1713 231 1794 {³53
335 1726 418 1768 Sed
454 1728 541 1769 iam
579 1728 790 1783 impedior
822 1730 1010 1783 egomet,
1048 1727 1226 1782 iudices,
1263 1727 1409 1768 dolore
1442 1728 1585 1782 animi,

202 1784 219 1794 “
246 1800 298 1826 ne
337 1786 387 1826 de
424 1786 550 1827 huius
589 1787 762 1828 miseria
799 1787 924 1841 plura
956 1786 1105 1827 dicam.
1155 1786 1336 1828 Vestrae
1368 1789 1468 1827 sunt
1499 1788 1584 1828 iam

246 1846 404 1899 parteS,
435 1844 607 1898 iudices,
638 1845 683 1886 in
714 1848 857 1886 vestra
885 1845 1208 1886 mansuetudine
1236 1847 1363 1898 atque
1389 1845 1584 1887 humani-

247 1905 336 1943 tate
369 1917 540 1944 causam
572 1906 710 1945 totam
742 1918 915 1957 repono.
951 1903 1041 1945 Vos
1072 1904 1300 1944 reiectione
1330 1903 1584 1959 interposita
1603 1916 1638 1941 30

246 1961 354 2002 nihil
386 1961 703 2016 suspicantibus
734 1962 858 2004 nobis
891 1962 1104 2016 repentini
1128 1962 1174 2002 in
1197 1976 1275 2003 nos
1301 1961 1459 2004 iudices
1486 1977 1583 2005 con-

248 2019 420 2061 sedistis
460 2020 512 2060 ab
553 2022 871 2062 accusatoribus
905 2021 1056 2062 delecti
1089 2020 1142 2061 ad
1174 2034 1293 2074 spem
1326 2021 1583 2076 acerbitatis,

249 2093 276 2120 a
305 2077 481 2119 fortuna
511 2078 636 2119 nobis
670 2079 722 2120 ad
754 2079 1015 2134 praesidium
1047 2079 1316 2120 innocentiae
1348 2080 1583 2122 constituti.

247 2135 309 2178 Ut
348 2150 445 2192 ego,
493 2136 594 2191 quid
632 2137 681 2177 de
721 2152 787 2178 me
825 2138 1007 2192 populus
1045 2136 1264 2178 Romanus
1306 2138 1584 2192 existimaret,

248 2195 348 2249 quia
389 2209 559 2236 severus
597 2195 643 2235 in
681 2195 900 2250 improbos
931 2196 1114 2250 fueram,
1151 2196 1346 2237 laboravi
1377 2199 1437 2251 et,
1476 2212 1582 2251 quae
1601 2207 1634 2234 35

247 2253 388 2308 prima
419 2253 657 2294 innocentis
684 2254 790 2294 mihi
816 2254 1002 2295 defensio
1031 2256 1096 2295 est
1121 2254 1280 2308 oblata,
1312 2255 1489 2310 suscepi,
1521 2256 1582 2298 sic

247 2326 323 2353 vos
363 2312 635 2353 severitatem
674 2311 947 2367 iudiciorum,
985 2327 1092 2366 quae
1124 2327 1199 2366 per
1229 2313 1308 2354 hos
1340 2327 1505 2356 menses
1537 2314 1582 2355 in
