1619 2542
522 74 621 110 CAP.
649 78 788 109 34-36
816 78 835 117 g
861 78 1010 110 93—99.
1360 74 1441 115 137

97 172 182 213 iam
223 172 326 225 dixi,
364 171 488 212 ruina
525 171 732 225 quaedam
773 173 900 225 atque
932 173 1170 224 tempestas
1203 173 1245 212 et
1277 170 1443 225 quidvis

99 230 242 285 potius
294 246 423 285 quam
464 230 665 272 iudicium
708 231 782 271 aut
823 229 1077 284 disceptatio
1121 232 1195 271 aut
1237 229 1443 283 quaestio.

100 288 262 337 Quodsi
301 290 394 343 quis
436 292 519 342 est,
558 290 629 342 qui
661 288 769 329 illud
800 288 1002 330 iudicium
1035 288 1165 329 fuisse
1198 289 1445 341 arbitretur,

101 351 144 389 et
183 348 255 402 qui
292 348 359 389 his
398 349 524 388 rebus
565 347 764 388 iudicatis
804 347 1006 388 standum
1043 350 1185 401 putet,
1224 346 1261 388 is
1299 350 1445 388 tamen

65 418 80 443 5
100 407 210 448 hanc
253 421 425 448 causam
458 407 511 447 ab
544 406 620 447 illa
653 406 778 447 debet
811 406 1046 461 seiungere.
1108 406 1176 447 Ab
1208 406 1285 447 illo
1320 405 1445 458 enim,

101 466 189 507 sive
222 465 334 519 quod
365 465 409 505 in
440 465 581 520 legem
607 479 693 505 non
718 465 902 506 iurasset
928 465 1015 506 sive
1042 465 1154 519 quod
1180 479 1201 505 e
1227 465 1323 520 lege
1350 464 1446 505 sub-

102 524 279 565 sortitus
311 524 493 565 iudicem
525 538 612 564 non
645 526 778 575 esset,
810 524 948 564 multa
980 523 1115 577 petita
1147 537 1240 564 esse
1273 523 1445 576 dicitur3

101 582 272 624 Cluenti
305 586 446 624 autem
478 582 589 623 ratio
623 597 719 623 cum
750 582 837 623 illis
870 582 1050 637 legibus,
1084 583 1237 636 quibus
1271 597 1296 623 a
1322 582 1444 623 Iunio

101 642 238 682 multa
269 641 406 696 petita
438 643 516 695 est,
546 641 664 681 nulla
695 643 839 694 potest
865 655 914 682 ex
941 644 1062 695 parte
1089 655 1181 682 esse
1208 640 1446 682 coniuncta.

50 714 82 737 10
191 700 249 741 At
291 700 402 741 enim
445 701 574 741 etiam
616 699 780 740 Bulbus
823 702 888 741 est
929 700 1249 741 condemnatus.
1323 699 1444 740 Adde

102 758 393 812 ‘maiestatis',
430 761 479 799 ut
516 758 744 814 intellegas
777 758 858 799 hoc
891 759 1092 799 iudicium
1127 774 1222 799 cum
1254 758 1328 799 illo
1360 773 1446 799 non

103 833 194 860 esse
238 818 524 859 coniunctum.
593 817 653 858 At
701 819 765 858 est
802 817 984 858 11001111
1023 817 1181 858 crimen
1220 817 1446 858 obiectum.

102 876 270 930 Fateor,
304 877 377 918 sed
409 876 540 917 etiam
572 876 786 930 legionem
819 891 911 917 esse
938 876 992 917 ab
1020 890 1068 917 eo
1097 875 1376 917 sollicitatam
1402 875 1447 916 in

102 935 275 989 Illyrico
315 934 359 977 C.
397 933 581 976 Cosconi
628 935 784 975 litteris
831 937 873 975 et
912 935 1147 976 multorum
1186 934 1447 975 testimoniis

52 1006 84 1031 15
103 994 280 1048 planum
311 994 475 1035 factum
508 996 585 1047 est,
618 993 731 1047 quod
763 993 922 1035 crimen
956 996 1048 1035 erat
1080 993 1303 1047 proprium
1330 993 1446 1033 illius

104 1053 379 1107 quaestionis,
411 1055 454 1092 et
487 1066 595 1106 quae
620 1066 688 1093 res
715 1052 810 1107 lege
838 1052 1077 1093 maiestatis
1103 1052 1341 1093 tenebatur.
1389 1052 1447 1092 At

102 1111 184 1153 1100
217 1111 357 1152 obfuit
389 1111 426 1151 ei
457 1112 653 1152 maxime.
703 1110 794 1152 Iam
826 1111 912 1152 ista
944 1111 1150 1152 divinatio
1184 1113 1267 1164 est,
1301 1125 1385 1164 qua
1411 1111 1447 1150 si

103 1170 168 1211 uti
206 1171 324 1223 licet,
363 1170 477 1223 vide,
514 1184 568 1210 ne
606 1184 702 1210 mea
739 1170 983 1211 coniectura
1023 1170 1159 1211 multo
1201 1169 1257 1210 sit
1295 1169 1446 1210 verior.

104 1228 197 1283 Ego
231 1229 343 1269 enim
376 1228 436 1270 sic
469 1228 674 1281 arbitror,
705 1227 912 1281 Bulbum,
945 1229 1057 1283 quod
1088 1228 1217 1270 hoino
1250 1242 1447 1279 nequam,

53 1299 86 1323 20
104 1287 262 1341 turpis,
292 1287 534 1341 improbus,
567 1287 714 1328 multis
746 1287 925 1342 flagitiis
958 1287 1276 1328 contaminatus
1309 1287 1354 1327 in
1385 1286 1447 1326 iu-

106 1346 261 1387 dicium
299 1346 356 1387 sit
394 1346 620 1399 adductus,
661 1346 818 1387 idcirco
856 1346 1025 1387 facilius
1058 1360 1150 1386 esse
1184 1346 1447 1386 damnatum.

106 1404 170 1445 Tu
207 1404 312 1444 1111111
349 1419 399 1445 ex
436 1407 531 1446 tota
571 1419 699 1445 causa
730 1403 877 1457 Bulbi,
916 1405 1028 1458 quod
1063 1404 1143 1445 tibi
1177 1403 1446 1444 commodum

107 1465 187 1516 est,
221 1462 362 1516 eligis,
393 1465 441 1503 ut
472 1463 513 1503 id
547 1477 638 1503 esse
671 1466 839 1504 secutos
869 1463 1029 1504 iudices
1062 1462 1189 1503 dicas.

196 1519 466 1574 Quapropter
514 1521 595 1562 1100
636 1521 765 1562 Bulbi
814 1521 1017 1562 iudicium
1066 1535 1154 1561 non
1202 1521 1299 1574 plus
1348 1520 1448 1561 huic

55 1590 88 1616 ‘25
109 1580 258 1621 obesse
303 1593 454 1620 causae
494 1578 619 1620 debet
658 1594 783 1633 quam
823 1580 917 1633 illa,
963 1594 1070 1633 quae
1114 1581 1449 1620 commemorata

109 1640 208 1680 sunt
241 1638 294 1679 ab
327 1640 593 1691 accusatore,
626 1637 708 1678 duo
740 1637 896 1679 iudicia
926 1637 971 1678 P.
1004 1637 1144 1692 Popili
1177 1640 1219 1678 et
1250 1636 1312 1678 Ti.
1346 1636 1448 1678 Gut-

107 1700 190 1750 tae,
224 1696 296 1750 qui
328 1711 501 1738 causam
527 1696 576 1736 de
604 1695 768 1737 ambitu
796 1696 1004 1749 dixerunt,
1037 1696 1109 1750 qui
1135 1696 1324 1737 accusati
1351 1699 1450 1736 sunt

109 1756 162 1796 ab
202 1755 272 1807 iis,
311 1755 384 1809 qui
416 1757 538 1795 erant
568 1754 652 1808 ipsi
685 1755 871 1795 ambitus
903 1755 1192 1808 condemnati,
1230 1769 1336 1809 quos
1369 1768 1448 1809 ego

108 1828 195 1855 non
219 1814 376 1855 idcirco
410 1827 501 1854 esse
533 1813 720 1854 aiwbitior
750 1813 794 1854 in
823 1813 1041 1868 integium
1067 1813 1303 1866 restitutos,
1336 1813 1449 1867 quod

57 1883 91 1907 30
110 1873 286 1937 planum
328 1872 508 1913 fecerint
546 1872 646 1912 illos
688 1872 742 1913 ob
784 1886 872 1912 rem
915 1872 1183 1913 iudicandam
1224 1871 1449 1926 pecuniam

111 1931 340 1984 accepisse,
389 1931 463 1971 sed
509 1930 623 1984 quod
665 1930 876 1971 iudicibus
920 1931 1215 1985 probaverint,
1266 1945 1360 1972 cum
1404 1930 1449 1970 in

111 1989 257 2030 eodem
292 2003 457 2043 genere,
483 1989 528 2029 111
554 2004 635 2042 quo
662 1989 745 2043 ipsi
773 1989 1057 2044 offendissent,
1089 1989 1196 2030 alios
1223 1988 1448 2043 reprehen-

111 2047 289 2100 dissent,
333 2062 377 2088 se
422 2047 475 2088 ad
511 2047 703 2102 praemia
739 2047 846 2101 legis
884 2048 1028 2089 venire
1066 2050 1273 2102 oportere.
1342 2045 1449 2094 Qua-

110 2110 284 2160 propter
309 2106 523 2147 neminem
550 2106 745 2147 dubitare
774 2105 983 2160 existimo,
1010 2106 1112 2160 quin
1132 2107 1209 2147 illa
1230 2105 1448 2146 damnatio

59 2173 92 2199 35
112 2164 301 2205 ambitus
339 2165 460 2205 nulla
497 2179 546 2205 ex
577 2167 700 2219 parte
732 2179 827 2205 cum
860 2179 988 2206 causa
1019 2164 1190 2206 Cluenti
1221 2166 1448 2217 vestroque

111 2222 267 2264 iudicio
300 2223 526 2264 coniuncta
551 2237 642 2264 esse
674 2223 825 2277 possit.

1472 711 1517 743 97

1475 1545 1519 1576 98

200 2280 321 2335 Quid,
355 2281 467 2335 quod
499 2280 696 2322 Staienus
730 2284 795 2322 est
827 2281 1163 2322 condemnatus?
1225 2279 1326 2321 Non
1358 2279 1449 2321 dico
1475 2290 1538 2321 99⁷
