1687 2533
64 732 97 756 10

66 1025 98 1050 15

64 1320 98 1343 20

65 1904 98 1928 30

65 2195 99 2221 35

527 95 627 130 CAP.
657 100 793 130 11-13
820 99 838 138 g
865 100 1014 131 23—27.
1369 97 1456 138 525

116 206 383 246 perversum,
424 192 727 233 conturbatum
765 192 847 233 dici
878 194 1023 246 potest
1055 207 1181 247 quani
1215 207 1340 234 omne
1373 207 1456 233 ser-

116 251 269 292 vitium
313 252 521 304 permissu
573 252 854 306 magistratus
899 251 1130 292 liberatum
1180 253 1222 292 in
1273 252 1455 293 alteram

118 323 316 350 scaenam
349 310 606 362 immissum,
639 309 763 350 alteri
793 310 1106 364 praepositum,
1138 312 1186 351 ut
1219 311 1328 351 alter
1361 325 1456 351 con-

118 382 259 409 sessus
291 369 499 421 potestati
532 382 751 409 servorum
791 368 1048 422 obiceretur,
1087 369 1196 410 alter
1235 383 1454 410 servorum

116 429 233 468 totus
284 427 424 468 esset?
487 425 532 468 Si
582 441 758 468 examen
808 428 950 481 apium
1001 428 1112 469 ludis
1163 428 1206 468 in
1257 442 1455 469 scaenam

116 499 333 527 caveamve
373 486 577 536 venisset,
625 486 875 540 haruspices
920 487 1139 528 acciendos
1186 501 1235 528 ex
1279 486 1455 528 Etruria

116 547 383 598 putaremus,
422 545 611 586 videmus
649 545 836 586 universi
879 549 1053 599 repente
1095 546 1291 586 examina
1331 548 1455 586 tanta

118 617 335 644 servorum
385 603 578 645 immissa
627 603 671 644 in
714 604 919 658 populum
964 603 1206 645 Romanum
1258 607 1454 658 saeptum

117 665 246 715 atque
272 661 483 703 inclusum
509 665 551 703 et
576 677 663 703 non
689 663 1038 704 commovemur?
1071 664 1213 718 Atque
1240 664 1284 704 in
1310 664 1453 717 apium

116 719 301 761 fortasse
319 721 509 761 examine
525 735 603 762 nos
625 735 674 761 ex
700 720 981 774 Etruscorum
1002 722 1174 776 scriptis
1193 722 1454 776 haruspiceS,

116 781 164 820 ut
185 794 209 819 a
230 779 405 821 servitio
426 794 683 833 caveremus,
697 782 931 821 monerent.
958 780 1078 829 Quod
1098 781 1232 837 igitur
1246 796 1294 822 ex
1310 780 1453 836 aliquo
1480 791 1524 821 ‘26

117 838 304 879 diiuncto
326 838 575 893 diversoque
597 841 790 880 monstro
812 839 1100 894 significatum
1126 854 1383 893 caveremus,
1412 839 1454 880 id

117 911 212 938 cum
231 897 371 951 ipsum
393 897 476 938 sibi
496 900 737 939 monstrum
758 900 834 948 est7
862 900 904 938 et
924 912 1020 939 cum
1041 900 1084 939 in
1105 912 1152 939 eo
1175 900 1268 953 ipso
1292 899 1453 953 pericu-

117 956 204 996 lum
227 959 304 1008 est,
331 970 380 996 ex
401 970 483 1009 quo
504 956 737 1009 periculum
764 956 1046 1010 portenditur,
1073 971 1159 998 non
1184 958 1454 1011 pertimesce-

118 1014 241 1055 mus‘?
273 1013 403 1055 Istius
419 1015 533 1056 modi
547 1014 782 1069 Megalesia
802 1015 904 1056 fecit
924 1018 1047 1069 pater
1066 1019 1176 1069 tuus,
1192 1016 1317 1057 istius
1338 1015 1454 1056 modi

116 1073 324 1127 patruus?
356 1072 399 1113 Is
420 1073 524 1114 mihi
539 1073 668 1114 etiam
684 1074 851 1129 generis
867 1074 932 1114 sui
947 1075 1207 1115 mentionem
1221 1074 1338 1127 facit,
1358 1089 1454 1116 cum

116 1132 371 1173 Athenionis
398 1135 471 1172 aut
499 1130 695 1186 Spartaci
721 1133 914 1186 exemplo
940 1133 1062 1174 ludos
1088 1133 1227 1176 facere
1253 1134 1455 1174 maluerit

117 1205 243 1244 quam
264 1189 307 1232 C.
323 1193 396 1231 aut
416 1191 531 1245 Appi
552 1190 857 1233 Claudiorum?
894 1190 965 1232 Illi
992 1207 1087 1232 cum
1107 1192 1230 1233 ludos
1251 1191 1454 1244 facerent,

117 1263 261 1290 servos
281 1249 331 1290 de
351 1264 480 1290 cavea
501 1250 613 1291 exire
630 1250 853 1303 iubebant3
880 1254 926 1291 tu
950 1251 994 1291 in
1014 1251 1196 1291 alteram
1214 1265 1359 1292 servos
1377 1250 1454 1290 im-

117 1309 286 1361 misisti,
306 1322 355 1348 ex
376 1309 512 1349 altera
535 1308 694 1349 liberos
713 1308 886 1349 eiecisti.
922 1308 1086 1363 ltaque,
1109 1309 1181 1362 qui
1205 1311 1333 1350 antea
1351 1323 1454 1350 voce

116 1366 338 1421 praeconis
372 1382 397 1407 a
427 1366 574 1408 liberis
608 1367 945 1421 semovebantur,
977 1367 1062 1408 tuis
1095 1367 1205 1408 ludis
1232 1382 1318 1408 non
1339 1382 1454 1420 voce,

119 1425 192 1466 sed
213 1439 341 1466 manu
362 1424 520 1466 liberos
543 1440 568 1466 a
588 1440 631 1467 se
653 1426 951 1480 segregabant.
995 1425 1059 1468 Ne
1080 1426 1162 1467 hoc
1183 1426 1352 1480 quidem
1372 1426 1453 1466 tibi
1471 1427 1524 1467 13

117 1484 162 1524 in
194 1487 379 1525 mentem
418 1484 633 1537 veniebat,
673 1483 881 1538 Sibyllino
921 1484 1148 1538 sacerdoti,
1188 1484 1294 1525 haec
1336 1499 1455 1525 sacra

118 1544 300 1584 maiores
326 1545 498 1584 nostros
527 1558 576 1583 ex
601 1543 754 1584 vestris
781 1543 903 1584 libris
930 1543 1169 1598 expetisse?
1203 1543 1239 1584 si
1264 1543 1328 1583 illi
1356 1545 1455 1583 sunt

64 1612 77 1636 2
117 1602 262 1655 vestri,
295 1616 399 1655 quos
433 1604 478 1641 tu
510 1602 643 1655 impia
674 1604 817 1643 mente
850 1602 1081 1656 conquiris,
1114 1602 1288 1642 violatis
1321 1601 1453 1642 oculis

118 1659 238 1715 legis,
264 1660 566 1701 contaminatis
594 1661 791 1701 manibus
819 1661 1042 1701 adtrectas.
1092 1659 1186 1701 Hac
1204 1660 1338 1713 igitur
1358 1662 1453 1701 vate

118 1718 322 1759 suadente
360 1719 572 1772 quondam
611 1719 776 1759 defessa
813 1718 941 1759 Italia
973 1719 1132 1759 Punico
1171 1718 1286 1759 bello
1326 1720 1453 1772 atque

117 1777 167 1818 ab
193 1776 437 1817 Hannibale
468 1779 621 1817 vexata
653 1792 775 1818 sacra
806 1776 891 1818 ista
916 1777 1054 1818 nostri
1081 1776 1264 1818 maiores
1290 1777 1454 1818 adscita

118 1849 168 1876 ex
199 1835 391 1890 Phrygia
422 1834 583 1876 Romae
621 1836 916 1888 conlocarunt,
955 1850 1062 1889 quae
1100 1836 1165 1876 vir
1201 1836 1238 1876 is
1279 1837 1453 1890 accepit,

118 1893 189 1948 qui
228 1896 293 1934 est
330 1894 516 1947 optimus
555 1894 702 1947 populi
739 1894 920 1934 Romani
957 1894 1184 1947 iudicatus,
1221 1894 1266 1935 P.
1299 1893 1452 1947 Scipio,

118 1952 276 1993 femina
303 1955 456 2005 autem,
489 1966 595 2005 quae
622 1955 914 1993 matronarum
941 1953 1182 1994 castissima
1206 1952 1454 2007 putabatur,

120 2009 165 2058 Q.
188 2009 378 2060 Claudia,
410 2011 527 2051 cuius
553 2011 737 2064 priscam
762 2010 881 2051 illam
914 2011 1185 2052 severitatem
1219 2011 1452 2062 [sacrificii]

118 2069 293 2110 mirifice
319 2071 394 2109 tua
421 2083 542 2110 soror
567 2069 837 2110 existimatur
861 2070 1041 2111 imitata.
1092 2069 1213 2110 Nihil
1246 2071 1289 2109 te
1321 2069 1455 2123 igitur

118 2141 253 2181 neque
278 2127 460 2168 maiores
487 2127 551 2168 tui
576 2128 791 2169 coniuncti
812 2142 906 2169 cum
927 2128 994 2169 his
1014 2127 1297 2183 religionibus
1317 2142 1454 2181 neque

119 2186 403 2227 sacerdotium
440 2186 599 2239 ipsum,
639 2201 720 2240 quo
761 2189 826 2227 est
856 2186 960 2228 haec
991 2190 1085 2228 tota
1115 2185 1267 2241 religio
1300 2186 1454 2226 consti-

118 2245 224 2297 tuta,
254 2259 390 2299 neque
423 2245 580 2285 curulis
613 2245 820 2295 aedilitas,
854 2259 960 2300 quae
993 2246 1175 2286 maxime
1207 2244 1317 2285 hanc
1343 2244 1455 2285 tueri

113 2302 363 2357 religionem
387 2303 507 2356 solet,
528 2303 753 2358 permovit,
775 2318 857 2358 quo
879 2304 1018 2345 minus
1040 2302 1307 2345 castissimos
1328 2302 1453 2344 ludos

1481 1672 1499 1701 Ν)

1506 1672 1524 1702 —1
