1619 2542
591 96 692 134 CAP.
718 100 857 132 37—39
884 101 903 140 g
929 100 1079 132 80—85.
1403 97 1488 140 335

230 193 501 249 Quamquam
544 194 721 236 huiusce
765 193 827 235 rei
869 195 1065 248 potestas
1104 194 1244 236 omnis
1281 194 1328 235 in
1364 194 1487 236 vobis
1503 196 1556 237 39

142 254 227 295 sita
253 257 330 308 est,
355 253 533 307 iudices3
560 256 698 295 totam
724 267 813 294 rem
838 252 1053 307 publicam
1081 267 1157 295 vos
1182 252 1229 294 in
1252 253 1334 295 hac
1359 267 1489 295 causa

141 312 319 365 tenetis,
350 327 427 354 vos
460 312 722 367 gubernatis.
784 310 828 353 Si
859 310 904 353 L.
937 309 1124 353 Catilina
1155 326 1251 353 cum
1284 326 1361 354 suo
1395 326 1487 353 con-

143 371 236 413 silio
267 371 531 413 nefariorum
562 370 798 424 hominum,
832 384 938 424 quos
971 385 1115 412 secum
1141 370 1298 425 eduxit,
1329 371 1410 412 hac
1436 371 1487 413 de

105 441 122 468 5
141 445 187 471 re
218 432 366 485 posset
397 429 595 481 iudicare,
627 429 930 471 condemnaret
959 428 1008 470 L.
1026 428 1262 483 Murenam,
1296 430 1331 470 si
1356 429 1486 471 inter-

140 489 265 530 ficere
303 491 470 544 posset,
508 488 729 530 occideret.
790 487 950 529 Petunt
988 487 1103 529 enim
1134 489 1323 530 rationes
1355 488 1487 543 illius,

140 550 190 589 ut
236 547 411 589 orbetur
454 547 613 589 auxilio
653 561 720 588 res
758 547 950 601 publica,
993 549 1042 588 ut
1078 547 1296 588 minuatur
1334 551 1487 589 contra

142 620 265 648 suum
302 606 492 648 furorem
531 606 842 660 imperatorum
875 606 1016 660 copia,
1053 609 1102 647 ut
1132 606 1270 647 maior
1300 606 1485 648 facultas

140 665 327 706 tribunis
364 665 503 720 plebis
536 664 659 706 detur
691 664 869 719 depulso
902 664 1147 706 adversario
1181 664 1403 706 seditionis
1437 680 1485 707 ac

89 735 123 760 ιο
142 723 377 766 discordiae
410 724 699 765 concitandae.
760 722 934 764 Idemne
966 723 1100 779 igitur
1132 723 1287 765 delecti
1318 738 1368 765 ex
1399 738 1486 765 am-

140 783 349 838 plissimis
394 782 613 824 ordinibus
658 782 955 823 honestissimi
1000 785 1127 836 atque
1173 782 1486 837 sapientissimi

141 841 223 883 viri
260 841 528 894 iudicabunt,
572 841 683 896 quod
721 841 793 882 1116
832 841 1229 894 importunissimus
1268 841 1486 897 gladiator

139 899 279 941 hostis
311 900 373 941 rei
398 900 594 954 publicae
619 900 854 942 iudicaret?
898 900 1007 941 Mihi
1033 900 1204 952 credite,
1235 899 1408 954 iudices,
1439 900 1484 941 in

139 958 220 1000 hac
251 973 380 1001 causa
409 973 495 1001 non
527 959 667 1000 solum
700 959 751 1001 de
782 958 828 1000 L.
848 958 1064 1013 Murenae,
1095 974 1244 1001 verum
1271 958 1402 1000 etiam
1434 959 1484 1000 de

89 1028 121 1054 15
141 1020 286 1059 vestra
324 1018 463 1059 salute
496 1018 754 1059 sententiani
785 1017 944 1059 feretis.
1006 1017 1057 1059 In
1089 1018 1317 1059 discrimen
1349 1020 1484 1060 extre-

141 1091 258 1117 mum
290 1077 503 1131 venimus3
534 1077 642 1118 nihil
675 1079 741 1118 est
771 1076 870 1129 iam,
901 1077 1012 1118 unde
1037 1091 1116 1118 nos
1142 1076 1384 1118 reficiamus
1411 1080 1486 1118 aut

141 1135 214 1176 ubi
244 1135 356 1189 lapsi
387 1136 652 1177 resistamus.
700 1135 800 1178 Non
832 1135 972 1177 solum
1004 1135 1234 1177 minuenda
1264 1150 1352 1177 non
1383 1138 1484 1177 sunt

140 1194 310 1248 auxilia,
344 1208 452 1248 quae
483 1194 704 1248 habemus,
737 1195 809 1236 sed
842 1194 973 1235 etiam
999 1209 1121 1249 nova,
1154 1194 1191 1235 si
1214 1194 1309 1236 fieri
1333 1195 1483 1249 possit,

140 1253 438 1307 comparanda.
476 1252 627 1295 Hostis
653 1255 719 1293 est
745 1253 858 1294 enim
883 1268 970 1294 non
990 1253 1101 1308 apud
1123 1253 1344 1306 Anienem,
1370 1254 1483 1307 quod

87 1321 122 1347 20
140 1311 255 1352 bello
287 1311 446 1353 Punico
485 1312 789 1367 gravissimum
829 1312 968 1352 visum
1001 1314 1085 1365 est,
1124 1311 1197 1352 sed
1227 1311 1273 1352 in
1303 1312 1407 1352 urbe
1439 1312 1483 1352 in

140 1370 234 1411 foro
266 1370 327 1423 (di
353 1370 634 1411 immortales!
670 1370 759 1411 sine
786 1370 950 1424 gemitu
975 1370 1056 1411 hoc
1082 1370 1163 1411 dici
1189 1384 1275 1411 non
1299 1372 1483 1425 potest);

141 1442 228 1469 non
258 1443 382 1470 nemo
416 1429 545 1469 etiam
578 1429 622 1469 in
653 1429 728 1469 illo
761 1428 947 1469 sacrario
979 1429 1040 1469 rei
1066 1428 1276 1481 publicae,
1307 1428 1352 1469 in
1376 1428 1482 1483 ipsa,

141 1487 334 1541 inquam,
378 1487 497 1528 curia
532 1501 619 1528 non
655 1501 780 1528 nemo
818 1486 956 1527 hostis
995 1489 1072 1527 est.
1139 1486 1195 1527 Di
1235 1486 1391 1540 faxint,
1434 1489 1483 1528 ut

142 1559 260 1586 meus
292 1545 476 1600 collega,
507 1545 572 1586 vir
603 1545 882 1595 fortissimus,
914 1546 996 1587 hoc
1028 1543 1240 1586 Catilinae
1272 1545 1482 1586 nefarium

89 1615 122 1640 25
142 1603 415 1645 latrocinium
472 1605 663 1644 armatus
714 1603 948 1658 opprimat!
1004 1616 1084 1657 ego
1133 1606 1309 1658 togatus
1358 1603 1482 1646 vobis

142 1662 349 1716 bonisque
394 1662 591 1703 omnibus
630 1662 896 1703 adiutoribus
934 1662 1032 1715 hoc,
1077 1663 1189 1717 quod
1228 1665 1482 1716 conceptum

142 1735 210 1762 res
248 1720 421 1776 publica
456 1720 692 1775 periculum
729 1721 931 1775 parturit,
969 1722 1147 1762 consilio
1181 1721 1408 1763 discutiam
1440 1726 1482 1762 et

142 1779 433 1833 comprimam.
485 1778 566 1820 Sed
598 1779 699 1834 quid
729 1779 903 1820 tandem
935 1779 1021 1833 fiet,
1052 1780 1090 1820 si
1120 1779 1226 1821 haec
1258 1781 1405 1835 elapsa
1431 1780 1480 1821 de

143 1838 341 1878 manibus
361 1838 523 1879 nostris
543 1838 588 1879 in
608 1852 703 1879 611111
725 1852 896 1891 annum,
922 1838 994 1893 qui
1014 1838 1298 1892 consequitur,
1330 1839 1480 1880 redun-

90 1907 126 1933 30
144 1896 312 1938 darint?
363 1895 483 1938 Unus
516 1897 598 1938 erit
623 1896 784 1949 consul,
816 1898 858 1937 et
883 1896 920 1937 is
950 1911 1037 1938 non
1066 1896 1111 1938 in
1142 1897 1479 1938 administrando

142 1954 268 2008 bello,
301 1954 373 1995 sed
403 1955 449 1996 in
481 1954 728 1996 sufficiendo
761 1954 929 2010 collega
961 1958 1202 2010 occupatus.
1244 1956 1368 1997 Hunc
1394 1955 1480 1997 iam

144 2013 216 2065 qui
246 2012 493 2067 impedituri
525 2015 612 2055 sint
637 2011 716 2039 *ᾖ*
741 2012 819 2054 illa
844 2013 978 2066 pestis
1003 2013 1203 2056 immanis
1234 2014 1480 2069 importuna

144 2069 355 2112 Catilinae
370 2075 630 2127 prorumpet,
646 2086 729 2126 qua
744 2086 798 2126 po
815 2069 894 2096 *3²¹²
908 2072 1114 2127 minatur3
1132 2073 1177 2114 in
1191 2086 1316 2127 agros
1332 2072 1480 2113 subur-

143 2129 281 2170 banos
318 2133 493 2182 repente
531 2130 770 2183 advolabit3
806 2131 1049 2172 versabitur
1085 2131 1130 2172 in
1162 2130 1315 2172 rostris
1347 2130 1480 2181 furor,

93 2196 125 2223 35
146 2187 191 2227 in
221 2187 339 2229 curia
368 2188 509 2241 timor,
539 2188 585 2230 in
609 2188 702 2229 foro
730 2188 979 2242 coniuratio,
1009 2189 1054 2230 in
1080 2203 1231 2244 campo
1258 2188 1480 2243 exercitus,

144 2245 190 2286 in
216 2245 335 2301 agris
367 2248 568 2300 vastitas3
600 2247 717 2288 omni
750 2249 893 2288 autem
923 2247 1097 2301 insede
1124 2263 1172 2289 ac
1197 2248 1291 2288 loco
1319 2247 1480 2288 ferrum

143 2303 444 2358 flammamque
481 2309 736 2360 metuemus3
780 2319 887 2360 quae
923 2306 1009 2348 iam
1049 2306 1120 2348 diu
1158 2307 1480 2361 comparantur;

1510 911 1556 942 84

1507 1791 1550 1822 85
