1619 2542
122 2188 142 2227 l

126 2239 141 2268 1

160 106 187 147 2
531 104 625 140 PRO
653 104 700 140 M.
727 104 904 140 TULLIO
934 104 1128 141 ORATIO.

160 201 305 245 posset,
337 200 526 243 curarent,
558 209 605 233 ne
630 199 721 233 fines
746 199 819 233 nisi
848 209 886 233 se
912 199 1169 243 praesentibus
1194 199 1329 235 Fabius
1354 199 1505 235 demon-

162 249 306 283 straret.
351 247 446 281 Huic
472 246 613 281 domini
638 246 825 281 voluntati
851 245 1150 291 obtemperantes
1174 248 1307 291 petunt
1331 257 1354 281 a
1377 247 1505 290 Fabio,

161 297 204 329 ut
230 304 280 337 se,
307 305 391 328 cum
416 293 507 328 fines
534 294 729 329 ostendere
754 292 878 336 vellet,
906 293 1115 329 advocaret.
1165 293 1233 329 Ille
1259 304 1298 328 se
1322 294 1507 329 facturum

161 340 328 385 negavit,
354 340 430 375 illis
451 340 668 375 absentibus
689 339 778 374 fines
799 339 1079 375 demonstravit.
1117 339 1247 385 Neque
1266 342 1391 376 tamen
1409 340 1505 375 hanc

164 387 370 423 centuriam
386 388 630 432 Populianam
649 397 805 422 vacuam
824 386 997 429 tradidit;
1018 398 1103 421 nam
1122 398 1205 422 cum
1226 387 1323 423 servi
1342 388 1389 422 M.
1406 387 1505 422 Tulli

162 437 259 478 tum,
294 446 377 469 cum
402 435 493 469 fines
520 434 860 469 demonstrarentur
886 436 924 468 et
954 434 1107 469 traditio
1138 435 1389 479 perficeretur,
1424 445 1505 469 eam

163 484 349 524 tenerent,
380 481 632 526 ingredientes
663 479 774 515 facile
805 480 1057 526 reppulerunt.
1106 482 1156 516 Et
1180 482 1401 517 Acerronius
1427 482 1505 534 qui-

165 530 265 572 dem,
297 540 368 573 quo
400 529 511 563 1110ᾱο
542 527 684 572 potuit,
717 538 755 562 se
787 527 832 561 de
863 529 946 562 tota
975 539 1015 562 re
1048 529 1254 571 excusavit3
1291 539 1378 563 mox
1408 528 1506 563 enim

165 576 257 611 socii
291 576 440 611 fraudes
470 575 659 620 perspexit
688 575 920 618 multumque
950 576 1083 619 postea
1107 575 1178 610 sibi
1202 575 1411 621 gratulatus
1437 582 1505 619 est,

164 623 228 657 ubi
265 634 309 657 ex
345 622 497 667 negotio
536 633 618 656 cum
653 621 802 656 homine
839 623 916 657 eius
952 621 1053 657 modi
1087 624 1192 668 gesto
1202 604 1505 657 ⁰semiustulatus

165 669 306 714 effugit
344 669 479 704 Fabius
500 679 587 704 vero
609 669 767 713 emptori
787 668 832 703 de
853 669 1075 704 auctoritate
1097 669 1283 714 obligatus
1310 671 1348 704 et
1373 669 1504 704 acerbe

165 717 298 757 ferens,
324 718 423 761 quod
448 718 547 751 artes
574 727 662 750 suae
689 715 761 750 sibi
785 717 862 750 tam
882 714 980 749 male
1001 716 1212 760 cessissent,
1237 715 1324 750 dolo
1343 714 1420 749 vim
1440 716 1504 749 ad-

166 765 252 799 dere
287 764 483 808 Tullioque
520 762 737 798 vindicandi
775 762 832 796 sui
868 762 992 807 gratia
1029 762 1214 808 insignem
1252 762 1506 798 calamitatem

165 811 332 855 infligere
359 810 564 845 constituit.
614 809 777 843 Adducit
809 809 925 853 igitur
949 809 988 843 in
1014 810 1150 844 saltum
1173 810 1342 845 homines
1367 808 1506 844 electos

165 858 336 892 maximis
362 858 521 900 viribus,
553 857 664 891 armis
690 856 843 890 instruit
868 857 1038 900 omnique
1063 857 1263 892 violentiae
1289 857 1417 902 generi
1442 856 1505 891 ad-

166 905 322 939 suefacit
341 906 504 939 ceterum
524 903 650 938 odium
670 903 852 946 occulens,
880 904 1179 947 opportunitates
1200 904 1358 939 nocendi
1377 905 1506 949 capta—

166 954 281 987 turus.
331 952 483 986 Interim
516 950 628 985 etiam
661 950 805 985 Tullius
836 950 875 984 in
902 950 1105 985 Thurinum
1130 952 1247 994 venit,
1281 950 1346 985 sed
1369 950 1505 995 palam,

165 1010 240 1034 non
271 999 368 1033 clam
399 998 604 1043 profectus,
636 998 679 1031 ut
710 999 890 1042 appareat
922 1009 997 1033 non
1026 997 1246 1032 insidiarum
1278 1000 1316 1033 et
1344 998 1506 1032 rixarum

167 1057 294 1087 causa,
327 1046 392 1080 sed
426 1047 468 1079 ut
499 1056 605 1078 suum
631 1044 846 1079 defenderet
872 1055 894 1078 a
918 1045 1030 1079 vicini
1062 1044 1223 1088 iniuriis,
1260 1056 1283 1080 a
1313 1055 1384 1088 quo
1417 1044 1506 1088 quid

167 1092 438 1137 expectandum
473 1094 587 1135 esset,
624 1102 681 1126 res
716 1102 833 1135 nuper
866 1093 974 1136 gesta
1007 1092 1244 1135 ostendebat,
1279 1091 1319 1126 in
1351 1092 1507 1126 fundum

167 1151 273 1174 suum
305 1150 343 1174 se
369 1139 582 1174 contulisse.
634 1138 712 1180 Quo
739 1141 928 1183 comperto
956 1138 1090 1173 Fabius
1117 1139 1265 1174 fraudes
1291 1149 1375 1174 suas
1400 1149 1505 1183 prae-

168 1189 297 1221 ventas
332 1186 407 1221 iam
448 1185 671 1230 intellegens
714 1187 946 1220 occasionem
987 1197 1062 1220 non
1103 1186 1280 1231 opperiri,
1330 1185 1394 1220 sed
1428 1185 1466 1230 ip
1469 1195 1508 1219 se

166 1234 239 1267 sibi
264 1233 385 1268 facere
410 1232 520 1276 vique
547 1236 675 1277 aperta
700 1232 878 1267 adversus
904 1232 1067 1267 Tullium
1093 1243 1202 1277 agere
1229 1233 1370 1267 statuit.
1416 1231 1507 1267 Cum

163 1284 278 1327 igitur
310 1283 473 1326 quodam
504 1284 564 1317 die
597 1294 745 1317 servum
771 1283 871 1316 Tulli
901 1281 940 1316 in
965 1281 1174 1325 Populiana
1199 1281 1367 1314 centuria
1392 1279 1508 1314 anim-

163 1330 391 1372 adv-erteiet,
424 1329 513 1373 quid
546 1329 581 1363 ei
611 1329 652 1363 in
683 1339 748 1363 suo
775 1331 874 1363 esset
903 1328 1064 1372 negotii,
1097 1327 1310 1371 compellat.
1361 1326 1508 1369 Servus,

166 1377 198 1411 si
224 1377 313 1421 quid
343 1376 457 1412 vellet
487 1376 711 1421 disceptare,
743 1375 932 1410 dominum
964 1375 1099 1418 adiret,
1134 1376 1345 1421 respondet.
1394 1374 1505 1410 Profi-

167 1424 318 1459 ciscitur
348 1424 463 1468 igitur
494 1434 577 1458 cum
612 1422 812 1457 Acerronio
846 1427 945 1465 (nam
976 1422 1008 1456 is
1045 1434 1190 1467 quoque
1221 1423 1274 1457 ibi
1305 1425 1386 1457 tum
1410 1423 1504 1467 erat)

167 1472 215 1505 ad
248 1471 348 1505 Tulli
379 1470 507 1506 villam
538 1470 692 1512 Fabius3
730 1481 806 1504 rem
839 1469 1005 1513 exponit,
1043 1470 1205 1504 Tullium
1239 1481 1345 1504 suum
1378 1471 1504 1504 tenere

165 1518 405 1561 vociferatur,
438 1517 478 1551 id
510 1528 548 1552 se
579 1516 854 1551 vindicaturum
885 1517 1016 1559 iactat,
1049 1517 1232 1561 appellat,
1264 1519 1306 1551 ut
1337 1518 1401 1551 aut
1424 1517 1505 1561 ipse

165 1565 327 1600 Tullium
347 1565 546 1600 deduceret
571 1567 636 1599 aut
660 1565 706 1598 ab
733 1574 777 1598 eo
803 1563 1054 1598 deduceretur.
1093 1563 1237 1598 Tullius
1263 1574 1302 1598 se
1328 1563 1504 1598 deductu-

165 1624 246 1646 rum
273 1612 381 1654 dieit;
408 1611 661 1647 vadimonium
687 1610 802 1645 Fabio
828 1611 983 1645 Romam
1007 1611 1283 1655 promissurum.
1320 1611 1447 1645 Manet
1465 1610 1504 1643 in

167 1670 212 1693 ea
231 1659 446 1694 condicione
468 1658 622 1693 Tullius.
661 1657 883 1692 Disceditur
917 1658 1054 1692 Verum
1073 1658 1169 1692 enim
1193 1668 1281 1693 vero
1306 1658 1381 1692 vim
1398 1656 1504 1690 illam

166 1705 424 1750 imaginariam
454 1704 544 1740 iuris
572 1705 692 1739 civilis
717 1704 913 1749 praevenit
936 1704 1070 1739 Fabius
1103 1706 1140 1739 vi
1171 1704 1365 1748 armisque.
1416 1703 1502 1738 Pro-

166 1752 267 1787 xima
298 1752 396 1787 enim
424 1754 545 1796 nocte,
580 1752 656 1786 iam
693 1751 806 1787 fere
797 1763 859 1785 iux
888 1762 969 1786 011111
999 1753 1324 1803 appropinquaret,
1349 1749 1506 1785 veniunt

166 1800 205 1833 in
231 1799 457 1842 aedificium,
488 1798 586 1843 quod
613 1800 693 1833 erat
717 1800 754 1833 111
780 1798 945 1833 centuria
968 1799 1188 1844 Populiana,
1215 1797 1310 1832 servi
1333 1796 1372 1831 P
1399 1796 1505 1839 Fabi,

168 1847 361 1881 introitum
400 1845 471 1880 sibi
509 1846 546 1879 vi
584 1856 768 1890 manuque
807 1846 992 1890 aperiunt,
1031 1845 1198 1880 homines
1231 1845 1358 1889 magni
1394 1843 1506 1888 pretii

167 1892 215 1927 Μ.
244 1893 341 1927 suni
372 1893 789 1935 adoriuntu1,caedem
816 1894 979 1927 atrocem
1004 1892 1162 1934 faciunt,
1195 1893 1334 1926 tectum
1359 1890 1504 1925 villam-

168 1951 238 1984 que
270 1940 489 1974 disturbant.
540 1941 742 1974 Nuntiatur
772 1950 829 1973 res
855 1940 903 1974 Μ.
929 1939 1065 1981 Tullio3
1099 1939 1163 1982 qui
1193 1937 1388 1973 confestim
1418 1939 1505 1982 post

169 1988 357 2038 patratum
377 1986 530 2028 facinus,
551 1988 593 2020 ut
612 1988 790 2020 testatum
809 1988 924 2030 fieret,
949 1986 997 2020 ad
1016 1985 1154 2020 amicos
1174 1984 1292 2019 mittit
1310 1985 1503 2019 iudicium·

170 2045 240 2078 que
265 2034 316 2077 id,
341 2045 380 2067 in
406 2044 478 2077 quo
501 2034 626 2068 Cicero
646 2034 741 2067 hanc
763 2033 970 2068 clationem
988 2031 1130 2076 habuit,
1156 2033 1365 2077 praeparat

287 2201 421 2242 Antea
451 2201 509 2241 sic
539 2199 644 2240 hanc
674 2213 841 2241 causam
876 2212 990 2252 ayere
1022 2201 1259 2252 statueram,
1297 2211 1503 2251 recupera-

172 2263 302 2312 tores,
348 2263 395 2300 w}
439 2259 698 2311 infitiaturos
746 2257 1009 2299 adversarios
1056 2256 1287 2298 arbitrarer
1335 2259 1503 2298 tantam

172 2318 343 2359 caedem
382 2320 424 2359 et
461 2320 552 2358 tam
584 2319 771 2358 atrocem
803 2317 855 2358 ad
887 2315 1093 2357 familiam
1126 2329 1248 2356 suam
1278 2316 1502 2370 pertinere.
