1619 2542
571 71 672 107 CAP.
699 77 792 108 3—5
820 77 838 115 ξ
866 77 991 107 6—10.
1359 73 1441 114 291

108 169 316 224 populum
347 169 491 210 levare
521 168 678 223 possit,
716 168 842 223 eripit
873 168 1003 210 etiam
1036 183 1174 223 spem,
1213 183 1321 224 quae
1353 169 1447 210 sola

108 227 304 270 homines
341 227 386 268 in
423 226 609 268 miseriis
641 227 855 269 consolari
888 227 1009 268 solet.
1071 226 1193 268 Bona
1223 230 1447 282 praeterea

109 285 321 341 publicari
357 285 495 337 iubet,
533 286 668 327 vitam
700 286 839 327 solam
871 285 1072 340 relinquit
1102 286 1280 327 nefariis
1312 286 1447 328 homi-

108 345 255 398 nibus;
293 359 421 399 quam
459 344 496 385 si
526 344 769 398 eripuisset,
806 344 966 386 multos
997 359 1082 386 una
1114 344 1282 387 dolores
1314 345 1447 386 animi

73 407 238 458 5atque
279 403 469 458 corporis
507 405 552 443 et
589 403 726 444 omnis
766 403 974 444 scelerum
1011 418 1170 458 poenas
1206 404 1447 445 ademisset.

109 462 259 516 Itaque
291 464 340 502 ut
370 462 514 515 aliqua
542 461 587 502 in
610 461 701 503 vita
725 461 907 503 formido
934 462 1128 516 inprobis
1154 465 1268 504 esset
1292 463 1447 517 posita,

111 521 223 576 apud
254 520 413 562 inferos
445 520 534 561 eius
566 519 681 562 modi
714 520 922 574 quaedam
952 520 1019 561 illi
1045 521 1211 575 antiqui
1236 521 1448 576 supplicia

110 579 254 634 impiis
299 579 534 621 constituta
576 593 669 620 esse
713 579 957 633 voluerunt,
1001 579 1112 634 quod
1152 579 1350 621 videlicet.
1386 579 1447 621 in-

109 638 374 692 tellegebant
403 637 471 679 his
507 637 684 679 remotis
721 652 807 679 non
845 651 936 678 esse
969 640 1153 679 mortem
1184 638 1323 692 ipsam
1353 652 1443 693 per-

60 708 93 733 10
109 696 427 739 timescendam.

199 755 340 808 Nunc,
376 757 520 810 patres
558 755 805 809 conscripti,
843 768 922 810 ego
961 769 1056 796 mea
1093 755 1215 796 video
1251 755 1353 810 quid
1383 743 1501 825 111-Ξ)

111 814 247 856 tersit.
309 813 353 855 Si
385 813 504 855 eritis
537 814 672 856 secuti
705 815 960 854 sententiam
994 812 1037 855 O.
1064 812 1280 867 Caesaris,
1313 828 1448 868 quon-

111 874 197 915 iam
233 873 344 915 hanc
380 872 417 914 is
450 873 493 917 in
531 887 576 914 re
607 872 780 926 publica
811 873 942 926 viam,
976 887 1084 927 quae
1116 873 1339 927 popularis
1372 873 1445 913 ha-

111 933 253 982 betur,
290 934 458 973 secutus
496 934 578 984 est,
613 930 798 973 fortasse
831 931 968 972 minus
1002 933 1127 972 erunt
1157 931 1238 973 hoc
1273 933 1447 973 auctore

59 1001 93 1027 15
113 993 156 1032 et
199 990 419 1045 cognitore
462 990 636 1031 huiusce
678 989 915 1031 sententiae
959 989 1065 1030 mihi
1106 990 1334 1044 populares
1374 990 1449 1030 im-

111 1051 236 1104 petus
267 1049 612 1103 pertimescendi3
644 1048 710 1089 sin
742 1048 863 1089 illam
891 1049 1085 1101 alteram,
1116 1048 1257 1090 nescio
1284 1063 1340 1090 an
1365 1063 1450 1090 am-

111 1107 225 1162 plius
264 1107 369 1148 mihi
406 1107 569 1162 negotii
610 1106 899 1148 contrahatur.
962 1106 1044 1148 Sed
1075 1109 1221 1148 tamen
1254 1121 1448 1148 meorum

111 1166 396 1221 periculorum
427 1166 615 1207 rationes
647 1165 815 1207 utilitas
847 1165 908 1207 rei
939 1166 1136 1220 publicae
1167 1166 1323 1207 vincat.
1366 1164 1451 1206 Ha-

111 1225 260 1266 bemus
298 1224 411 1266 enim
449 1239 474 1266 a
506 1223 704 1277 Caesare,
741 1224 851 1265 sicut
887 1225 1021 1278 ipsius
1060 1224 1248 1277 dignitas
1290 1226 1333 1265 et
1364 1238 1452 1264 ma-

59 1295 94 1319 20
111 1283 250 1324 iorum
276 1283 365 1324 eius
393 1283 630 1338 amplitudo
656 1283 920 1337 postulabat,
946 1283 1203 1323 sententiam
1228 1285 1451 1336 tamquam

112 1341 303 1383 obsidem
341 1344 570 1396 perpetuae
607 1341 651 1382 in
689 1355 779 1382 rem
817 1340 1035 1395 publicam
1074 1340 1323 1382 voluntatis.
1385 1340 1452 1380 In-

113 1400 334 1441 tellectum
371 1403 453 1454 est,
491 1399 591 1453 quid
630 1399 858 1440 interesset
894 1399 1007 1439 inter
1038 1398 1260 1440 levitatem
1292 1398 1451 1440 contio·

112 1461 313 1499 natorum
363 1460 405 1498 et
455 1458 644 1498 animum
687 1472 783 1498 vere
828 1457 1081 1511 popularem
1129 1457 1259 1497 saluti
1302 1456 1451 1511 populi

117 1516 420 1558 consulentem.
469 1514 606 1556 Video
638 1515 688 1556 de
718 1515 831 1568 istis,
863 1515 935 1569 qui
967 1530 1011 1556 se
1042 1516 1271 1569 populares
1303 1514 1452 1555 haberi
1480 1527 1521 1558 10

59 1586 93 1612 25
114 1575 282 1628 volunt,
324 1574 473 1615 abesse
510 1588 597 1615 non
633 1573 864 1627 neminem,
904 1588 957 1614 ne
996 1573 1045 1614 de
1083 1574 1222 1627 capite
1254 1573 1451 1615 videlicet

118 1633 271 1674 civium
310 1631 602 1674 Romanorum
646 1632 904 1673 sententiam
947 1632 1068 1673 ferat.
1135 1631 1178 1673 Is
1217 1634 1260 1673 et
1296 1632 1450 1674 nudius

112 1692 265 1733 tertius
303 1690 349 1732 111
387 1690 623 1732 custodiam
663 1691 774 1731 cives
806 1690 1023 1731 Romanos
1062 1690 1178 1732 dedit
1216 1693 1259 1732 et
1291 1691 1451 1746 suppli-

114 1750 325 1792 cationem
364 1749 471 1790 mihi
508 1749 694 1790 decrevit
726 1752 769 1790 et
800 1748 957 1790 indices
989 1749 1189 1790 hesterno
1222 1749 1288 1790 die
1320 1750 1451 1790 maxi-

115 1809 197 1849 mis
238 1808 440 1863 praemiis
479 1807 643 1848 adfecit.
709 1805 803 1847 Iam
841 1807 921 1849 hoc
958 1807 1119 1848 nemini
1158 1807 1335 1849 dubium
1374 1812 1451 1861 est,

62 1878 98 1903 30
117 1867 187 1920 qui
230 1881 302 1908 reo
346 1866 602 1919 custodiam,
646 1866 880 1919 quaesitori
925 1866 1278 1921 gratulationem,
1322 1866 1451 1908 indici

114 1926 350 1978 praemium
381 1924 571 1978 decrerit,
603 1923 702 1978 quid
734 1923 783 1964 de
814 1926 908 1965 tota
938 1938 984 1965 re
1015 1927 1058 1965 et
1088 1939 1216 1966 causa
1240 1925 1450 1967 iudicarit.

116 1983 177 2023 At
206 1998 306 2024 vero
339 1981 385 2024 C.
417 1982 574 2025 Caesar
608 1982 824 2035 intellegit
854 1982 994 2037 legem
1026 1981 1324 2037 Semproniam
1357 1997 1449 2024 esse

117 2041 166 2081 de
204 2041 366 2082 civibus
403 2041 608 2082 Romanis
647 2042 945 2105 constitutam3
986 2041 1059 2095 qui
1097 2044 1240 2083 autem
1283 2041 1344 2082 rei
1376 2056 1450 2095 pu-

116 2099 252 2140 blicae
293 2099 349 2140 sit
378 2099 536 2153 hostis,
575 2114 669 2140 eum
702 2099 837 2140 civem
870 2113 962 2140 esse
992 2100 1112 2142 nullo
1146 2099 1272 2141 modo
1289 2113 1448 2164 posse;

65 2168 98 2194 35
118 2157 296 2211 denique
350 2157 492 2212 ipsum
553 2157 735 2199 latorem
790 2155 1067 2211 Semproniae
1122 2158 1232 2211 legis
1284 2157 1449 2198 iniussu

116 2216 263 2270 populi
299 2229 458 2269 poenas
498 2216 561 2257 rei
600 2216 796 2271 publicae
834 2215 1096 2270 dependisse
1157 2216 1275 2257 Idem
1307 2216 1449 2269 ipsum

115 2273 356 2327 Lentulum,
386 2274 634 2329 largitorem
660 2276 703 2315 et
727 2273 966 2329 prodigum,
996 2289 1081 2316 non
1108 2278 1245 2330 putat,
1277 2288 1371 2315 cum
1399 2273 1448 2314 de

1168 2342 1237 2376 19*
