1619 2542
103 947 144 978 10

107 2000 147 2030 11

172 78 255 119 104
517 78 609 113 PRO
636 77 677 113 A.
706 77 946 113 CLUENTIO
973 77 1160 114 ORATIO.

170 174 400 216 demnaret.
451 173 696 228 Ostendam,
728 175 899 228 iudices,
930 175 1128 229 primum,
1154 176 1354 230 quoniam
1379 180 1508 231 caput

168 234 286 274 illius
322 233 562 275 atrocitatis
596 237 722 287 atque
754 233 939 274 invidiae
970 233 1053 274 fuit
1084 234 1353 276 innocentem
1384 251 1506 290 pecu-

168 292 241 333 nia
278 292 632 345 circumventum,
668 292 883 333 neminem
920 307 1125 346 umquam
1164 293 1394 335 maioribus
1427 295 1506 336 cri-

171 351 356 391 minibus
385 351 653 406 gravioribus
680 351 863 391 testibus
891 364 981 391 esse
1001 351 1046 391 in
1066 350 1269 392 iudicium
1287 355 1507 407 vocatum3

171 409 319 450 deinde
358 423 407 450 ea
446 409 495 450 de
535 424 583 450 eo
622 409 881 462 praeiudicia
913 424 1003 450 esse
1035 410 1148 451 facta
1181 410 1234 451 ab
1267 411 1372 464 ipsis
1404 411 1506 453 iudi-

170 468 307 521 cibus,
356 483 380 509 a
418 468 570 522 quibus
610 467 916 509 condemnatus
955 471 1037 522 est,
1082 471 1129 509 ut
1164 483 1251 510 non
1289 469 1414 511 modo
1454 471 1506 511 ab

170 526 317 578 isdem,
350 526 423 567 sed
454 540 507 567 ne
540 526 593 567 ab
627 526 721 567 aliis
755 527 924 580 quidem
950 527 1048 568 ullis
1076 527 1243 568 absolvi
1267 528 1355 569 ullo
1382 529 1507 570 modo

171 589 328 640 posset.
372 583 480 625 Cum
511 582 615 625 liaec
647 585 840 638 docuero,
872 588 962 625 tum
995 585 1102 626 illud
1129 586 1362 640 ostendam,
1396 587 1508 641 quod

170 644 354 685 maxime
386 643 546 697 requiri
577 643 803 699 intellego,
835 644 1037 685 iudicium
1068 644 1174 685 illud
1206 646 1384 699 pecunia
1416 660 1507 687 esse

171 705 432 756 temptatum
463 717 550 743 non
582 717 606 743 a
639 701 848 755 Cluentio,
881 702 954 743 sed
986 705 1134 744 contra
1160 701 1417 756 Cluentium,
1448 704 1507 745 fa-

171 762 381 814 ciamque,
419 763 468 801 ut
504 761 786 815 intellegatis,
824 761 868 801 in
908 763 1002 802 tota
1040 761 1117 802 illa
1150 776 1277 802 causa
1309 762 1409 816 quid
1440 777 1507 803 res

170 821 264 874 ipsa
302 819 466 873 tulerit,
509 819 609 873 quid
647 834 765 861 error
804 819 1044 873 adfinxerit,
1084 820 1184 874 quid
1221 820 1382 862 invidia
1414 835 1508 863 con-

172 878 300 919 flarit.

259 936 452 977 Primum
489 936 622 991 igitur
660 937 766 977 illud
805 939 886 988 est,
930 952 987 979 ex.
1019 952 1101 991 quo
1139 937 1334 993 intellegi
1370 938 1509 992 possit

172 995 365 1036 debuisse
410 994 654 1036 Cluentium
704 1009 861 1050 magno
914 1010 1039 1050 opere
1090 1011 1239 1037 causae
1289 997 1508 1051 confidere,

172 1054 284 1108 quod
324 1054 575 1095 certissimis
615 1054 864 1095 criminibus
905 1057 946 1095 et
978 1054 1160 1095 testibus
1192 1054 1328 1096 fretus
1361 1055 1414 1096 ad
1445 1070 1509 1097 ac-

171 1112 404 1154 cusandum
437 1112 712 1153 descenderit.
773 1112 866 1153 Hoc
898 1113 992 1154 loco
1024 1113 1266 1154 faciendum
1300 1113 1416 1167 mihi,
1447 1114 1508 1154 iu-

172 1171 303 1224 dices,
342 1173 425 1224 est,
461 1173 509 1211 ut
546 1170 668 1211 vobis
707 1171 894 1211 breviter
932 1172 1026 1225 illa,
1066 1172 1218 1225 quibus
1252 1172 1404 1213 Albius
1444 1176 1509 1213 est

171 1229 491 1283 condemnatus,
524 1230 700 1270 crimina
732 1244 952 1284 exponam.
1014 1230 1104 1270 Abs
1136 1233 1177 1270 te
1209 1233 1321 1284 peto,
1354 1230 1508 1285 Oppia-

170 1288 284 1340 nice,
321 1291 369 1328 ut
406 1302 474 1328 me
511 1288 693 1328 invitum
733 1288 782 1328 de
822 1289 954 1342 patris
993 1288 1057 1328 tui
1095 1302 1222 1329 causa
1254 1289 1390 1330 dicere
1423 1289 1508 1329 exi-

172 1346 319 1387 stimes
348 1346 575 1387 adductum
600 1346 681 1387 fide
708 1349 834 1400 atque
856 1347 995 1388 officio
1017 1347 1286 1388 defensionis.
1323 1346 1508 1401 Etenim,

171 1405 251 1445 tibi
286 1405 322 1445 si
353 1406 397 1445 in
428 1404 672 1458 praesentia
704 1405 809 1446 satis
841 1404 980 1447 facere
1012 1420 1099 1446 non
1129 1408 1327 1460 potuero,
1365 1409 1509 1447 tamen

172 1464 333 1504 multae
372 1463 479 1504 mihi
516 1463 571 1504 ad
609 1464 713 1504 satis
750 1463 992 1505 faciendum
1030 1464 1191 1518 reliqu‘o
1225 1466 1418 1519 tempore
1448 1464 1509 1505 fa—

173 1523 354 1564 cultates
401 1522 634 1576 dabuntur3
679 1521 877 1564 Cluentio
924 1522 1008 1563 nisi
1052 1537 1162 1564 nunc
1207 1523 1311 1564 satis
1356 1522 1509 1576 fecero,

172 1583 323 1634 postea
364 1580 470 1621 mihi
508 1581 612 1621 satis
651 1581 833 1622 faciendi
871 1584 1063 1635 potestas
1101 1595 1187 1622 non
1219 1581 1311 1622 erit.
1373 1580 1542 1622 Simul2

173 1633 215 1680 et
240 1639 348 1680 illud
374 1639 467 1694 quis
494 1641 559 1680 est
585 1639 657 1694 qui
684 1639 878 1680 dubitare
901 1640 1064 1692 debeat,
1091 1642 1239 1680 contra
1259 1639 1508 1681 damnatum

173 1700 215 1738 et
259 1700 475 1738 mortuum
512 1712 589 1752 pro
628 1698 833 1739 incolumi
871 1701 912 1739 et
950 1713 1027 1753 pro
1066 1698 1163 1739 vivo
1204 1697 1369 1739 dicere?
1413 1712 1508 1739 cum

172 1756 249 1806 illi,
280 1755 325 1795 in
358 1770 483 1809 quem
516 1756 680 1808 dicitur,
713 1757 931 1798 damnatio
965 1771 1088 1798 omne
1113 1756 1372 1811 ignominiae
1398 1756 1510 1810 peri-

173 1814 315 1855 culum
353 1814 439 1854 iam
478 1815 724 1869 abstulerit,
766 1830 879 1856 mors
917 1829 1017 1857 vero
1057 1815 1186 1856 etiam
1225 1814 1400 1868 doloris,
1439 1815 1508 1856 hic
1567 1824 1569 1827 ⁴

174 1874 334 1924 autem,
365 1887 442 1926 pro
477 1888 559 1927 quo
594 1873 790 1927 dicimus,
820 1873 929 1914 nihil
960 1873 1098 1927 possit
1129 1872 1372 1914 offensionis
1406 1873 1508 1914 acci·
1528 1886 1541 1910 3

173 1945 269 1984 pere
302 1931 392 1971 sine
425 1932 699 1973 acerbissimo
733 1932 863 1973 animi
895 1946 1020 1973 sensu
1047 1946 1095 1972 ac
1121 1931 1320 1972 molestia
1351 1933 1394 1972 et
1419 1931 1508 1972 sine

179 2003 343 2030 summo
377 1989 578 2030 dedecore
610 1990 722 2031 vitae
756 1993 798 2031 et
824 1990 1095 2044 turpitudine.
1141 1988 1281 2043 Atque
1313 1992 1361 2030 ut
1386 1989 1509 2031 intel-

172 2048 329 2102 legatis
363 2046 604 2089 Cluentium
636 2063 722 2090 non
754 2047 1018 2090 accusatorio
1052 2047 1212 2101 animo,
1252 2062 1337 2090 non
1371 2050 1509 2090 osten-

173 2107 337 2147 tatione
376 2106 520 2160 aliqua
558 2109 632 2147 aut
672 2107 810 2159 gloria
842 2107 1086 2159 adductum,
1124 2106 1197 2146 sed
1233 2106 1408 2147 nefariis
1445 2107 1508 2147 in-

174 2164 310 2215 iuriis,
350 2164 574 2206 cotidianis
606 2165 791 2217 insidiis,
829 2164 1051 2219 proposito
1086 2166 1184 2205 ante
1217 2165 1363 2206 oculos
1395 2164 1508 2206 vitae
1528 2176 1541 2200 2

172 2222 362 2277 periculo
394 2237 550 2264 nomen
576 2222 800 2277 Oppianici
832 2223 1046 2276 detulisse,
1077 2223 1206 2276 paulo
1240 2223 1410 2278 longius
1443 2237 1508 2263 ex-

174 2281 340 2322 ordium
372 2282 434 2322 rei
467 2281 822 2322 demonstrandae
854 2283 1015 2335 petam3
1049 2281 1161 2334 quod
1195 2295 1371 2335 quaeso,
1402 2280 1509 2322 iudi-

1528 716 1564 741 10

1529 1007 1564 1034 15

1529 1301 1563 1326 20
