1687 2533
543 94 644 129 CAR
671 96 810 128 21—--24
836 96 855 135 ξ
881 96 1032 128 45-50.
1371 92 1456 133 535

116 190 298 234 crudelis
331 190 428 245 mei,
457 192 548 231 tam
581 190 812 232 sceleratus
844 189 905 231 rei
937 188 1134 244 publicae
1159 190 1338 230 vexator
1365 203 1456 230 esse

115 249 356 307 potuisset?
423 247 541 290 Idem
584 251 864 303 posteaquam
908 248 1120 302 respirare
1157 261 1234 289 vos
1279 262 1304 289 a
1340 250 1456 288 metu
1472 232 1527 273 23

116 308 267 359 caedis,
300 322 516 363 emergere
550 307 852 350 auctoritatem
879 309 1068 348 vestram
1095 321 1116 347 0
1142 306 1343 348 fluctibus
1370 306 1456 347 illis

119 367 353 421 servitutis,
397 366 650 408 reviviscere
693 366 944 407 memoriam
991 380 1039 407 ac
1078 365 1336 407 desiderium
1374 365 1458 406 mei

81 426 243 480 5vidit,
286 401 408 467 1701113
453 440 496 467 30
541 425 680 480 coepit
719 425 860 466 subito
897 424 1177 466 fallacissime
1216 424 1458 479 venditare3

117 489 210 526 tum
254 485 372 540 leges
412 484 543 526 Iulias
582 487 732 526 contra
769 484 960 538 auspicia
998 484 1109 525 latas
1148 486 1191 526 et
1227 483 1297 524 1110
1336 486 1378 524 01
1414 482 1458 523 111

118 544 389 586 contionibus
430 543 584 596 dicere,
631 544 676 584 in
714 543 867 598 quibus
906 542 1074 598 legibus
1114 542 1254 583 inerat
1292 542 1458 583 curiata

116 603 193 644 illa
218 604 298 657 leX,
330 617 437 657 quae
463 604 603 643 totum
631 602 720 643 eius
746 602 1016 643 tribunatum
1043 601 1303 653 continebat,
1329 615 1458 655 quam

118 676 267 704 caecus
306 662 493 703 amentia
529 676 615 703 non
652 661 842 714 videbat,
880 660 1144 715 producebat
1174 659 1458 701 fortissimum

66 734 99 759 10
118 721 271 774 virum,
302 720 358 764 M.
379 720 601 774 Bibulum,
634 720 865 774 quaerebat
897 734 947 772 ex
974 734 1035 773 eo,
1068 718 1112 761 C.
1133 717 1314 760 Caesare
1340 719 1458 773 leges

117 779 281 821 ferente
318 779 368 820 de
406 779 522 820 caelo
562 793 783 834 semperne
815 781 1039 820 servasset.
1102 776 1278 832 Semper
1310 792 1353 819 se
1384 777 1459 818 ille

120 852 311 880 servasse
343 838 522 880 dicebat.
571 838 769 892 Augures
801 837 1113 893 interrogabat,
1145 851 1252 891 quae
1281 836 1344 877 ita
1369 836 1459 877 lata

121 900 280 951 essent,
317 899 485 939 rectene
523 897 615 938 lata
653 899 805 938 essent.
866 896 939 937 Illi
969 896 1074 937 vitio
1107 896 1196 937 lata
1228 909 1320 936 esse
1353 894 1460 936 dice-

119 957 236 998 bant.
297 955 510 997 Ferebant
547 956 591 996 in
623 956 756 997 oeulis
788 955 1007 996 hominem
1040 954 1212 1009 quidam
1245 954 1347 995 boni
1379 953 1460 994 viri

68 1029 100 1054 15
122 1018 163 1056 et
205 1015 254 1056 de
294 1028 360 1055 me
399 1014 557 1069 optime
589 1014 749 1068 meriti,
787 1014 860 1055 sed
891 1014 1028 1067 illius,
1066 1017 1114 1054 ut
1146 1027 1226 1068 ego
1261 1012 1460 1065 arbitror,

120 1073 276 1115 furoris
308 1073 460 1128 ignari.
510 1072 700 1128 Longius
733 1073 960 1127 processit3
992 1073 1036 1113 in
1068 1073 1210 1126 ipsum
1242 1070 1317 1113 Cn.
1336 1070 1460 1112 Pom-

120 1133 277 1187 peium,
303 1134 532 1186 auctorem,
558 1135 606 1172 ut
631 1131 877 1186 praedicare
904 1135 968 1172 est
988 1131 1155 1185 solitus,
1182 1130 1459 1172 consiliorum

123 1205 314 1245 suorum,
350 1191 496 1232 invehi
534 1190 691 1245 coepit,
732 1190 871 1231 inibat
909 1190 1095 1245 gratiam
1134 1204 1158 1231 a
1194 1204 1282 1231 non
1318 1188 1460 1229 nullis.

123 1250 231 1291 Tum
268 1264 368 1291 vero
407 1250 543 1290 elatus
575 1252 633 1291 est
663 1264 737 1303 spe
769 1263 896 1303 posse
929 1263 991 1302 se,
1031 1248 1231 1303 quoniam
1262 1250 1459 1302 togatum

70 1319 104 1343 20
124 1308 346 1350 domestici
383 1308 487 1349 belli
524 1308 804 1349 extinctorem
840 1306 1005 1348 nefario
1045 1307 1203 1348 scelere
1235 1306 1462 1358 foedasset,

123 1367 248 1408 illum
288 1367 435 1418 etiam,
472 1366 594 1407 illum
632 1369 905 1407 externorum
942 1365 1156 1407 bellorum
1187 1364 1461 1418 hostiumque

123 1426 329 1467 victorem
374 1424 592 1480 adfligere3
635 1428 726 1466 tum
772 1427 837 1466 est
874 1425 952 1465 illa
988 1425 1032 1465 in
1069 1424 1230 1478 templo
1271 1422 1462 1464 Castoris

124 1485 331 1526 scelerata
357 1487 399 1525 et
424 1499 558 1539 paene
584 1484 763 1525 deletrix
788 1484 914 1524 huius
941 1483 1111 1537 imperii
1131 1483 1218 1523 sica
1238 1482 1463 1536 deprensa3

125 1546 217 1584 tum
249 1543 334 1597 ille,
366 1543 433 1584 cui
464 1544 582 1584 nulla
612 1542 804 1584 hostium
837 1542 995 1583 diutius
1022 1541 1123 1582 urbs
1151 1555 1355 1595 umquam
1379 1539 1463 1580 fuit

73 1613 106 1639 25
126 1602 283 1654 clausa,
310 1602 381 1656 qui
401 1602 540 1643 omnis
562 1602 797 1656 angustias,
818 1601 956 1642 omnis
978 1599 1226 1641 altitudines
1248 1598 1464 1640 moenium

127 1661 316 1702 obiectas
349 1674 515 1714 semper
545 1661 588 1701 vi
620 1675 668 1701 ac
699 1661 857 1700 virtute
889 1659 1108 1714 perfregit,
1142 1672 1340 1711 opsessus
1372 1657 1464 1711 ipse

128 1721 193 1760 est
226 1718 341 1759 domi
373 1733 522 1772 meque
554 1733 641 1759 non
671 1719 791 1759 nulla
822 1718 1121 1772 imperitorum
1147 1716 1464 1770 vituperatione

126 1777 371 1818 timiditatis
405 1791 522 1818 meae
555 1777 734 1818 consilio
766 1779 809 1818 et
832 1776 946 1817 facto
975 1790 1051 1817 suo
1077 1775 1288 1817 liberavit.
1338 1773 1465 1826 Nam,

129 1836 161 1877 si
197 1834 272 1878 Cn.
297 1835 513 1890 Pompeio,
543 1835 635 1876 viro
666 1835 740 1876 uni
773 1835 963 1876 omnium
994 1834 1245 1888 fortissimo,
1278 1834 1465 1888 quicum-

75 1907 109 1932 30
129 1909 208 1949 que
234 1894 327 1935 nati
354 1897 465 1947 sunt,
497 1893 701 1935 miserum
726 1894 864 1949 magis
890 1893 973 1934 fuit
1000 1908 1128 1947 quam
1152 1896 1290 1946 turpe,
1323 1906 1467 1946 qua-m-

129 1953 200 1994 diu
236 1953 309 1994 ille
346 1952 543 1994 tribunus
581 1953 636 2006 pl.
662 1952 757 2005 fuit,
794 1953 930 1993 lucem
967 1966 1054 1993 non
1085 1952 1285 2005 aspicere,
1323 1964 1466 1991 carere

128 2012 312 2066 publico,
338 2011 475 2052 minas
504 2011 592 2052 eius
612 2010 813 2065 perferre,
838 2025 933 2052 cum
953 2011 997 2051 in
1016 2010 1288 2052 contionibus
1309 2008 1468 2050 diceret

129 2071 238 2111 velle
272 2085 316 2111 se
350 2070 396 2110 in
427 2069 595 2110 Carinis
629 2069 851 2111 aedificare
883 2070 1064 2110 alteram
1096 2068 1327 2123 porticum,
1360 2081 1467 2122 quae

129 2128 298 2170 Palatio
337 2128 630 2183 responderet,
670 2131 781 2169 certe
820 2128 926 2168 mihi
964 2128 1078 2169 exire
1120 2127 1246 2168 domo
1286 2140 1382 2166 mea
1415 2125 1468 2166 ad

76 2198 111 2224 35
130 2188 346 2242 privatum
391 2187 580 2228 dolorem
623 2186 705 2227 fuit
749 2187 1010 2240 luctuosum,
1054 2185 1108 2226 ad
1151 2185 1362 2226 rationem
1406 2183 1467 2224 rei

130 2245 327 2311 publicae
366 2245 612 2301 gloriosum.
680 2244 847 2286 Videtis
885 2220 1018 2299 igitui
1055 2243 1272 2284 hominem
1310 2256 1385 2308 per
1424 2256 1467 2282 se

130 2304 272 2361 ipsum
309 2304 395 2345 iam
432 2303 598 2358 pridem
636 2303 853 2345 adflictum
891 2317 938 2344 ac
970 2303 1180 2344 iacentem
1217 2279 1513 2357 perniciosis5

1484 285 1527 315 48

1487 1255 1530 1287 49

1483 2226 1539 2308 254
