1619 2542
524 90 626 125 CAP.
653 94 790 125 31—33
817 93 836 132 ξ
863 92 930 123 89-
957 92 1012 124 95.
1383 89 1438 130 69

99 186 182 228 nisi
213 186 336 227 docet
367 186 429 227 ita
467 200 512 227 se
543 185 802 241 possedisse,
838 189 885 227 ut
913 199 990 226 nec
1021 184 1065 227 vi
1096 199 1173 226 nec
1212 184 1325 226 clam
1362 199 1438 227 nec

101 245 291 299 precario
318 244 568 300 possederit.
622 243 771 299 Itaque
797 244 846 298 is,
879 244 951 298 qui
976 258 1021 285 39
1047 243 1287 285 restituisse
1320 243 1438 296 dixit,

100 318 258 359 magna
288 318 390 345 voce
424 318 550 358 saepe
583 303 776 345 confiteri
813 303 924 344 solet
957 317 1001 344 se
1033 302 1076 344 vi
1114 302 1333 356 deiecisse,
1372 317 1439 343 ve-

100 377 195 404 rum
221 362 328 404 illud
355 362 489 403 addit:
522 360 642 403 ‘Non
668 360 940 417 possidebat'
966 361 1033 403 vel
1063 361 1205 415 etiam,
1234 375 1331 403 cum
1355 361 1437 403 hoc

66 431 82 456 5
103 421 244 475 ipsum
276 420 495 473 concessit,
527 420 661 462 vincit
693 424 837 462 tamen
869 420 1162 475 sponsionem,
1193 420 1230 462 si
1261 420 1439 474 planum

101 480 204 521 facit
236 480 288 522 ab
322 494 366 520 se
391 479 515 520 illum
548 481 622 520 aut
655 479 694 520 vi
727 482 801 520 aut
827 480 937 521 clam
965 481 1039 520 aut
1069 479 1262 534 precario
1294 492 1438 533 posse-

101 538 223 579 disse.
289 537 528 592 Videtisne,
573 540 677 592 quot
712 537 1032 579 defensionibus
1071 551 1185 592 eum,
1231 539 1304 592 qui
1347 537 1436 578 sine

101 596 231 638 armis
264 611 312 638 ac
349 596 624 637 multitudine
659 596 742 637 vim
780 596 946 650 fecerit,
987 596 1051 637 uti
1087 610 1214 651 posse
1252 595 1437 637 maiores

100 655 343 697 voluerint?
387 654 512 696 Hunc
534 669 647 709 vero,
674 655 746 710 qui
772 655 825 696 ab
852 655 955 708 iure,
982 654 1136 709 officio,
1162 655 1287 696 bonis
1313 654 1440 696 mori-

0 725 1 753 1
48 723 82 748 10
100 714 180 755 bus
220 714 273 755 ad
303 714 480 767 ferrum,
515 714 568 755 ad
606 729 741 769 arma,
783 714 835 755 ad
873 713 1044 755 caedem
1076 713 1330 769 confugerit,
1362 728 1440 754 nu-

102 773 201 814 dum
232 772 277 814 in
308 787 436 814 causa
468 772 722 814 destitutum
754 772 926 826 videtis,
957 775 1022 825 ut,
1060 773 1133 826 qui
1165 774 1356 814 armatus
1389 771 1439 813 de

100 832 371 886 possessione
403 831 708 885 contendisset,
747 831 936 872 inermus
968 832 1094 885 plane
1126 831 1176 872 de
1209 830 1439 885 sponsione

102 892 295 931 certaret.
355 889 521 944 Ecquid
552 889 686 946 igitur
716 890 913 944 interest,
946 889 1062 943 Piso,
1096 889 1208 931 inter
1240 890 1345 931 haec
1375 889 1438 930 in-

101 948 311 990 terdicta?
349 948 497 1004 ecquid
536 949 731 1001 interest,
771 951 916 990 utrum
955 947 998 989 in
1034 948 1116 990 hoc
1154 949 1210 989 sit
1248 948 1439 989 additum

49 1016 82 1041 15
102 1006 210 1049 eCUM
237 1007 286 1049 Α.
311 1005 516 1049 CAECINA
541 1007 838 1049 POSSIDERET’
865 1007 1025 1049 necne?
1070 1006 1234 1062 Ecquid
1259 1009 1303 1048 te
1328 1006 1438 1048 ratio

100 1066 224 1120 iuris,
263 1066 412 1121 ecquid
447 1065 774 1108 interdictorum
806 1065 1129 1118 dissimilitudo,
1164 1065 1314 1120 ecquid
1346 1079 1439 1106 auc-

101 1125 255 1166 toritas
287 1125 497 1166 maiorum
526 1125 795 1166 commovet?
847 1124 894 1166 Si
925 1127 1039 1166 esset
1071 1123 1275 1179 additum,
1307 1123 1357 1165 de
1390 1138 1439 1164 90

103 1183 251 1237 quaeri
282 1186 518 1249 oporteret3
556 1183 748 1225 additum
779 1198 866 1225 non
899 1185 982 1237 est,
1019 1186 1166 1224 tamen
1198 1182 1439 1238 oportebit?

102 1242 245 1296 Atque
292 1256 371 1298 ego
410 1242 454 1283 in
494 1242 576 1283 hoc
615 1241 841 1283 Caecinam
886 1256 973 1283 non
1010 1241 1208 1295 defendo;
1250 1241 1441 1296 possedit

0 1301 1 1312 ¹
50 1309 83 1333 ‘20
104 1300 216 1342 enim
243 1299 435 1354 Caecina,
466 1303 805 1356 recuperatores·
838 1303 880 1342 et
909 1300 964 1354 id,
995 1300 1168 1341 tametsi
1195 1303 1316 1341 extia
1347 1314 1440 1341 cau-

104 1374 196 1400 sam
235 1362 317 1413 est,
355 1374 599 1413 percurram
631 1362 776 1400 tamen
813 1359 951 1412 brevi,
989 1361 1036 1399 ut
1066 1373 1153 1400 non
1189 1358 1329 1400 minus
1367 1358 1440 1399 ho-

104 1417 261 1458 minem
298 1418 439 1472 ipsum
478 1433 606 1473 quam
649 1418 715 1459 ius
760 1431 982 1459 commune
1020 1417 1241 1458 defensum
1284 1416 1440 1458 velitis.

106 1474 385 1517 Caesenniam
435 1478 678 1531 possedisse
728 1479 905 1531 propter
951 1490 1075 1516 usum
1117 1475 1306 1516 fructum
1354 1489 1441 1516 non

104 1548 247 1589 negas.
311 1534 392 1583 Qui
424 1535 601 1577 colonus
640 1535 792 1576 habuit
829 1534 1083 1575 conductum
1121 1533 1171 1574 de
1204 1532 1441 1574 Caesennia

52 1601 85 1626 25
104 1593 300 1645 fundum,
344 1607 438 1634 cum
476 1593 587 1634 idem
626 1607 676 1634 ex
716 1592 864 1634 eadem
904 1592 1182 1634 conductione
1225 1592 1354 1633 fuerit
1396 1592 1442 1632 in

104 1650 249 1704 fundo,
281 1651 455 1692 dubium
484 1655 559 1706 est,
592 1652 707 1706 quin,
739 1652 774 1692 si
801 1649 1036 1693 Caesennia
1065 1653 1156 1691 tum
1182 1650 1440 1704 possidebat,

107 1724 201 1751 cum
234 1712 327 1751 erat
358 1710 533 1751 colonus
570 1710 613 1750 in
650 1709 800 1762 fundo,
836 1711 937 1764 post
968 1708 1057 1749 eius
1095 1712 1279 1750 mortem
1316 1709 1440 1750 heres

107 1768 254 1810 eodem
284 1768 374 1809 iure
400 1768 666 1822 possederit?
717 1768 878 1809 Deinde
910 1767 1001 1821 ipse
1028 1767 1208 1809 Caecina
1237 1782 1333 1810 cum
1364 1767 1441 1809 cir—

108 1826 242 1868 cuiret
272 1827 457 1881 praedia,
488 1827 604 1868 venit
634 1827 678 1867 in
708 1826 840 1868 istum
871 1825 1062 1877 fundum,
1093 1826 1283 1868 rationes
1317 1841 1341 1868 a
1373 1840 1441 1868 co·

54 1892 88 1918 30
108 1885 207 1926 10110
246 1885 420 1940 accepit.
481 1884 590 1926 Sunt
626 1886 671 1926 in
709 1900 801 1926 eam
839 1899 928 1926 rem
964 1885 1222 1926 testimonia.
1283 1885 1441 1927 Postea

108 1958 182 1986 cur
208 1946 266 1997 tu,
299 1943 471 1997 Aebuti,
503 1944 552 1985 de
583 1944 667 1985 isto
699 1944 843 1998 potius
873 1943 1005 1984 fundo
1033 1958 1159 1998 quam
1192 1944 1242 1985 de
1274 1943 1372 1996 alio,
1405 1943 1441 1984 si

110 2017 234 2056 quem
272 2002 423 2056 habes,
467 2001 672 2044 Caecinae
712 2001 1012 2056 denuntiabas,
1054 2002 1091 2044 si
1131 2001 1313 2044 Caecina
1355 2016 1441 2042 non

108 2061 383 2115 possidebat?
437 2060 536 2116 Ipse
572 2075 701 2115 porro
734 2060 916 2103 Caecina
952 2075 1024 2102 cur
1063 2075 1107 2102 se
1145 2061 1337 2102 moribus
1375 2059 1441 2100 de-

110 2119 203 2160 duci
222 2119 395 2160 volebat
419 2119 545 2174 idque
570 2120 652 2161 tibi
679 2119 728 2160 de
755 2119 987 2160 amicorum
1014 2118 1084 2171 [de
1109 2119 1176 2160 his
1203 2119 1253 2160 de
1275 2118 1439 2173 Aquili]

56 2185 90 2210 3⁵
111 2177 324 2218 sententia
354 2178 633 2232 responderat
664 2180 707 2219 et
738 2192 919 2231 aequum
945 2209 1070 2219 .....

1464 549 1508 579 93

1466 1252 1511 1283 94

1466 1894 1511 1926 95

198 2235 259 2276 At
291 2236 403 2276 enim
435 2235 555 2277 Sulla
579 2237 718 2291 legem
750 2236 861 2277 tulit.
916 2234 979 2277 Ut
1009 2235 1113 2276 nihil
1146 2235 1196 2276 de
1228 2235 1304 2276 illo
1337 2237 1440 2275 tem·
1456 2233 1511 2276 33

109 2307 225 2348 pore,
255 2293 363 2334 nihil
396 2294 445 2336 de
471 2294 716 2336 calamitate
745 2294 805 2335 rei
829 2294 1026 2349 publicae
1053 2308 1217 2349 querar,
1248 2293 1330 2334 hoc
1361 2292 1442 2333 tibi
