1619 2542
77 665 121 697 24

147 89 231 131 298
260 91 313 124 ΙΝ
337 90 374 125 L.
403 89 672 125 CATILINAM
692 90 871 126 ORATIO
899 91 960 126 IV.
1007 91 1107 126 CAP.
1138 96 1178 126 11
1205 96 1223 134 ἕ
1251 96 1307 136 23,
1334 97 1390 128 24.

148 185 375 241 diligentia
405 186 512 228 nihil
545 201 569 228 a
600 187 722 228 vobis
755 187 837 227 nisi
869 187 996 228 huius
1029 188 1233 242 temporis
1266 188 1484 244 totiusque

147 246 229 286 mei
263 245 510 286 consulatus
543 245 793 286 memoriam
825 245 1018 300 postulo3
1056 260 1162 301 quae
1196 246 1294 288 dum
1328 247 1409 289 erit
1439 249 1484 290 in

146 303 302 345 vestris
345 303 430 345 fixa
473 303 704 357 mentibus,
749 304 967 346 tutissimo
1011 319 1079 345 me
1122 320 1242 346 muro
1287 309 1484 360 saeptum

147 377 239 403 esse
279 362 531 404 arbitrabor.
594 361 755 410 Quodsi
787 377 924 404 meam
957 377 1076 418 spem
1107 363 1172 405 vis
1204 363 1484 419 inproborum

145 420 349 461 fefellerit
387 424 514 475 atque
536 421 830 475 superaverit,
870 421 1117 463 commendo
1150 423 1272 464 vobis
1303 438 1484 478 parvum
1503 436 1519 462 5

146 494 287 520 meum
332 479 485 532 filium,
528 480 595 521 eui
640 480 831 533 profecto
876 481 981 521 satis
1027 481 1109 521 erit
1152 482 1354 535 praesidii
1397 497 1485 524 non

147 539 286 579 solum
314 537 366 579 ad
393 538 589 592 salutem,
621 553 769 579 verum
795 539 924 580 etiam
952 539 1005 580 ad
1030 539 1297 595 dignitatem,
1324 542 1360 582 si
1382 542 1484 595 eiUS,

148 597 219 651 qui
250 597 354 638 haec
385 596 530 638 omnia
561 611 637 638 suo
671 597 802 639 solius
834 597 1023 652 periculo
1056 600 1332 654 conservarit,
1363 599 1485 642 illum

147 655 283 696 filium
317 669 407 696 esse
441 656 732 697 memineritis.
776 655 1044 711 Quapropter
1076 657 1126 698 de
1153 671 1320 699 summa
1346 659 1483 700 salute

148 717 291 755 vestra
333 714 564 769 populique
608 714 808 769 Romani,
852 715 902 756 de
946 716 1098 757 vestris
1144 716 1396 771 coniugibus
1435 729 1537 760 ac10

146 773 313 827 liberis⁷
351 772 401 814 de
439 773 524 814 aris
564 788 611 815 ae.
646 773 770 827 focis,
808 773 858 815 de
894 773 1005 816 fanis
1045 777 1171 828 atque
1203 776 1395 830 templis,
1434 776 1483 818 de

148 831 282 873 totius
314 832 432 872 urbis
464 832 589 873 tectis
622 846 670 874 ao
702 832 883 887 sedibus,
915 833 964 873 de
992 833 1169 886 imperio
1197 848 1245 875 ae
1269 833 1484 889 libertate,

148 891 197 931 de
223 891 362 931 salute
387 890 550 944 Italiae,
582 890 632 932 de
658 891 857 933 universa
883 905 927 932 re
953 891 1124 945 publica
1150 891 1362 935 decernite
1389 893 1483 934 dili-

148 953 314 1003 genter,
346 951 394 989 ut
423 949 694 1004 instituistis,
727 964 776 991 ac
806 949 987 992 fortiter.
1049 950 1230 991 Habetis
1263 966 1358 992 eum
1389 966 1484 994 con-

148 1008 302 1061 sulem,
340 1007 412 1062 qui
450 1011 493 1048 et
528 1022 678 1062 parere
714 1009 868 1049 vestris
907 1008 1087 1050 decretis
1124 1023 1210 1050 non
1243 1009 1410 1052 dubitet
1441 1013 1484 1052 et
1503 1021 1536 1047 15

148 1081 214 1120 ea,
247 1080 354 1121 quae
387 1066 640 1120 statueritis,
673 1067 812 1121 quoad
844 1067 970 1117 vivet,
1003 1066 1225 1109 defendere
1257 1071 1300 1109 et
1331 1083 1407 1124 per
1439 1083 1483 1110 se

147 1124 286 1179 ipsum
319 1127 537 1179 praestare
569 1126 715 1180 possit.
