1619 2542
578 51 679 86 CAP.
706 53 844 86 39-41
871 54 890 93 ξ
916 53 1066 85 85-90.
1400 47 1483 90 337

143 165 245 192 vero
273 148 516 191 miseranda
543 151 655 202 sunt,
687 162 737 189 ea
763 150 806 189 et
832 146 938 189 mihi
964 148 1063 188 ante
1090 146 1235 188 oculos
1262 147 1486 187 versantur

144 213 187 251 et
218 223 295 251 vos
321 208 463 250 videre
490 210 532 249 et
556 207 799 262 perspicere
823 206 1018 261 potestis.
1062 203 1120 260 Si,
1152 203 1263 258 quod
1289 204 1485 259 Iuppiter
1500 205 1551 246 41

145 282 271 310 omen
303 268 486 309 avertat!
519 266 632 307 hunc
662 265 819 306 vestris
851 263 1075 306 sententiis
1108 262 1369 317 adflixeritis,
1402 277 1486 317 quo

147 342 190 368 se
223 326 352 368 miser
384 324 550 367 vertet?
583 324 840 366 domumne?
871 326 920 365 ut
952 337 1046 365 eam
1076 322 1309 377 imaginem
1342 321 1487 363 claris-

110 395 127 422 5
147 386 244 427 simi
276 384 379 439 viri,
411 383 601 438 parentis
634 384 717 436 sui,
750 398 876 437 quam
908 382 1054 436 paucis
1086 384 1184 423 ante
1217 381 1365 422 diebus
1398 380 1486 422 lau-

145 447 311 486 reatam
352 443 397 484 in
431 457 507 484 sua
539 442 829 498 gratulatione
861 440 1099 495 conspexit,
1138 440 1316 482 eandem
1348 438 1488 481 defor-

146 506 307 544 matam
333 502 571 557 ignominia
600 501 903 556 lugentemque
926 500 1097 541 videat?
1129 498 1199 540 An
1219 499 1272 540 ad
1292 501 1488 552 matrem,

149 577 256 616 quae
303 561 460 603 misera
505 559 631 601 modo
683 560 900 601 consulem
944 558 1138 600 osculata
1181 558 1319 599 filium
1363 572 1486 598 suum

147 635 259 662 nunc
291 619 503 662 cruciatur
533 621 577 660 et
609 618 794 660 sollicita
825 620 901 672 est,
931 632 985 658 ne
1017 617 1196 658 eundem
1227 616 1356 670 paulo
1387 617 1488 670 post

96 691 130 716 10
149 679 383 735 spoliatum
422 677 539 719 omni
575 677 787 732 dignitate
825 676 1089 730 conspiciat?
1153 674 1234 717 Sed
1273 675 1374 729 quid
1407 689 1485 730 ego
1514 685 1558 717 89

152 740 334 780 matrem
373 738 458 779 eius
495 738 569 778 aut
607 736 782 777 domum
820 735 1008 790 appello,
1050 749 1175 789 quem
1206 749 1319 775 nova
1349 748 1489 788 poena

149 797 258 852 legis
280 799 322 837 et
342 795 467 837 domo
486 798 528 836 et
540 797 717 849 parente
733 798 775 835 et
790 795 977 835 omnium
994 808 1168 835 suorum
1183 791 1490 834 consuetudine

150 857 464 910 conspectuque
506 854 677 909 privat?
738 852 827 894 Ibit
863 852 997 907 igitur
1034 852 1078 893 in
1116 852 1289 893 exilium
1328 851 1488 892 miser?

151 913 273 963 Quo?
318 913 370 955 ad
408 912 639 954 Orientisne
683 912 838 967 partis,
881 912 925 952 in
964 911 1118 965 quibus
1157 925 1290 952 annos
1329 910 1488 951 multos

99 984 132 1009 15
152 973 322 1028 legatus
371 971 470 1025 fuit,
521 971 730 1013 exercitus
775 970 912 1024 duxit,
960 984 1028 1011 res
1073 970 1281 1010 maximas
1325 968 1489 1024 gessit?

152 1032 212 1073 At
242 1030 374 1072 habet
404 1044 609 1085 magnum
642 1030 850 1083 dolorem,
887 1004 997 1070 linde
1029 1043 1123 1070 cum
1155 1028 1317 1070 honore
1350 1027 1489 1069 deces-

154 1089 277 1144 seriS,
318 1089 465 1131 eodem
503 1103 597 1130 cum
636 1088 874 1144 ignominia
909 1087 1077 1129 reverti.
1139 1079 1209 1128 An
1242 1101 1285 1128 se
1316 1085 1361 1127 in
1393 1101 1490 1128 con-

151 1148 331 1190 trariam
373 1150 541 1203 partem
578 1150 793 1188 terrarum
832 1146 977 1201 abdet,
1020 1149 1070 1187 ut
1108 1144 1253 1187 Gallia
1290 1144 1492 1186 Transal-

151 1208 271 1262 pina,
315 1221 439 1261 quem
475 1221 613 1262 nuper
651 1220 816 1247 summo
854 1220 950 1247 cum
987 1204 1166 1260 imperio
1205 1204 1490 1245 libentissime

100 1278 135 1302 20
155 1265 320 1320 viderit,
352 1266 531 1307 eundem
563 1265 794 1320 lugentem,
827 1266 1099 1316 maerentem,
1126 1263 1292 1304 exulem
1317 1262 1490 1304 videat?

153 1324 204 1365 In
236 1339 285 1365 ea
316 1338 445 1379 porro
471 1323 694 1378 provincia
719 1337 801 1377 quo
829 1323 970 1364 animo
998 1321 1042 1364 O.
1062 1321 1286 1362 Murenam
1311 1321 1491 1362 fratrem

155 1397 277 1424 suum
316 1382 520 1437 aspiciet?
590 1381 671 1430 Qui
708 1381 834 1422 huius
877 1381 1015 1434 (10101,
1060 1380 1132 1434 qui
1169 1379 1285 1420 illius
1324 1394 1492 1421 maeror

155 1441 253 1494 elit,
296 1455 403 1494 quae
447 1440 670 1494 utriusque
708 1439 979 1491 lamentatio,
1023 1440 1184 1492 quanta
1221 1440 1363 1479 autem
1400 1452 1493 1492 per-

155 1499 346 1540 turbatio
396 1499 593 1539 fortunae
638 1500 766 1551 atque
810 1497 1037 1551 seimonis,
1086 1511 1200 1549 cum,
1250 1495 1404 1550 quibus
1446 1495 1492 1537 in

102 1569 136 1594 25
156 1558 261 1600 locis
293 1556 439 1612 paucis
472 1559 571 1598 ante
604 1556 751 1597 diebus
783 1556 944 1597 factum
977 1569 1069 1596 esse
1102 1555 1321 1596 consulem
1352 1553 1490 1595 Mure-

155 1631 256 1658 nam
300 1615 442 1656 nuntii
479 1615 733 1668 litteraeque
772 1613 1027 1655 celebrarint
1069 1616 1111 1654 et
1148 1613 1260 1655 unde
1296 1613 1490 1666 hospites

157 1678 283 1729 atque
316 1673 442 1715 amici
473 1674 738 1729 gratulatum
771 1672 951 1714 Romam
983 1673 1286 1726 concurrerint,
1316 1675 1491 1726 repente

157 1734 312 1775 existet
342 1733 433 1787 ipse
464 1732 640 1773 nuntius
672 1745 773 1772 suae
805 1730 1078 1772 calamitatis!
1123 1729 1240 1779 Quae
1267 1731 1303 1772 si
1329 1731 1492 1783 acerba,
1518 1741 1562 1772 90

159 1792 195 1833 si
226 1793 399 1844 misera,
438 1790 475 1832 si
505 1791 703 1831 luctuosa
734 1793 850 1843 sunt,
883 1789 919 1830 si
950 1789 1212 1831 alienissima
1242 1804 1268 1830 a
1299 1804 1492 1830 mansue·

106 1861 141 1887 80
159 1850 305 1891 tudine
361 1852 403 1890 et
459 1848 752 1891 misericordia
799 1851 960 1901 vestra,
1009 1848 1188 1902 iudices,
1243 1851 1492 1889 conservate

159 1909 308 1963 populi
342 1908 526 1950 Romani
562 1907 833 1959 beneficium,
870 1906 1031 1947 reddite
1067 1906 1129 1947 rei
1163 1906 1358 1960 publicae
1398 1921 1495 1948 con·

162 1967 315 2020 sulem,
358 1967 454 2008 date
497 1967 578 2008 hoc
621 1966 756 2019 ipsius
799 1965 968 2020 pudori,
1013 1964 1108 2006 date
1152 1966 1267 2020 patri
1310 1968 1492 2016 mortuo,

163 2025 259 2065 date
303 2025 448 2080 generi
485 2028 528 2066 et
563 2024 770 2077 familiae,
812 2023 907 2064 date
946 2023 1074 2064 etiam
1111 2023 1322 2076 Lanuvio,
1359 2024 1493 2064 muni-

163 2083 272 2136 cipio
309 2083 631 2135 honestissimo,
669 2082 780 2137 quod
814 2083 858 2123 in
895 2082 974 2123 hac
1011 2085 1105 2123 tota
1136 2097 1265 2123 causa
1294 2082 1492 2135 frequens

110 2152 144 2177 35
164 2143 457 2195 maestumque
494 2142 675 2183 vidistis.
724 2139 872 2182 Nolite
910 2156 935 2182 a
972 2141 1103 2182 sacris
1136 2140 1286 2194 patriis
1318 2139 1492 2181 Iunonis
1547 2142 1550 2143 ⁷

165 2198 378 2253 Sospitae,
434 2200 500 2241 cui
556 2214 703 2241 omnes
759 2199 952 2240 consules
1007 2200 1145 2240 facere
1194 2212 1365 2239 necesse
1416 2200 1493 2251 est,

164 2257 443 2299 domesticum
487 2261 530 2299 et
573 2273 696 2299 suum
739 2258 953 2299 consulem
990 2257 1261 2312 potissimum
1299 2256 1495 2298 avellere.

234 2332 305 2359 etc.
323 2332 365 2358 11.
383 2333 408 2358 2.
1239 2329 1282 2359 22
