1619 2542
533 83 634 119 CAP.
660 88 798 119 «ιι-23
826 88 844 127 s
870 88 1018 120 60—65.
1090 89 1094 91 ’
1393 87 1448 128 59

111 183 180 223 tor
211 196 338 235 quam
370 180 407 222 si
432 180 593 222 vicinus
627 182 700 221 aut
732 179 914 222 libertus
945 183 1057 235 tuus,
1089 197 1186 236 non,
1220 183 1256 224 si
1288 183 1447 225 coactis

109 239 356 281 hominibus
395 253 521 294 quam
553 238 590 279 si
620 238 875 280 voluntariis
908 242 982 281 aut
1014 240 1144 282 etiam
1184 241 1366 283 assiduis
1400 256 1448 284 ac

111 298 374 351 domesticis,
410 312 514 351 non,
552 297 589 338 si
628 299 805 338 armatis
844 312 971 352 quam
1010 299 1047 340 si
1085 300 1338 354 inermibus,
1376 300 1448 355 qui

109 358 196 399 vim
229 359 491 398 armatorum
522 355 730 397 haberent
762 356 816 397 ad
839 357 1087 412 nocendum,
1119 372 1217 412 non,
1251 359 1287 400 si
1317 360 1447 414 pluri-

73 427 89 451 ⁵
108 416 188 457 bus
221 430 348 470 quam
374 415 411 456 si
436 429 520 456 uno
547 417 727 455 armato.
784 414 945 463 Quibus
971 416 1085 457 enim
1111 417 1237 458 rebus
1264 417 1446 472 plerum-

109 489 189 528 que
214 475 278 516 vis
303 474 354 514 fit
380 473 469 514 eius
496 472 625 524 modi,
650 487 723 514 eae
749 487 817 514 res
838 474 1111 528 appellantur
1136 476 1179 516 in
1205 476 1446 518 interdicto.

109 531 153 574 Si
183 547 259 588 per
291 532 395 573 alias
427 546 495 573 res
528 531 674 572 eadem
705 530 821 572 facta
852 533 915 574 vis
949 535 1031 584 est,
1070 548 1119 575 ea
1149 535 1326 576 tametsi
1356 549 1446 576 ver-

107 592 174 633 bis
210 591 427 632 interdicti
463 604 550 631 non
587 590 870 645 concluditur,
908 593 1121 633 sententia
1158 596 1303 635 tamen
1341 594 1445 635 iuris

108 654 236 705 atque
268 649 524 691 auctoritate
556 649 775 690 retinetur.

53 721 87 746 ιο
194 708 330 751 Venio
355 722 468 750 nunc
494 708 546 749 ad
577 707 685 748 illud
710 710 850 749 tuum:
884 707 1002 750 ‘Non
1035 709 1183 764 deieci3
1213 725 1302 752 non
1333 711 1445 752 enim
1461 696 1516 738 93

107 768 188 809 sivi
210 766 434 809 accedere.'
484 766 595 808 Puto
622 769 664 807 te
690 766 843 821 ipsum,
869 766 982 821 Piso,
1006 769 1257 824 perspicere,
1284 772 1444 824 quanto

105 826 192 868 ista
222 827 279 868 sit
309 825 534 881 angustior
570 825 839 879 iniquiorque
879 826 1085 881 defensio,
1127 842 1254 882 quam
1294 828 1331 869 si
1367 828 1443 869 illa

105 888 289 927 uterere:
335 884 455 926 ‘Non
490 884 663 925 fuerunt
701 884 873 936 armati,
915 899 1011 926 cum
1048 885 1235 928 fustibus
1275 889 1317 927 et
1349 901 1444 928 cum

106 944 220 986 saxis
251 942 450 985 fuerunt.9
512 941 558 984 Si
596 943 837 985 mehercule
874 943 998 998 mihi,
1035 958 1122 986 non
1160 945 1332 1000 copioso
1371 946 1444 987 110-

53 1014 86 1040 15
106 1003 211 1044 1111111
236 1002 290 1044 ad
315 1001 549 1055 dicendum,
576 1002 694 1056 optio
716 1002 850 1056 detur,
881 1007 1025 1044 utrum
1045 1003 1194 1045 malim
1221 1003 1443 1045 defendere

103 1075 191 1103 non
228 1075 320 1103 esse
358 1061 567 1102 deiectum
606 1075 720 1114 eum,
758 1062 825 1103 cui
857 1061 898 1102 vi
937 1064 979 1102 et
1017 1062 1147 1103 armis
1183 1063 1443 1118 ingredienti

105 1120 162 1161 sit
202 1134 439 1173 occursum,
484 1134 539 1161 an
576 1122 766 1160 armatos
803 1134 890 1162 non
934 1119 1066 1161 fuisse
1105 1135 1197 1175 eos,
1241 1121 1315 1175 qui
1353 1122 1443 1163 sine

105 1179 236 1221 scutis
274 1180 448 1233 sineque
488 1178 600 1219 ferro
640 1177 817 1232 fuerint,
862 1179 1036 1220 omnino
1075 1179 1129 1220 ad
1173 1180 1443 1234 probandum

103 1241 329 1292 utramque
359 1252 450 1278 rem
481 1236 650 1278 videam
687 1237 902 1278 infirmam
940 1238 1300 1292 nugatoriamque
1339 1253 1443 1292 esse,

51 1307 85 1332 20
106 1296 159 1338 ad
191 1296 415 1338 dicendum
448 1300 589 1337 autem
621 1296 666 1335 in
703 1295 840 1336 altera
870 1296 1016 1337 videar
1046 1297 1153 1337 mihi
1185 1297 1347 1351 aliquid
1379 1312 1443 1338 re-

103 1355 242 1410 perire
273 1369 411 1409 posse,
441 1368 529 1396 non
559 1354 690 1394 fuisse
724 1357 913 1396 armatos
946 1369 1036 1405 eos,
1069 1356 1142 1409 qui
1172 1369 1309 1410 neque
1340 1355 1443 1396 ferri

105 1414 329 1468 quicquam
372 1427 509 1467 neque
551 1415 718 1453 scutum
761 1413 897 1454 ullum
938 1413 1186 1467 habuerint3
1230 1414 1300 1455 hic
1340 1428 1441 1455 vero

101 1471 321 1524 haeream,
365 1472 400 1512 si
436 1471 543 1512 mihi
581 1471 886 1512 defendendum
926 1473 984 1512 sit
1023 1486 1136 1525 eum,
1182 1472 1254 1526 qui
1291 1472 1440 1526 pulsus

103 1529 362 1586 fugatusque
395 1529 463 1582 sit,
493 1543 580 1570 11011
612 1543 702 1569 esse
736 1529 956 1571 deiectum.

0 1595 1 1617 ἒ
50 1599 84 1624 25
191 1589 335 1642 Atque
369 1587 477 1628 illud
512 1587 557 1628 in
595 1590 688 1628 tota
727 1587 970 1629 defensione
1007 1590 1081 1629 tua
1119 1588 1225 1629 mihi
1257 1589 1440 1630 maxime

103 1647 260 1688 mirum
291 1646 526 1700 videbatur,
558 1648 601 1686 te
634 1646 770 1687 dicere
802 1646 906 1687 iuris
936 1648 1228 1689 consultorum
1261 1647 1442 1688 auctori-

102 1707 186 1746 tati
212 1705 501 1760 optemperari
524 1719 612 1745 non
637 1707 843 1758 oportere.
900 1703 1021 1753 Quod
1048 1719 1127 1761 ego
1154 1706 1329 1747 tametsi
1354 1720 1441 1747 non

101 1778 214 1806 nunc
244 1765 429 1818 primum
455 1777 590 1816 neque
621 1763 665 1803 in
697 1763 778 1804 hac
803 1777 931 1805 causa
957 1764 1096 1805 solum
1125 1764 1263 1817 audio,
1295 1767 1440 1806 tamen

103 1823 333 1864 admodum
370 1822 578 1875 mirabar,
623 1821 698 1862 abs
735 1824 778 1862 te
823 1836 950 1876 quam
989 1823 1042 1864 ob
1083 1837 1174 1864 rem
1218 1823 1440 1865 diceretur,

48 1891 84 1916 30
103 1880 217 1922 Nam
249 1881 378 1922 ceteri
407 1884 499 1921 tum
532 1880 585 1922 ad
622 1880 752 1921 istam
790 1881 1025 1922 orationem
1059 1881 1305 1936 decurrunt,
1343 1896 1439 1923 cum

103 1953 148 1980 se
179 1940 223 1980 in
261 1954 389 1981 causa
424 1942 580 1994 putant
616 1938 774 1980 habere
814 1953 994 1993 aequum
1032 1943 1073 1981 et
1111 1940 1288 1994 bonum,
1327 1940 1439 1994 quod

102 1997 347 2052 defendant3
381 1997 417 2039 si
443 2002 591 2039 contra
617 1997 757 2038 verbis
790 1999 833 2038 et
860 1997 1018 2039 litteris
1051 2001 1105 2053 et,
1136 2002 1184 2040 ut
1209 1998 1291 2040 dici
1317 1999 1439 2051 solet,

102 2069 269 2098 summo
307 2056 398 2098 iure
436 2055 721 2109 contenditur,
764 2056 903 2096 solent
941 2057 1030 2098 eius
1068 2057 1184 2098 modi
1220 2056 1439 2110 iniquitati

102 2115 226 2169 aequi
262 2117 305 2156 et
341 2114 443 2156 boni
474 2129 631 2156 nomen
669 2114 1005 2169 dignitatemque
1041 2129 1268 2170 opponere.
1328 2114 1438 2156 Tum

49 2182 82 2208 85
102 2173 226 2225 illud,
252 2173 364 2227 quod
390 2173 560 2227 dicitur,
593 2173 711 2215 ‘SIVE
743 2171 881 2224 MVE',
911 2173 1109 2228 inrident,
1140 2176 1232 2215 tum
1260 2173 1439 2227 aucupia

101 2233 330 2272 verborum
362 2234 404 2272 et
429 2231 673 2273 litterarum
699 2230 937 2273 tendiculas
968 2232 1013 2273 in
1042 2232 1246 2273 invidiam
1272 2235 1439 2285 vocant,

100 2291 194 2331 tum
231 2289 519 2331 vociferantur
556 2304 606 2331 ex
644 2303 778 2344 aequo
820 2292 862 2330 et
897 2290 1028 2345 bono,
1068 2305 1155 2332 non
1192 2304 1243 2331 ex
1280 2289 1437 2332 callido

1473 748 1517 779 64

1468 1599 1511 1632 65
