1687 2533
561 86 664 121 CAP.
690 91 780 122 3—5
807 91 826 129 ς
853 92 978 123 6—12.
1358 90 1442 132 393

103 183 256 238 quibus
294 183 435 224 verbis
480 198 505 224 a
542 182 717 225 Graecis
755 183 837 224 dici
875 184 1028 238 soleat,
1074 187 1222 227 sciant.
1292 185 1443 241 Itaque

103 243 259 295 videte,
299 256 381 296 quo
414 242 553 294 vultu,
591 257 675 296 qua
706 242 964 284 confidentia
997 243 1158 297 dicant3
1198 246 1290 285 tum
1322 245 1443 286 intel-

102 301 272 356 legetis,
324 315 407 354 qua
447 301 656 356 religione
700 301 853 342 dicant.
926 300 1174 356 Numquam
1216 303 1343 345 nobis
1389 305 1442 345 ad

101 362 302 415 rogatum
335 359 607 414 respondent,
640 374 807 414 semper
839 361 1077 402 accusatori
1108 361 1205 416 plus
1233 376 1361 416 quam
1390 364 1442 405 ad

65 431 81 456 5
101 422 314 474 rogatum,
338 433 572 472 numquam
592 418 803 472 laborant,
831 433 954 473 quem
977 419 1028 460 ad
1050 420 1224 461 modum
1244 422 1442 475 probent,

102 477 214 532 quod
241 476 399 531 dicunt,
425 477 498 518 sed
525 491 650 530 quem
677 478 729 518 ad
756 478 930 519 modum
951 492 995 519 se
1018 479 1231 544 explicent
1252 479 1441 522 dicendo.

98 535 241 577 Iratus
279 534 432 577 Flacco
471 535 577 576 dixit
614 535 671 577 M.
702 535 858 589 Lurco,
904 536 1034 591 quod,
1073 540 1121 578 ut
1158 537 1251 592 ipse
1291 539 1442 593 aiebat,

98 595 277 636 libertus
323 598 415 636 erat
459 595 547 635 eius
585 594 700 649 turpi
738 570 894 637 iudicio
933 596 1251 638 condemnatus.
1320 572 1442 639 Nihil

100 654 223 707 dixit,
269 653 381 708 quod
418 653 622 707 laederet,
660 668 754 694 cum
793 656 982 708 cuperet3
1029 655 1290 708 impediebat
1327 656 1440 698 enim

48 725 80 750 10
99 713 271 768 religio3
302 715 447 753 tamen
471 712 525 766 id,
558 712 670 766 quod
697 712 815 766 dixit,
848 716 1007 767 quanto
1035 728 1130 754 cum
1156 714 1327 768 pudore,
1356 730 1439 769 quo

98 775 283 812 tremore
322 774 364 812 et
400 771 563 825 pallore
602 770 725 812 dixit!
790 770 926 819 Quam
963 774 1191 826 promptus
1228 772 1357 815 homo
1393 773 1438 815 P.

100 828 345 885 Septimius,
371 844 498 884 quam
523 829 660 870 iratus
689 829 738 870 (le
765 829 920 872 iudicio
948 833 990 871 et
1017 830 1067 871 de
1087 831 1232 873 vilico!
1279 831 1440 874 Tamen

98 889 355 941 haesitabat,
380 891 524 929 tamen
546 888 635 929 eius
655 888 899 930 iracundiae
923 889 1077 945 religio
1098 904 1184 931 non
1204 905 1439 945 numquam

97 947 379 1002 repugnabat.
446 946 647 988 Inimicus
685 946 740 988 M.
773 945 962 1002 Caelius,
1011 948 1139 1002 quod,
1179 963 1273 990 cum
1311 949 1356 990 in
1393 965 1438 991 re

46 1019 77 1044 15
99 1006 326 1049 manifesta
374 1008 569 1060 putasset
616 1005 736 1047 nefas
787 1021 879 1047 esse
928 1007 1206 1061 publicanum
1249 1008 1437 1050 iudicare

98 1068 246 1107 contra
278 1064 567 1119 publicanum,
599 1065 797 1106 sublatus
831 1068 921 1106 erat
953 1080 974 1106 e
1005 1080 1183 1107 numero
1215 1081 1437 1120 recupera-

96 1128 257 1177 torum,
306 1126 452 1164 tamen
501 1123 640 1164 tenuit
684 1138 727 1164 se
771 1138 907 1178 neque
952 1124 1100 1165 attulit
1142 1124 1188 1165 in
1233 1125 1436 1166 iudicium

97 1183 323 1237 quicquam
349 1182 403 1223 ad
428 1182 680 1223 laedendum
704 1182 788 1223 nisi
814 1183 1091 1225 voluntatem.
1136 1183 1194 1224 Hi
1221 1183 1257 1224 si
1284 1183 1437 1226 Graeci

96 1241 290 1294 fuissent,
317 1255 365 1282 ac
390 1241 473 1281 nisi
498 1241 637 1282 nostri
662 1255 802 1282 mores
830 1256 878 1282 ac
904 1241 1129 1295 disciplina
1155 1242 1252 1296 plus
1273 1243 1437 1284 valeret

43 1311 78 1336 20
98 1315 226 1354 quam
257 1299 378 1341 dolor
410 1314 457 1340 ac
491 1300 704 1352 simultaS,
736 1314 882 1340 omnes
916 1314 959 1340 se
987 1300 1215 1353 spoliatos,
1248 1304 1438 1355 vexatos,

97 1359 281 1400 fortunis
325 1372 494 1398 eversos
533 1372 624 1398 esse
662 1358 879 1398 dixissent.
948 1357 1135 1400 Graecus
1175 1359 1299 1400 testis
1338 1374 1436 1401 cum

97 1432 147 1458 ea
184 1417 405 1457 voluntate
442 1417 666 1470 processit,
706 1418 754 1456 ut
791 1416 950 1465 laedat,
992 1431 1077 1457 non
1115 1417 1218 1457 iuris
1258 1418 1437 1471 iurandi,

99 1475 171 1517 sed
207 1474 400 1516 laedendi
437 1474 568 1515 verba
605 1473 852 1527 meditatur,
893 1474 1024 1528 vinci,
1073 1475 1224 1527 refelli,
1261 1476 1437 1531 coargui

97 1537 224 1588 putat
261 1547 352 1574 esse
389 1532 702 1586 turpissimum,
740 1533 792 1573 ad
830 1532 873 1573 id
911 1547 955 1573 se
994 1536 1136 1587 parat,
1174 1534 1282 1574 nihil
1315 1537 1435 1576 curat

45 1604 77 1629 25
98 1592 225 1634 aliud.
286 1591 437 1645 Itaque
474 1605 559 1631 non
599 1591 785 1645 optimus
824 1591 1001 1646 quisque
1032 1606 1110 1633 nec
1142 1592 1436 1647 gravissimus,

99 1652 171 1692 sed
208 1649 604 1704 impudentissimus
637 1649 1047 1703 loquacissimusque
1081 1650 1293 1705 deligitur.
1344 1650 1434 1693 Vos

98 1712 241 1751 autem
281 1708 326 1749 in
365 1708 546 1762 privatis
585 1707 857 1749 minimarum
895 1723 1036 1749 rerum
1074 1708 1241 1750 iudiciis
1280 1712 1435 1752 testem

98 1769 326 1824 diligenter
376 1766 631 1819 expenditis,
688 1766 856 1808 etiamsi
906 1766 1088 1808 formam
1138 1768 1343 1822 hominis,
1400 1770 1435 1810 si

97 1841 270 1878 nomen,
313 1825 350 1866 si
393 1825 554 1866 tribum
590 1824 747 1877 nostis,
791 1839 928 1866 mores
970 1828 1114 1867 tamen
1152 1827 1434 1881 exquirendos

44 1886 273 1940 wputatis.
348 1882 429 1932 Qui
485 1886 628 1924 autem
679 1883 781 1924 dicit
831 1884 1126 1926 testimonium
1175 1900 1225 1926 ex
1274 1886 1434 1927 nostris

22 1946 29 1952 '
98 1943 362 1996 hominibus,
393 1945 441 1983 ut
472 1956 516 1983 se
549 1943 640 1996 ipse
674 1944 900 1996 sustentat,
931 1945 979 1983 ut
1012 1943 1154 1984 omnia
1185 1944 1317 1984 verba
1349 1959 1436 1985 mo-

99 2002 282 2054 deratur,
313 2005 361 2042 ut
392 2001 530 2053 timet,
560 2015 612 2040 ne
645 2000 744 2053 quid
775 2000 985 2055 iracunde,
1016 2016 1068 2043 ne
1101 2001 1203 2056 quid
1233 2002 1330 2056 plus
1357 2002 1437 2043 mi-

97 2074 241 2113 nusve,
267 2074 393 2124 quam
420 2059 478 2099 sit
497 2073 680 2112 necesse,
708 2058 836 2100 dicat!
881 2058 996 2101 Num
1017 2060 1116 2101 illos
1136 2063 1239 2101 item
1260 2060 1436 2115 putatis,

100 2119 252 2173 quibus
295 2118 361 2158 ius
404 2117 631 2158 iurandum
674 2117 791 2158 iocus
836 2120 919 2172 est,
962 2118 1257 2160 testimonium
1299 2118 1436 2172 ludus,

43 2188 79 2214 35
100 2175 360 2217 existimatio
386 2176 516 2217 verba
542 2179 584 2217 et
610 2175 806 2240 ineptiae,
831 2176 937 2229 laus,
963 2191 1136 2228 mer,ces
1163 2176 1315 2232 gratia,
1342 2190 1435 2232 gra-

98 2235 253 2276 tulatio
292 2234 515 2288 proposita
553 2236 618 2274 est
656 2234 793 2274 omnis
832 2235 875 2275 in
912 2235 1152 2290 impudenti
1163 2210 1434 2276 wmendacio?

97 2291 178 2334 Sed
229 2307 315 2333 non
358 2292 548 2333 dilatabo
594 2292 831 2333 orationem
876 2307 1036 2347 meam3
1088 2293 1245 2334 etenim
1290 2295 1435 2347 potest

1467 785 1507 816 11

1465 1663 1505 1694 12
