1619 2542
64 729 97 753 10

65 1021 98 1046 15

65 1315 99 1339 20

65 1606 99 1631 25

67 1899 101 1924 30

68 2188 102 2214 35

549 93 649 128 CAP.
676 97 815 129 26-28
841 97 860 135 g
888 97 1036 128 72-77.
1377 92 1460 133 1⁶29

116 189 318 232 Staienus
357 189 464 232 scire
503 192 668 244 posset,
707 189 808 244 quid
846 189 996 243 cuique
1029 189 1264 231 deberetur.
1326 187 1461 230 Varia

114 249 302 290 iudicum
353 262 526 303 genera3
570 248 802 289 nummarii
846 248 986 302 pauci,
1032 248 1104 289 sed
1149 262 1296 289 omnes
1345 247 1459 288 irati.

114 306 193 361 Ut,
226 307 298 361 qui
331 307 521 361 accipere
553 306 597 347 in
629 321 780 361 campo
813 309 1089 360 consuerunt,
1121 307 1174 347 iis
1207 306 1459 348 candidatis.

117 380 299 420 quorum
329 379 526 406 nummos
560 379 814 419 suppressos
847 380 938 406 esse
969 367 1142 420 putant,
1173 364 1459 406 inimicissimi

117 425 256 466 solent
305 438 414 477 esse,
465 424 524 464 sic
565 424 655 464 eius
697 423 813 464 modi
854 424 1013 465 iudices
1057 423 1204 465 infesti
1248 427 1340 464 tum
1385 437 1458 465 reo

117 485 341 531 venerant3
368 482 497 523 ceteri
522 482 875 523 nocentissimum
902 497 994 523 esse
1022 482 1357 536 arbitrabantur,
1385 482 1458 523 sed

115 542 399 596 expectabant
444 541 679 582 sententias
728 555 892 594 eorum,
938 555 1044 595 quos
1095 544 1319 595 corruptos
1366 555 1457 582 esse

115 600 339 654 putabant,
371 602 420 640 ut
452 614 502 640 ex
533 599 586 640 iis
620 599 942 652 constituerent,
976 615 1000 640 a
1033 614 1115 653 quo
1141 600 1344 641 iudicium
1371 614 1457 641 cor-

115 661 290 713 ruptum
322 658 548 699 videretur.
596 657 706 699 Ecce
739 658 820 698 tibi
853 659 942 699 eius
975 658 1091 699 modi
1123 658 1306 712 sortitio,
1339 660 1387 699 ut
1413 658 1528 699 11128

116 717 267 771 primis
299 716 438 758 Bulbo
472 719 514 757 et
549 714 722 758 Staieno
755 720 798 757 et
832 716 990 757 Guttae
1023 721 1135 758 esset
1166 717 1457 758 iudicandum!

116 774 293 816 Summa
313 775 503 816 omnium
524 775 800 830 exspectatio,
822 775 1025 830 quidnam
1044 776 1281 816 sententiae
1294 776 1459 816 ferrent

116 835 232 875 leves
266 849 314 875 ac
344 834 574 875 nummarii
599 834 771 875 iudices.
816 836 956 888 Atque
982 834 1049 874 illi
1075 849 1222 875 omnes
1251 834 1340 875 51110
1366 834 1459 875 ulla

116 892 383 934 dubitatione
415 892 713 934 condemnant.
774 892 856 933 Hic
889 897 981 933 tum
1007 893 1188 934 iniectus
1223 896 1288 934 est
1319 893 1456 934 homi-

115 951 242 992 nibus
274 952 495 1006 scrupulus
529 954 571 992 et
604 951 811 1005 quaedam
844 951 1077 1005 dubitatio,
1110 951 1312 1005 quidnam
1346 954 1460 992 esset

119 1012 271 1052 actum.
340 1009 503 1051 Deinde
543 1010 738 1051 homines
779 1010 994 1064 sapientes
1034 1013 1076 1050 et
1115 1024 1163 1051 ex
1202 1013 1345 1051 vetere
1382 1010 1461 1051 illa

117 1068 342 1123 disciplina
377 1068 648 1122 iudiciorum,
691 1069 763 1123 qui
801 1083 939 1123 neque
981 1069 1202 1110 absolvere
1240 1069 1458 1110 hominem

116 1127 467 1168 nocentissimum
499 1130 676 1181 possent
708 1142 845 1182 neque
878 1142 986 1179 011111,
1019 1127 1069 1168 de
1102 1142 1185 1181 quo
1219 1130 1332 1168 esset
1364 1131 1460 1168 orta

117 1186 301 1240 suspicio
333 1186 513 1240 pecunia
546 1190 852 1241 oppugnatum,
884 1201 929 1227 re
961 1186 1039 1226 illa
1069 1186 1288 1240 incognita
1318 1186 1459 1239 primo

117 1245 397 1286 condemnare
429 1245 606 1297 vellent,
632 1257 727 1286 NON
753 1257 956 1294 LIQUERE
985 1244 1193 1285 dixerunt.
1231 1244 1332 1286 Non
1350 1243 1461 1285 nulli

120 1306 262 1344 autem
290 1303 426 1344 severi
451 1303 659 1357 homines,
686 1303 759 1357 qui
784 1303 865 1345 hoc
892 1306 1147 1353 statuerunt,
1174 1318 1256 1357 quo
1279 1303 1460 1357 quisque

119 1361 260 1403 animo
289 1362 389 1415 quid
413 1361 586 1415 faceret,
619 1362 805 1416 spectari
831 1364 1040 1416 oportere,
1073 1362 1154 1402 etsi
1181 1362 1253 1402 alii
1278 1362 1460 1415 pecunia

119 1423 291 1474 accepta
340 1435 488 1461 verum
537 1421 800 1473 iudicabant,
849 1425 993 1461 tamen
1042 1420 1177 1460 nihilo
1228 1420 1369 1460 minus
1414 1434 1459 1460 se

119 1478 411 1531 superioribus
445 1479 532 1519 suis
564 1479 731 1520 iudiciis
765 1481 962 1522 constare
994 1478 1208 1532 putabant
1241 1480 1458 1532 oportere3

118 1536 263 1589 itaque
297 1536 561 1577 damnarunt.
607 1537 801 1591 Quinque
829 1537 1001 1577 omnino
1028 1536 1212 1589 fuerunt,
1239 1537 1311 1591 qui
1336 1536 1459 1577 illum

119 1599 308 1635 vestrum
335 1595 603 1636 innocentem
625 1595 909 1649 Oppianicum
936 1594 1024 1635 sive
1050 1594 1338 1648 imprudentia
1371 1594 1459 1635 sive

119 1653 410 1694 misericordia
443 1653 530 1694 sive
558 1653 702 1707 aliqua
734 1653 974 1707 suspicione
1007 1653 1096 1694 sive
1129 1653 1363 1694 ambitione
1390 1653 1460 1694 ad-

120 1712 235 1752 ducti
268 1712 553 1753 absolverunt.

208 1769 500 1811 Condemnato
535 1769 771 1824 Oppianico
805 1770 953 1811 statim
981 1770 1026 1811 L.
1059 1770 1295 1824 Quinctius,
1326 1770 1456 1812 homo

120 1828 302 1869 maxime
334 1829 567 1883 popularis,
600 1829 671 1882 qui
704 1843 850 1869 omnes
882 1843 1102 1869 rumorum
1135 1831 1178 1870 et
1210 1829 1459 1870 contionum

120 1890 270 1928 ventos
316 1887 517 1942 colligere
556 1890 818 1937 consuesset,
857 1887 1048 1928 oblatam
1087 1887 1169 1928 sibi
1205 1887 1459 1928 facultatem

120 1946 300 1999 putavit,
320 1948 368 1986 ut
389 1960 438 1986 ex
457 1946 618 1987 invidia
633 1945 846 1986 senatoria
859 1949 1006 1999 posset
1021 1960 1219 1998 crescere,
1241 1946 1353 1999 quod
1369 1946 1458 1987 eius

121 2003 281 2044 ordinis
307 2003 462 2045 indicia
489 2005 627 2045 minus
654 2004 741 2045 iam
766 2004 941 2058 probari
965 2005 1126 2058 populo
1154 2005 1456 2046 arbitrabatur.

119 2061 317 2102 Habetur
348 2077 432 2104 una
463 2065 590 2117 atque
624 2063 759 2103 altera
792 2063 933 2103 contio
959 2063 1187 2103 vehemens
1221 2065 1262 2103 et
1296 2063 1458 2117 gravis3

121 2120 333 2173 accepisse
364 2121 587 2174 pecuniam
618 2121 794 2173 iudices,
830 2124 877 2161 ut
907 2121 1178 2162 innocentem
1210 2136 1329 2162 reum
1363 2135 1459 2161 con-

123 2177 384 2231 demnarent,
415 2179 615 2220 tribunus
646 2179 783 2233 plebis
815 2179 1123 2232 clam[it]abat3
1160 2179 1231 2234 agi
1261 2179 1457 2219 fortunas

122 2236 313 2277 omnium
351 2212 538 2291 dicebat,
575 2239 695 2278 nulla
732 2251 824 2278 esse
861 2237 1033 2292 iudicia,
1071 2238 1144 2292 qui
1182 2237 1458 2292 pecuniosum

120 2294 339 2335 inimicum
382 2295 577 2350 haberet,
626 2296 885 2337 incolumem
928 2310 1019 2337 esse
1062 2296 1275 2337 neminem
1318 2309 1458 2349 posse.

192 2368 264 2394 010
283 2370 327 2394 11
348 2371 363 2395 ε
1224 2367 1243 2397 9
