1619 2542
62 630 106 660 50

136 112 222 153 206
443 111 506 146 DE
532 110 658 146 LEGE
685 110 901 145 AGRARIA
926 109 1103 145 ORATIO
1129 109 1172 145 II.

135 222 305 262 quaeso,
330 207 551 262 ignoscite,
578 206 613 248 si
640 206 809 261 appello
836 206 968 247 talem
994 206 1132 247 virum
1159 206 1338 260 saepius.
1381 206 1471 248 Vos

134 267 239 308 mihi
278 267 466 321 praetori
503 265 675 306 biennio
715 268 831 318 ante,
876 263 1082 318 Quirites,
1123 264 1205 306 hoc
1243 264 1390 306 eodem
1426 265 1472 306 in

133 326 226 366 loco
271 339 498 379 personam
546 324 655 365 hanc
699 323 982 377 imposuistis,
1026 326 1092 376 ut,
1137 323 1470 378 quibuscumque

134 384 261 424 rebus
287 398 470 438 possem,
502 382 619 431 illius
646 382 835 423 absentis
862 381 1117 436 dignitatem
1141 381 1362 424 vobiscum
1386 396 1472 423 una

134 444 289 483 tuerer.
350 441 448 483 Feci
487 441 640 495 adhuc,
680 455 786 494 quae
824 440 962 495 potui,
999 455 1136 494 neque
1174 440 1506 482 familiaritate5

133 501 250 542 illius
304 499 509 541 adductus
552 513 629 540 nec
673 513 746 554 spe
789 499 964 540 honoris
1008 502 1134 553 atque
1179 499 1471 554 amplissimae

135 559 371 614 dignitatis,
403 573 530 613 quam
563 572 661 613 ego,
694 557 775 599 etsi
806 557 966 599 libente
998 558 1087 610 illo,
1118 560 1264 599 tamen
1295 558 1470 599 absente

133 618 208 658 illo
254 632 329 672 per
367 632 441 658 vos
490 619 740 658 consecutus
780 631 887 657 sum.
954 615 1091 664 Quam
1129 616 1184 657 ob
1222 630 1331 671 rem,
1373 631 1470 658 cum

132 676 384 732 intellegam
415 679 554 717 totam
585 675 695 717 hanc
726 675 812 716 fere
844 675 983 730 legem
1010 675 1063 716 ad
1087 675 1203 716 illius
1230 689 1332 730 opes
1358 689 1470 717 ever-

132 712 310 776 tendasU
309 738 532 788 tamquam
558 734 799 775 machinam
820 734 1070 788 comparari,
1096 736 1138 774 et
1157 734 1354 775 resistam
1375 745 1523 775 eon-10

134 793 240 834 siliis
272 793 494 834 hominum
527 795 569 834 et
601 793 817 846 perficiam
835 792 1053 858 profecto,
1086 792 1201 847 quod
1233 805 1314 846 ego
1346 792 1469 834 video

134 852 429 907 [comparari],
475 854 524 892 ut
566 851 610 892 id
653 865 728 892 vos
772 851 960 892 universi
1001 866 1088 892 non
1132 851 1271 892 solum
1315 850 1469 904 videre,

67 912 117 953 19
135 925 281 951 verum
314 910 444 952 etiam
470 912 613 951 tenere
639 909 827 964 possitis.
876 909 1001 951 Iubet
1025 909 1181 963 venire,
1213 924 1320 964 quae
1347 909 1469 950 Atta-

63 1389 104 1419 51

64 2147 106 2177 52

133 969 326 1022 lensium,
358 983 465 1023 quae
490 967 768 1021 Phaselitum,
800 983 907 1022 qua-e
933 967 1268 1023 Olympenorum
1299 968 1470 1021 fuerint,

134 1041 368 1083 agrumque
406 1028 668 1081 Aperensem
708 1029 751 1067 et
786 1025 1070 1068 Oroandicum
1109 1030 1152 1068 et
1184 1025 1467 1068 Gedusanum.
1488 1038 1522 1064 15

132 1086 249 1127 Haec
292 1086 337 1127 P.
369 1084 525 1127 Servili
566 1085 746 1139 imperio
791 1088 834 1126 et
864 1085 1061 1138 victoria,
1106 1085 1334 1126 clarissimi
1377 1085 1470 1138 viri,

133 1147 276 1185 vestra
314 1144 429 1185 facta
467 1146 577 1185 sunt.
638 1143 848 1198 Adiungit
886 1157 1012 1198 agros
1044 1143 1274 1197 Bithyniae
1315 1143 1467 1198 regios,

134 1202 286 1257 quibus
312 1216 424 1244 nunc
448 1202 668 1257 publicani
692 1201 908 1257 fruuntur-3
935 1201 1083 1243 deinde
1104 1202 1318 1243 Attalicos
1340 1216 1466 1257 agros

128 1262 173 1302 in
205 1259 487 1314 Cherroneso,
525 1261 569 1301 'm
600 1260 866 1314 Macedonia,
908 1260 980 1314 qui
1010 1260 1124 1315 regis
1155 1259 1347 1315 Philippi
1379 1260 1468 1301 sive

131 1319 285 1361 Persae
324 1319 513 1372 fuerunt,
553 1320 625 1373 qui
662 1319 765 1360 item
798 1334 823 1359 a
854 1319 1100 1360 censoribus
1131 1318 1263 1360 locati
1294 1321 1395 1359 sunt
1426 1321 1469 1359 et
1489 1330 1522 1355 20

133 1377 417 1419 certissimum
449 1378 634 1433 vectigal
659 1376 708 1403 ἧς*
740 1377 931 1419 Ascribit
960 1379 1069 1418 item
1104 1377 1291 1418 auctioni
1324 1375 1469 1419 Corin-

132 1437 247 1477 thios
281 1450 406 1491 agros
439 1436 604 1490 opimos
632 1439 673 1477 et
702 1435 866 1477 fertiles
894 1440 936 1477 et
962 1435 1237 1490 Cyrenenses,
1269 1435 1341 1490 qui
1366 1435 1469 1490 Api-

133 1496 224 1536 onis
244 1494 429 1548 fuerunt,
457 1497 499 1536 et
520 1509 647 1550 agros
667 1495 711 1535 in
730 1494 941 1549 Hispania
960 1497 1135 1549 propter
1154 1493 1468 1549 Karthaginem

131 1568 287 1595 novam
315 1557 357 1594 et
384 1555 429 1594 in
448 1553 595 1595 Africa
613 1554 752 1607 ipsam
772 1556 959 1594 veterem
978 1552 1291 1608 Karthaginem
1310 1552 1467 1605 vendit,

133 1627 259 1666 quam
298 1611 495 1653 videlicet
533 1612 579 1653 P.
611 1612 838 1653 Africanus
878 1627 964 1653 non
1002 1614 1177 1667 propter
1215 1611 1466 1666 religionem
1487 1622 1521 1648 ‘25

134 1670 278 1711 sedum
310 1671 484 1712 illarum
517 1685 564 1711 ac
595 1671 824 1712 vetustatis
856 1670 906 1711 de
938 1670 1106 1712 consilii
1132 1670 1345 1712 sententia
1370 1683 1467 1711 con-

135 1728 334 1782 secravit,
364 1743 441 1770 nec
474 1731 521 1769 ut
551 1729 643 1783 ipse
675 1730 793 1770 locus
826 1743 988 1782 eorum,
1021 1729 1093 1783 qui
1125 1743 1218 1770 cum
1250 1727 1330 1769 hac
1361 1728 1464 1768 urbe

134 1787 183 1827 de
231 1786 409 1841 imperio
454 1786 740 1841 decertarunt,
796 1788 981 1842 vestigia
1023 1786 1279 1829 calamitatis
1328 1788 1466 1827 osten-

134 1845 268 1896 deret,
313 1845 386 1885 sed
422 1859 509 1886 non
546 1846 629 1886 fuit
666 1849 756 1887 tam
794 1846 995 1901 diligens,
1033 1859 1161 1899 quam
1199 1847 1264 1885 est
1299 1843 1465 1897 Rullus,

134 1906 207 1944 aut
248 1902 432 1944 fortasse
473 1908 707 1958 emptorem
752 1904 790 1946 ei
832 1905 924 1946 loco
967 1903 1151 1958 reperire
1187 1917 1273 1943 non
1311 1903 1465 1956 potuit.
1484 1915 1519 1939 30

132 1960 293 2002 Verum
324 1961 435 2001 inter
465 1961 544 2002 hos
571 1975 695 2015 agros
723 1963 900 2018 [regios]
928 1965 1075 2015 captos
1102 1961 1313 2002 veteribus
1340 1961 1464 2002 bellis

133 2020 292 2061 virtute
318 2033 580 2061 summorum
606 2021 911 2075 imperatorum
936 2019 1132 2074 adiungit
1156 2020 1298 2074 regios
1324 2033 1465 2074 agros,

132 2078 393 2119 Mithridatis
426 2078 498 2131 qui
528 2078 573 2118 in
603 2078 916 2134 Paphlagonia,
947 2078 1019 2132 qui
1049 2079 1094 2118 in
1124 2077 1287 2131 Ponto,
1319 2078 1392 2132 qui
1421 2078 1466 2118 in

134 2136 405 2192 Cappadocia
435 2136 624 2190 fuerunt,
655 2140 703 2177 ut
729 2152 800 2179 eos
833 2136 1059 2179 decemviri
1089 2136 1286 2177 vendant.
1344 2135 1465 2178 Itane

133 2195 262 2236 vero‘?
300 2209 386 2236 non
424 2194 592 2249 legibus
631 2195 761 2249 datis,
799 2210 886 2237 non
923 2194 1078 2236 auditis
1110 2195 1250 2235 verbis
1281 2195 1463 2249 impera·
1483 2204 1517 2230 35

133 2254 253 2306 toris,
283 2252 472 2295 nondum
506 2252 683 2306 denique
709 2254 820 2295 bello
848 2253 1050 2306 confecto,
1083 2268 1176 2294 cum
1201 2267 1275 2294 rex
1299 2252 1464 2294 Mithri-

135 2312 253 2353 dates
281 2311 439 2353 amisso
467 2311 651 2352 exercitu
676 2326 808 2366 regno
835 2311 1034 2367 expulsus
1060 2313 1206 2353 tamen
1230 2311 1275 2352 in
1299 2310 1462 2352 ultimis
