1687 2533
521 95 622 132 CAP.
651 101 786 132 10-12
814 101 832 139 g
859 101 1008 132 25-30.
1352 98 1435 137 441

98 197 173 236 aut
205 196 344 235 aetate
377 196 451 235 aut
481 193 724 235 valetudine
757 196 882 246 esset,
912 208 999 234 non
1032 208 1075 234 se
1102 193 1152 235 de
1180 193 1318 234 salute
1345 208 1439 234 mea

98 253 355 294 sententiam
404 252 543 293 ferre?
613 251 789 300 Quando
840 254 1007 293 tantam
1058 252 1345 306 frequentiam
1395 254 1440 293 in

98 326 268 366 campo,
299 313 467 352 tantum
501 311 770 365 splendorem
803 309 956 351 Italiae
988 311 1121 352 totius
1155 311 1437 365 ordinumque

98 370 307 423 omnium,
348 369 515 423 quando
552 370 629 411 illa
668 369 880 424 dignitate
912 372 1153 424 rogatores,
1191 370 1436 411 diribitores

62 441 78 466 5
98 429 378 483 custodesque
410 428 608 469 vidistis?
670 428 820 482 ltaque
851 427 896 468 P.
929 427 1100 469 Lentuli
1132 429 1336 470 beneficio
1371 443 1438 470 ex-

97 487 269 529 cellenti
313 491 441 541 atque
480 487 621 528 divino
659 501 745 527 non
783 487 947 528 reducti
987 501 1131 528 sumus
1170 488 1215 528 in
1251 487 1437 541 patriam

97 547 156 587 sic
188 549 236 587 ut
266 561 353 587 non
383 546 493 586 nulli
524 545 751 587 clarissimi
784 545 909 599 cives,
941 546 1015 587 sed
1048 546 1166 600 equis
1192 546 1436 601 insignibus

97 608 139 645 et
171 619 296 646 curru
329 607 479 645 aurato
512 604 734 659 reportati.

184 663 364 704 Possum
422 676 501 716 ego
553 663 657 703 satis
707 662 753 703 in
804 661 881 705 Cn.
931 662 1182 716 Pompeium
1233 679 1436 717 umquam

44 735 77 759 ιο
97 725 246 777 gratus
285 721 450 763 videri?
491 721 562 776 qui
599 736 685 762 non
724 722 861 762 solum
900 722 1011 776 apud
1050 736 1145 776 VOS,
1185 723 1257 776 qui
1289 737 1436 764 omnes

96 781 207 821 idem
241 780 504 833 sentiebatis,
539 780 612 821 sed
644 780 775 821 etiam
808 780 919 833 apud
951 780 1195 822 universum
1230 782 1437 836 populum

97 840 282 880 salutem
325 839 475 894 populi
509 838 693 880 Romani
737 843 779 880 et
823 842 1120 880 conservatam
1165 854 1240 894 per
1284 855 1350 880 me
1395 842 1438 880 et

96 899 369 939 coniunctam
402 911 493 938 esse
525 912 621 939 cum
653 912 747 938 mea
779 897 952 948 dixerit3
989 897 1061 951 qui
1093 912 1264 939 causam
1297 913 1437 939 meam

95 956 376 1011 prudentibus
409 957 731 1009 commendarit,
766 956 990 1010 imperitos
1023 956 1240 998 edocuerit
1273 957 1437 998 eodem-

43 1027 75 1052 15
97 1030 177 1069 que
221 1018 412 1068 tempore
451 1015 670 1068 improbos
711 1015 967 1056 auctoritate
1009 1029 1085 1056 sua
1123 1016 1437 1070 compresserit,

95 1074 230 1114 bonos
263 1073 478 1126 excitarit3
511 1073 582 1127 qui
613 1074 819 1128 populum
852 1073 1093 1114 Romanum
1126 1089 1204 1128 pro
1231 1089 1297 1115 me
1330 1077 1437 1115 tam-

95 1147 224 1186 quam
255 1146 333 1186 pro
367 1131 500 1172 fratre
533 1135 608 1173 aut
639 1147 716 1186 pro
749 1135 925 1186 parente
957 1146 1045 1173 non
1071 1133 1210 1174 solum
1236 1133 1436 1174 hortatus

94 1191 168 1243 sit,
212 1205 360 1232 verum
406 1190 536 1231 etiam
584 1190 835 1244 obsecrarit3
885 1190 958 1244 qui
1001 1204 1093 1232 cum
1130 1191 1221 1245 ipse
1259 1195 1437 1246 propter

94 1251 257 1290 metum
286 1249 571 1290 dimicationis
599 1252 641 1290 et
667 1249 889 1304 sanguinis
917 1249 1042 1290 domo
1070 1264 1114 1290 se
1140 1252 1317 1303 teneret,
1349 1250 1436 1292 iam

41 1320 75 1345 20
95 1322 120 1349 a
158 1307 448 1362 superioribus
486 1308 670 1348 tribunis
705 1308 895 1361 petierit,
933 1312 981 1348 ut
1013 1308 1062 1348 de
1096 1308 1234 1349 salute
1268 1323 1362 1349 mea
1395 1312 1437 1350 et

94 1367 420 1421 promulgarent
452 1369 494 1406 et
524 1365 751 1419 referrent3
790 1366 863 1419 qui
894 1366 938 1406 in
970 1366 1140 1406 colonia
1170 1381 1305 1421 nuper
1338 1381 1437 1408 con-

95 1424 249 1465 stituta
287 1438 382 1464 cum
419 1424 510 1477 ipse
550 1428 717 1478 gereret
754 1424 1075 1478 magistratum,
1112 1424 1154 1464 in
1195 1440 1278 1479 qua
1309 1439 1435 1467 nemo

95 1486 187 1523 erat
219 1485 387 1536 emptus
414 1482 682 1535 intercessor,
713 1483 801 1523 vim
828 1485 871 1522 et
896 1482 1192 1524 crudelitatem
1218 1483 1433 1539 privilegii

95 1542 350 1582 auctoritate
389 1540 792 1582 honestissimorum
824 1541 1045 1582 hominum
1078 1543 1122 1581 et
1152 1541 1336 1594 publicis
1368 1542 1435 1583 lit-

43 1611 76 1636 25
96 1600 201 1640 teris
234 1599 497 1653 consignarit
528 1599 808 1653 princepsque
834 1599 987 1640 Italiae
1013 1599 1147 1640 totius
1172 1600 1435 1654 praesidium

94 1657 149 1699 ad
181 1671 319 1699 meam
353 1657 535 1698 salutem
566 1657 869 1711 inplorandum
901 1658 1084 1712 putarit3
1117 1659 1190 1711 qui
1221 1673 1315 1700 cum
1342 1658 1434 1714 ipse

94 1716 201 1757 mihi
234 1729 401 1770 semper
433 1714 716 1756 amicissimus
741 1716 906 1768 fuisset,
939 1717 1069 1757 etiam
1095 1720 1144 1756 ut
1169 1731 1269 1759 suos
1294 1731 1434 1758 neces·

95 1775 230 1816 sarios
258 1774 363 1815 mihi
391 1774 550 1815 amicos
577 1774 784 1827 redderet,
810 1774 1054 1815 elaborarit.
1099 1773 1262 1823 Quibus
1290 1778 1434 1817 autem
1463 1807 1468 1813 .

96 1832 247 1874 officiis
285 1832 331 1873 T.
374 1832 487 1872 Anni
524 1832 729 1873 beneficia
766 1833 1100 1875 remunerabor?
1138 1834 1256 1875 cuius
1295 1834 1433 1875 omnis

42 1903 76 1927 30
95 1891 225 1945 ratio,
263 1890 488 1946 cogitatio,
525 1893 643 1931 totus
682 1890 861 1945 denique
898 1891 1144 1933 tribunatus
1175 1892 1285 1933 nihil
1319 1892 1435 1933 aliud

94 1949 177 1990 fuit
214 1949 298 1990 nisi
336 1953 556 2002 constans,
597 1951 821 2002 perpetua,
860 1948 1005 1999 fortis,
1046 1949 1206 1991 invicta
1243 1950 1433 1992 defensio

96 2008 248 2049 salutis
288 2021 418 2048 meae.
485 2005 595 2055 Quid
634 2007 683 2047 de
715 2006 758 2047 P.
798 2007 937 2049 Sestio
975 2008 1157 2063 loquar?
1202 2010 1274 2063 qui
1313 2022 1434 2049 suam

97 2079 198 2119 erga
241 2080 308 2107 me
353 2065 688 2106 benivolentiam
733 2068 775 2106 et
818 2065 944 2107 fidem
987 2081 1074 2107 non
1119 2067 1259 2108 solum
1304 2066 1435 2108 animi

96 2124 253 2177 dolore,
285 2123 359 2164 sed
390 2124 521 2165 etiam
553 2125 744 2178 corporis
775 2123 1021 2166 vulneribus
1055 2124 1253 2166 ostendit.

44 2192 78 2218 35
184 2180 322 2222 Vobis
360 2195 478 2235 vero,
516 2185 659 2236 patres
699 2182 946 2236 conscripti,
984 2183 1166 2238 singulis
1205 2186 1248 2223 et
1285 2183 1354 2237 egi
1391 2186 1434 2224 et

98 2254 226 2295 agam
273 2241 453 2294 gratias,
496 2240 708 2281 universis
753 2240 821 2294 egi
862 2240 1005 2294 initio,
1050 2243 1256 2295 quantum
1299 2241 1433 2294 potui,

98 2298 204 2339 satis
231 2300 380 2338 ornate
407 2312 531 2352 agere
557 2298 676 2339 nullo
704 2298 829 2339 modo
855 2313 1043 2353 possum.
1093 2299 1151 2340 Et
1174 2313 1433 2352 quamquam

1465 670 1506 700 29

1453 1752 1505 1792 12

1461 1803 1506 1834 50
