1687 2533
541 72 643 108 CAP.
671 76 759 108 7—-9
787 76 805 115 ἓ
834 75 981 107 16—22.
1318 73 1404 114 465

69 170 217 226 pedior
249 169 324 211 Cn.
355 169 530 223 Pompei
562 168 807 223 triumphis,
847 168 1000 222 quibus
1032 168 1125 222 ille,
1163 183 1258 210 cum
1292 172 1404 211 esset

69 232 189 271 extra
221 228 411 271 ordinem
445 228 497 269 ad
523 228 709 282 patriam
735 227 1039 268 defendendam
1066 230 1254 281 vocatus,
1286 228 1404 269 auxit

68 302 224 329 nomen
260 287 410 342 populi
442 286 624 327 Romani
660 285 969 340 imperiumque
1004 285 1269 340 honestavit,
1307 301 1401 328 con-

69 346 272 388 stantiam
297 345 445 400 probo,
472 359 555 399 qua
575 344 679 385 mihi
701 358 866 398 quoque
886 344 1090 385 utendum
1109 344 1204 398 fuit,
1225 359 1307 399 quo
1329 345 1402 386 ille

32 416 49 442 5
69 407 241 446 auctore
280 407 402 445 extra
433 403 622 445 ordinem
654 403 813 444 bellum
846 418 940 444 cum
973 401 1223 444 Mithridate
1255 403 1402 459 Tigra-

66 477 202 517 neque
249 464 393 518 gessit.
463 461 544 503 Sed
588 476 683 503 cum
720 461 806 502 illis
845 476 1019 516 possum
1059 465 1202 503 tamen
1242 462 1401 517 aliquid
1427 474 1473 506 20

68 522 304 576 disputare3
335 524 409 562 tua
440 535 538 562 vero
571 535 677 574 quae
709 523 831 561 tanta
861 520 1111 574 inpudentia
1143 523 1219 574 est,
1251 523 1299 562 ut
1331 537 1401 562 au-

68 580 167 621 deas
206 580 341 621 dicere
381 582 501 621 extra
539 579 729 620 ordinem
767 578 859 619 dari
896 579 1004 619 nihil
1042 579 1240 633 cuiquam
1280 594 1402 634 opor-

68 639 186 680 tere?
232 637 312 686 Qui
338 653 433 679 cum
460 638 552 692 lege
578 637 742 678 nefaria
762 637 1072 691 Ptolomaeum,
1097 652 1241 692 regem
1263 637 1402 693 Cypri,

17 709 50 734 10
69 697 248 738 fratrem
275 697 388 751 regis
409 696 700 750 Alexandrini,
727 696 871 737 eodem
893 696 982 737 iure
1002 699 1253 751 regnantem
1275 712 1402 739 causa

66 756 285 810 incognita
330 755 591 810 publicasses
635 755 924 809 populumque
963 754 1203 796 Romanum
1244 756 1401 798 scelere

68 814 319 869 obligasses,
352 828 445 854 cum
477 814 522 854 in
553 813 642 854 eius
675 828 865 867 regnum,
897 814 1021 867 bona,
1052 813 1246 855 fortunas
1272 814 1400 856 latro-

67 873 225 914 cinium
252 873 377 913 huius
403 871 571 927 imperii
595 872 843 921 inmisisses‚
875 872 992 913 cuius
1018 886 1114 913 cum
1139 875 1275 926 patre,
1307 888 1400 928 avo,

67 931 300 972 maioribus
345 930 525 972 societas
568 930 692 971 nobis
738 934 780 971 et
825 930 1011 972 amicitia
1054 930 1223 985 fuisset,
1272 931 1398 973 huius

13 1001 46 1026 15
65 990 268 1044 pecuniae
296 989 583 1043 deportandae
610 991 663 1043 et,
696 989 732 1030 si
757 989 821 1029 ius
849 1004 971 1030 suum
1000 989 1255 1043 defenderet,
1282 990 1397 1032 bello

65 1048 250 1103 gerendo
276 1047 332 1088 M.
354 1047 558 1089 Catonem
588 1047 840 1102 praefecisti.
890 1047 1031 1089 Dices:
1065 1046 1214 1096 tQuem
1240 1048 1394 1090 virum!
1425 1061 1464 1093 21

65 1106 401 1161 sanctissimum,
445 1106 844 1159 prudentissimum,
888 1106 1190 1160 fortissimum,
1235 1108 1399 1148 amicis-

65 1165 219 1206 simum
263 1165 324 1205 rei
360 1165 577 1219 publicae,
621 1165 798 1218 virtute,
842 1162 1038 1215 consilio,
1082 1165 1246 1206 ratione
1284 1165 1398 1207 vitae

65 1223 255 1264 mirabili
286 1223 339 1265 ad
371 1223 538 1264 laudem
572 1226 614 1264 et
645 1238 777 1278 prope
810 1223 1050 1278 singularil'
1104 1222 1185 1265 Sed
1217 1224 1319 1278 quid
1346 1225 1399 1266 ad

11 1293 45 1318 20
65 1284 118 1335 te,
152 1282 224 1335 qui
254 1296 386 1336 negas
418 1296 509 1323 esse
540 1296 686 1322 verum
719 1296 974 1336 quemquam
1006 1282 1085 1322 ulli
1116 1282 1177 1323 rei
1201 1283 1398 1336 publicae

65 1343 185 1380 extra
223 1340 411 1381 ordinem
449 1340 648 1394 praefici?
710 1339 860 1393 Neque
899 1340 943 1380 in
974 1340 1055 1380 hoc
1087 1340 1224 1381 solum
1256 1341 1398 1382 incon-
1424 1343 1449 1384 9

65 1398 268 1439 stantiam
312 1398 521 1452 redarguo
565 1400 702 1451 tuam,
744 1399 813 1439 sed
853 1399 973 1438 etiam
1009 1398 1055 1438 in
1091 1398 1184 1451 ipso
1224 1397 1397 1441 Catone.

65 1455 199 1504 Quem
237 1459 284 1497 tu
320 1456 364 1496 in
403 1470 450 1497 eo
489 1457 643 1509 ozeyotz‘o
680 1471 766 1497 non
803 1471 881 1511 pro
913 1456 1029 1497 illius
1062 1456 1271 1511 dignitate
1302 1472 1398 1511 pro-

65 1515 263 1568 duxeras,
303 1514 375 1555 sed
412 1528 489 1568 pro
528 1517 601 1555 tuo
642 1515 798 1556 scelere
838 1514 1118 1568 subduxeras,
1157 1529 1280 1569 quem
1312 1517 1397 1558 tuis

12 1583 45 1609 25
66 1572 238 1627 Sergiis,
271 1572 434 1627 Lolliis,
460 1572 584 1613 Titiis
612 1573 845 1627 ceterisque
872 1573 1011 1614 caedis
1039 1576 1080 1614 et
1105 1574 1397 1616 incendiorum

65 1631 239 1672 ducibus
272 1631 508 1684 obieceras,
540 1645 664 1684 quem
696 1632 934 1673 carnificem
967 1632 1140 1685 civium,
1171 1646 1296 1686 quem
1333 1633 1396 1674 in-

64 1690 359 1730 demnatorum
397 1690 510 1731 necis
548 1689 802 1744 principem,
840 1705 964 1744 quem
1002 1690 1264 1732 crudelitatis
1304 1706 1397 1733 auc-

63 1750 200 1789 torem
239 1748 370 1789 fuisse
408 1748 591 1800 dixeras,
630 1748 683 1788 ad
720 1749 830 1789 hunc
862 1749 1065 1789 honorem
1099 1752 1141 1790 et
1171 1750 1396 1803 imperium

65 1808 183 1846 extra
228 1806 417 1847 ordinem
459 1806 713 1847 nominatim
752 1808 974 1861 rogatione
1012 1809 1087 1848 tua
1126 1807 1316 1849 detulisti
1354 1811 1396 1850 et

11 1874 46 1900 30
66 1866 186 1905 tanta
216 1864 338 1905 fuisti
369 1865 717 1919 intemperantia,
749 1868 795 1906 ut
826 1865 940 1906 illius
972 1865 1036 1906 tui
1068 1866 1235 1907 sceleris
1268 1867 1396 1908 ratio-

64 1937 160 1963 nem
198 1923 410 1964 occultare
446 1938 532 1964 non
571 1937 737 1978 posse33
774 1923 940 1964 litteras
977 1924 1021 1964 in
1059 1924 1256 1966 contione
1294 1925 1395 1966 reci·
1422 1937 1464 1969 22

64 1981 187 2033 tasti,
225 1995 328 2035 quas
361 1981 442 2022 tibi
474 1996 498 2023 a
530 1980 575 2022 C.
608 1980 789 2022 Caesare
821 1982 972 2023 missas
1006 1982 1164 2024 diceres
1197 1982 1395 2024 ‘CAESAR

64 2038 312 2092 PULCHRO’,
356 2054 450 2080 cum
496 2041 626 2081 etiam
665 2054 708 2080 es
748 2043 1068 2094 argumentatus
1107 2041 1264 2082 amoris
1303 2055 1394 2082 esse

64 2096 144 2138 hoc
171 2097 351 2151 signum,
375 2099 482 2150 quod
506 2098 830 2153 cognominibus
857 2102 1024 2140 tantum
1050 2102 1241 2140 uteretur
1261 2113 1394 2153 neque

13 2165 46 2190 35
67 2154 323 2196 adscriberet
353 2154 459 2197 ‘PRO
493 2157 716 2198 CONSULE'
751 2160 823 2198 aut
849 2156 1066 2199 ‘TRIBUNO
1096 2156 1265 2210 PLEBI’3
1298 2157 1395 2199 dein

65 2213 274 2267 gratulari
322 2213 419 2266 tibi,
468 2215 578 2268 quod
627 2215 682 2255 M.
716 2213 923 2257 Catonem
971 2230 998 2257 a
1046 2216 1268 2256 tribunatu
1317 2218 1391 2257 tuo

65 2271 319 2312 removisses
359 2275 399 2312 et
438 2273 549 2325 quod
586 2274 625 2313 ei
658 2273 817 2314 dicendi
850 2274 895 2314 in
926 2276 1143 2328 posterum
1176 2273 1224 2314 de
1257 2277 1394 2315 extra-

135 2344 205 2371 etc.
223 2345 264 2370 11.
283 2346 307 2370 2.
1136 2346 1178 2375 30
