1619 2542
159 82 217 123 50
523 80 616 116 PRO
643 82 686 116 A.
714 80 925 116 CAECINA
951 80 1139 116 ORATIO.

161 176 332 231 quidem
364 177 461 231 ipsa
493 177 529 218 si
562 178 681 232 sequi
712 177 928 230 volumus,
961 191 1044 231 quo
1077 175 1203 218 modo
1235 178 1283 218 tu
1315 176 1504 232 deiceris,

161 251 257 277 cum
290 250 436 277 servus
468 238 566 277 tuus
600 235 808 277 deicitur?
869 234 1030 276 Verum
1061 235 1124 276 ita
1162 237 1244 289 est,
1281 234 1345 276 uti
1382 235 1503 290 dicis;

160 297 204 336 te
224 294 433 336 deiectum
453 294 584 336 debeo
604 294 866 348 int-ellegere,
893 293 1063 335 etiamsi
1088 296 1230 335 tactus
1250 308 1336 335 non
1360 293 1503 336 fueris.

162 352 344 395 Nonne?
401 353 494 408 Age
531 368 661 406 nunc,
703 353 739 394 si
775 367 828 394 ne
865 355 1036 394 tuorum
1074 352 1245 406 quidem
1277 354 1504 407 quisquam

161 412 255 454 loco
293 412 437 453 motus
476 411 558 452 erit
589 415 716 466 atque
748 425 895 452 omnes
925 411 971 452 in
1002 411 1176 452 aedibus
1209 410 1423 452 adservati
1455 425 1503 453 ac
1522 421 1538 448 5

162 471 332 524 retenti,
364 473 412 511 tu
445 471 561 511 solus
593 470 835 524 prohibitus
869 472 912 511 et
943 485 967 511 a
992 470 1078 510 tuis
1105 469 1280 510 aedibus
1307 469 1350 510 vi
1375 472 1504 523 atque

165 530 293 570 armis
328 529 603 583 proterritus,
634 531 779 570 utrum
811 528 921 570 hanc
953 528 1166 570 actionem
1197 528 1388 582 habebis,
1421 542 1504 582 qua

163 602 241 629 nos
261 588 327 629 usi
347 602 506 641 sumus,
532 597 587 628 an
606 587 735 628 aliam
756 587 1002 642 quampiam
1028 601 1082 628 an
1107 586 1281 628 omnino
1307 587 1503 628 nullam?

164 645 341 687 Nullam
375 661 466 687 esse
499 646 709 688 actionem
743 646 879 687 dicere
917 646 962 687 in
998 660 1043 687 re
1081 648 1168 686 tam
1206 645 1367 701 insigni
1397 648 1503 686 tam-

166 719 245 760 que
284 705 419 746 atroci
455 719 592 759 neque
630 704 880 758 prudentiae
917 719 1053 758 neque
1095 703 1363 745 auctoritatis
1403 706 1502 745 tuae
1523 715 1557 740 10

165 767 245 818 est3
280 764 363 805 alia
396 765 431 804 si
463 778 570 818 quae
603 763 710 805 forte
738 767 814 817 est,
846 778 953 818 quae
979 777 1057 804 nos
1082 762 1254 817 fugerit,
1285 762 1362 817 dic,
1395 776 1503 817 quae

165 823 237 876 sit3
269 823 392 877 cupio
426 823 598 864 discere.
659 821 776 863 Haec
814 822 850 862 si
887 825 968 876 est,
1006 836 1089 875 qua
1126 835 1204 862 nos
1242 821 1308 862 usi
1345 835 1502 874 sumus,

164 884 206 922 te
237 881 374 923 iudice
407 881 626 922 vincamus
657 895 828 922 necesse
861 883 939 922 est.
986 879 1086 921 Non
1118 880 1229 921 enim
1260 894 1419 933 vereor,
1449 894 1503 921 ne

163 940 243 982 hoc
275 940 407 993 dicas,
444 940 490 981 in
527 940 672 980 eadem
711 954 839 981 causa
871 939 1016 980 eodem
1048 938 1275 981 interdicto
1306 941 1348 980 te
1381 952 1502 993 opor-

164 1002 253 1039 tere
285 998 468 1052 restitui,
501 997 725 1040 Caecinam
756 1012 843 1039 non
869 1000 1078 1052 oportere.
1126 997 1299 1038 Etenim
1325 997 1392 1039 cui
1417 1011 1503 1038 non
1524 1007 1557 1034 15

163 1057 436 1112 perspicuum
475 1060 539 1098 est
572 1057 622 1097 ad
654 1057 864 1098 incertum
902 1056 1092 1098 revocari
1130 1057 1259 1110 bona,
1295 1055 1504 1110 fortunas,

163 1115 456 1169 possessiones
490 1115 692 1169 omnium,
725 1115 761 1155 si
792 1115 883 1156 ulla
915 1130 964 1156 ex
990 1118 1112 1169 parte
1139 1114 1353 1156 sententia
1377 1114 1503 1155 huius

163 1173 381 1215 interdicti
425 1174 642 1214 deminuta
686 1176 760 1214 aut
803 1173 1020 1214 infirmata
1053 1173 1125 1223 sit,
1169 1173 1206 1214 si
1248 1173 1504 1214 auctoritate

164 1233 354 1274 virorum
388 1233 541 1274 talium
579 1233 643 1273 vis
683 1234 947 1273 armatorum
984 1232 1207 1273 hominum
1238 1231 1394 1273 iudicio
1428 1231 1497 1272 ad-

163 1291 349 1346 probata
383 1291 595 1344 videatur,
631 1291 677 1332 in
714 1304 796 1344 quo
835 1290 988 1332 iudicio
1020 1305 1108 1331 non
1139 1290 1189 1331 de
1222 1290 1350 1330 armis
1384 1289 1501 1330 dubi·
1522 1300 1556 1326 20

163 1353 322 1403 tatum,
366 1350 438 1391 sed
477 1350 526 1390 de
564 1348 704 1390 verbis
743 1350 983 1403 quaesitum
1021 1362 1113 1390 esse
1152 1348 1344 1390 dicatur?
1405 1347 1502 1389 Isne

165 1409 276 1462 apud
313 1423 390 1450 vos
429 1408 642 1450 obtinebit
679 1422 852 1449 causam
891 1422 1028 1461 suam,
1071 1407 1143 1461 qui
1181 1421 1224 1448 se
1263 1407 1326 1448 ita
1364 1406 1503 1447 defen-

165 1467 292 1508 derit:
333 1467 497 1508 ‘Reieci
530 1481 608 1522 ego
641 1469 683 1507 te
717 1466 893 1507 armatis
925 1466 1189 1518 hominibus,
1220 1480 1307 1507 non
1338 1464 1502 1517 deieci'‚

164 1529 213 1568 ut
250 1528 419 1567 tantum
456 1525 620 1567 facinus
657 1539 744 1566 non
780 1525 825 1566 in
863 1525 1078 1579 aequitate
1116 1524 1392 1578 defensionis,
1430 1523 1503 1565 sed

93 1597 137 1627 39
164 1585 209 1626 111
241 1599 325 1626 una
356 1585 504 1625 littera
536 1584 714 1625 latuisse
746 1583 968 1625 videatur?
1019 1582 1208 1624 Huiusce
1232 1583 1294 1624 rei
1318 1596 1393 1624 vos
1419 1584 1503 1623 sta·
1522 1592 1556 1619 25

165 1643 294 1684 tuetis
335 1643 499 1684 nullam
541 1657 633 1684 esse
674 1642 903 1695 actionem,
942 1642 1106 1683 nullum
1151 1641 1398 1696 experiundi
1437 1641 1502 1681 ius

166 1701 459 1755 constitutum,
487 1702 558 1756 qui
579 1701 797 1742 obstiterit
817 1701 994 1742 armatis
1021 1700 1275 1749 hominibus,
1303 1699 1375 1754 qui
1394 1699 1502 1740 mul-

165 1760 347 1801 titudine
380 1763 527 1801 coacta
558 1774 642 1801 non
674 1760 865 1812 introitu,
898 1760 970 1801 sed
1003 1759 1175 1800 omnino
1208 1758 1325 1799 aditu
1359 1771 1501 1812 quem·

96 1818 280 1873 Llpiam
312 1818 610 1872 prohibuerit?
668 1816 777 1866 Quid
810 1818 941 1872 ergo?
973 1818 1054 1858 hoc
1087 1831 1214 1871 quam
1244 1816 1374 1857 habet
1399 1817 1499 1870 vim,

165 1879 213 1918 ut
240 1877 397 1917 distare
425 1877 584 1930 aliquid
611 1879 685 1918 aut
711 1884 761 1917 ex
787 1877 930 1930 aliqua
956 1878 1077 1929 parte
1103 1875 1270 1916 differre
1295 1874 1503 1929 videatur,
1521 1885 1556 1912 30

165 1938 327 1988 utrum,
357 1935 507 1990 pedem
541 1950 634 1976 cum
666 1935 852 1976 intulero
885 1937 1012 1988 atque
1050 1935 1094 1974 in
1131 1933 1400 1986 possessione
1431 1947 1502 1974 ve-

166 1994 343 2049 stigium
374 1993 529 2045 fecero,
568 1996 659 2034 tum
692 1993 880 2047 expellar
913 2007 960 2034 ac
993 1992 1165 2042 deiciar,
1196 2005 1251 2032 an
1282 1991 1428 2033 eadem
1459 1992 1503 2033 vi

93 835 112 866 03

117 835 137 866 0¹.)

167 2056 210 2094 et
245 2052 379 2093 isdem
419 2052 549 2092 armis
588 2051 694 2091 mihi
733 2054 830 2092 ante
869 2053 1129 2103 occurratur,
1167 2064 1220 2091 ne
1257 2064 1344 2091 non
1374 2050 1500 2092 modo

165 2112 344 2164 intrare,
388 2125 535 2151 verum
574 2110 763 2164 aspicere
802 2112 875 2151 aut
913 2109 1100 2162 aspirare
1137 2109 1329 2162 possim?
1393 2107 1502 2158 Quid

165 2170 247 2211 1100
279 2169 331 2210 ab
363 2169 439 2210 illo
473 2168 628 2221 differt,
668 2171 715 2208 ut
747 2168 820 2209 ille
853 2171 1032 2223 cogatur
1063 2168 1304 2221 restituere,
1337 2167 1408 2222 qui
1439 2168 1499 2208 in·
1520 2177 1554 2204 35

166 2243 360 2282 gressum
399 2227 626 2281 expulerit,
666 2226 755 2280 ille,
797 2227 869 2280 qui
909 2224 1219 2280 ingredientem
1256 2226 1501 2279 reppulerit,

96 2297 139 2329 40
164 2301 250 2328 non
283 2285 490 2342 cogatur?
539 2284 703 2338 Videte,
735 2299 811 2340 per
843 2284 942 2326 deos
975 2284 1257 2325 immortales!
1292 2284 1404 2339 quod
1434 2286 1500 2325 ius
