<?xml version="1.0" encoding="UTF-8"?>
<!DOCTYPE html PUBLIC "-//W3C//DTD XHTML 1.0 Transitional//EN"
    "http://www.w3.org/TR/xhtml1/DTD/xhtml1-transitional.dtd">
<html xmlns="http://www.w3.org/1999/xhtml" xml:lang="en" lang="en">
 <head>
  <title>
</title>
<meta http-equiv="Content-Type" content="text/html;charset=utf-8" />
  <meta name='ocr-system' content='tesseract 3.04.00' />
  <meta name='ocr-capabilities' content='ocr_page ocr_carea ocr_par ocr_line ocrx_word'/>
</head>
<body>
  <div class='ocr_page' id='page_1' title='image "./p2scriptaquaemanse02ciceuoft_0559.png"; bbox 0 0 1687 2533; ppageno 0'>
   <div class='ocr_carea' id='block_1_1' title="bbox 529 79 1445 125">
    <p class='ocr_par' dir='ltr' id='par_1_1' title="bbox 529 79 1445 125">
     <span class='ocr_line' id='line_1_1' title="bbox 529 79 1445 125; baseline 0.008 -9"><span class='ocrx_word' id='word_1_1' title='bbox 529 79 628 116; x_wconf 79' lang='lat' dir='ltr'><strong>CAP.</strong></span> <span class='ocrx_word' id='word_1_2' title='bbox 658 85 716 125; x_wconf 87' lang='lat'><strong>19,</strong></span> <span class='ocrx_word' id='word_1_3' title='bbox 743 84 786 115; x_wconf 83' lang='lat'><strong>20</strong></span> <span class='ocrx_word' id='word_1_4' title='bbox 813 83 831 122; x_wconf 62' lang='grc' dir='ltr'><strong>ς</strong></span> <span class='ocrx_word' id='word_1_5' title='bbox 857 83 1008 115; x_wconf 82' lang='lat'><strong>44—48.</strong></span> <span class='ocrx_word' id='word_1_6' title='bbox 1359 81 1445 122; x_wconf 79' lang='lat'><strong>407</strong></span> 
     </span>
    </p>
   </div>
   <div class='ocr_carea' id='block_1_2' title="bbox 52 175 1516 2342">
    <p class='ocr_par' dir='ltr' id='par_1_2' title="bbox 52 175 1516 2342">
     <span class='ocr_line' id='line_1_2' title="bbox 107 175 1448 232; baseline -0.001 -12"><span class='ocrx_word' id='word_1_7' title='bbox 107 176 214 220; x_wconf 86' lang='lat' dir='ltr'><strong>Cum</strong></span> <span class='ocrx_word' id='word_1_8' title='bbox 239 177 381 219; x_wconf 80' lang='lat' dir='ltr'><strong>verbis</strong></span> <span class='ocrx_word' id='word_1_9' title='bbox 408 191 453 218; x_wconf 88' lang='grc'><strong>80</strong></span> <span class='ocrx_word' id='word_1_10' title='bbox 479 177 735 232; x_wconf 86' lang='lat' dir='ltr'><strong>locupletem</strong></span> <span class='ocrx_word' id='word_1_11' title='bbox 754 175 926 229; x_wconf 87' lang='lat' dir='ltr'><strong>faceret,</strong></span> <span class='ocrx_word' id='word_1_12' title='bbox 951 175 1129 217; x_wconf 88' lang='lat' dir='ltr'><strong>haberet</strong></span> <span class='ocrx_word' id='word_1_13' title='bbox 1148 176 1255 218; x_wconf 85' lang='lat' dir='ltr'>nihil</span> <span class='ocrx_word' id='word_1_14' title='bbox 1274 180 1448 232; x_wconf 88' lang='lat' dir='ltr'><strong>praeter</strong></span> 
     </span>
     <span class='ocr_line' id='line_1_3' title="bbox 105 235 1447 302; baseline 0 -25"><span class='ocrx_word' id='word_1_15' title='bbox 105 237 226 278; x_wconf 88' lang='lat' dir='ltr'><strong>illam</strong></span> <span class='ocrx_word' id='word_1_16' title='bbox 265 235 592 290; x_wconf 85' lang='lat' dir='ltr'><strong>impudentiam,</strong></span> <span class='ocrx_word' id='word_1_17' title='bbox 631 250 758 290; x_wconf 90' lang='lat' dir='ltr'><strong>quam</strong></span> <span class='ocrx_word' id='word_1_18' title='bbox 791 235 962 289; x_wconf 84' lang='lat' dir='ltr'><strong>videtis,</strong></span> <span class='ocrx_word' id='word_1_19' title='bbox 1000 235 1228 290; x_wconf 86' lang='lat' dir='ltr'><strong>pecuniam</strong></span> <span class='ocrx_word' id='word_1_20' title='bbox 1261 237 1447 302; x_wconf 81' lang='lat' dir='ltr'><strong>sumpsit</strong></span> 
     </span>
     <span class='ocr_line' id='line_1_4' title="bbox 106 293 1445 361; baseline 0 -25"><span class='ocrx_word' id='word_1_21' title='bbox 106 298 298 337; x_wconf 89' lang='lat' dir='ltr'><strong>mutuam</strong></span> <span class='ocrx_word' id='word_1_22' title='bbox 337 310 362 337; x_wconf 84' lang='lat' dir='ltr'><strong>a</strong></span> <span class='ocrx_word' id='word_1_23' title='bbox 399 293 490 335; x_wconf 80' lang='lat' dir='ltr'><strong>Sex.</strong></span> <span class='ocrx_word' id='word_1_24' title='bbox 517 293 685 348; x_wconf 82' lang='lat' dir='ltr'><strong>Stloga,</strong></span> <span class='ocrx_word' id='word_1_25' title='bbox 731 293 869 335; x_wconf 89' lang='lat' dir='ltr'><strong>iudice</strong></span> <span class='ocrx_word' id='word_1_26' title='bbox 909 293 991 336; x_wconf 91' lang='lat' dir='ltr'><strong>hoc</strong></span> <span class='ocrx_word' id='word_1_27' title='bbox 1027 296 1196 348; x_wconf 88' lang='lat' dir='ltr'><strong>nostro,</strong></span> <span class='ocrx_word' id='word_1_28' title='bbox 1239 294 1445 361; x_wconf 79' lang='lat' dir='ltr'><strong>primario</strong></span> 
     </span>
     <span class='ocr_line' id='line_1_5' title="bbox 106 352 1447 409; baseline 0 -14"><span class='ocrx_word' id='word_1_29' title='bbox 106 354 210 408; x_wconf 88' lang='lat' dir='ltr'><strong>viro,</strong></span> <span class='ocrx_word' id='word_1_30' title='bbox 242 354 315 409; x_wconf 86' lang='lat' dir='ltr'><strong>qui</strong></span> <span class='ocrx_word' id='word_1_31' title='bbox 341 356 384 395; x_wconf 87' lang='lat' dir='ltr'><strong>et</strong></span> <span class='ocrx_word' id='word_1_32' title='bbox 409 368 498 395; x_wconf 89' lang='lat' dir='ltr'><strong>rem</strong></span> <span class='ocrx_word' id='word_1_33' title='bbox 526 352 722 408; x_wconf 82' lang='lat' dir='ltr'><strong>agnoscit</strong></span> <span class='ocrx_word' id='word_1_34' title='bbox 746 366 882 407; x_wconf 87' lang='lat' dir='ltr'><strong>neque</strong></span> <span class='ocrx_word' id='word_1_35' title='bbox 907 352 1125 394; x_wconf 88' lang='lat' dir='ltr'><strong>hominem</strong></span> <span class='ocrx_word' id='word_1_36' title='bbox 1151 353 1342 408; x_wconf 82' lang='lat' dir='ltr'><strong>ignorat3</strong></span> <span class='ocrx_word' id='word_1_37' title='bbox 1375 354 1447 408; x_wconf 89' lang='lat' dir='ltr'><strong>qui</strong></span> 
     </span>
     <span class='ocr_line' id='line_1_6' title="bbox 71 388 1447 467; baseline 0.003 -17"><span class='ocrx_word' id='word_1_38' title='bbox 71 415 251 454; x_wconf 84' lang='lat' dir='ltr'><strong>5tamen</strong></span> <span class='ocrx_word' id='word_1_39' title='bbox 294 412 472 454; x_wconf 83' lang='lat' dir='ltr'><strong>credidit</strong></span> <span class='ocrx_word' id='word_1_40' title='bbox 515 388 578 453; x_wconf 70' lang='lat' dir='ltr'><strong>Pe&gt;</strong></span> <span class='ocrx_word' id='word_1_41' title='bbox 591 411 717 453; x_wconf 85' lang='lat' dir='ltr'><strong>Fulvi</strong></span> <span class='ocrx_word' id='word_1_42' title='bbox 759 410 930 466; x_wconf 90' lang='lat' dir='ltr'><strong>Nerati,</strong></span> <span class='ocrx_word' id='word_1_43' title='bbox 982 411 1205 454; x_wconf 74' lang='lat' dir='ltr'><strong>lectissimi</strong></span> <span class='ocrx_word' id='word_1_44' title='bbox 1247 412 1447 467; x_wconf 89' lang='lat' dir='ltr'><strong>hominis,</strong></span> 
     </span>
     <span class='ocr_line' id='line_1_7' title="bbox 105 469 1446 526; baseline 0.001 -14"><span class='ocrx_word' id='word_1_45' title='bbox 105 471 199 513; x_wconf 91' lang='lat' dir='ltr'><strong>fide.</strong></span> <span class='ocrx_word' id='word_1_46' title='bbox 259 470 313 513; x_wconf 86' lang='lat' dir='ltr'><strong>Ei</strong></span> <span class='ocrx_word' id='word_1_47' title='bbox 345 486 438 513; x_wconf 91' lang='lat' dir='ltr'><strong>cum</strong></span> <span class='ocrx_word' id='word_1_48' title='bbox 471 470 674 523; x_wconf 83' lang='lat' dir='ltr'><strong>solveret,</strong></span> <span class='ocrx_word' id='word_1_49' title='bbox 715 469 898 524; x_wconf 76' lang='lat' dir='ltr'><strong>sumpsit</strong></span> <span class='ocrx_word' id='word_1_50' title='bbox 929 485 954 511; x_wconf 87' lang='lat' dir='ltr'><strong>a</strong></span> <span class='ocrx_word' id='word_1_51' title='bbox 987 469 1031 512; x_wconf 83' lang='lat' dir='ltr'><strong>G.</strong></span> <span class='ocrx_word' id='word_1_52' title='bbox 1063 469 1119 513; x_wconf 90' lang='lat' dir='ltr'><strong>M.</strong></span> <span class='ocrx_word' id='word_1_53' title='bbox 1150 469 1299 524; x_wconf 88' lang='lat' dir='ltr'><strong>Fufiis,</strong></span> <span class='ocrx_word' id='word_1_54' title='bbox 1333 472 1446 526; x_wconf 89' lang='lat' dir='ltr'><strong>equi-</strong></span> 
     </span>
     <span class='ocr_line' id='line_1_8' title="bbox 105 528 1446 584; baseline 0 -13"><span class='ocrx_word' id='word_1_55' title='bbox 105 530 220 572; x_wconf 91' lang='lat' dir='ltr'><strong>tibus</strong></span> <span class='ocrx_word' id='word_1_56' title='bbox 252 530 476 583; x_wconf 85' lang='lat' dir='ltr'><strong>Romanis,</strong></span> <span class='ocrx_word' id='word_1_57' title='bbox 513 528 731 584; x_wconf 86' lang='lat' dir='ltr'><strong>primariis</strong></span> <span class='ocrx_word' id='word_1_58' title='bbox 769 529 885 570; x_wconf 76' lang='lat' dir='ltr'><strong>viris</strong></span> <span class='ocrx_word' id='word_1_59' title='bbox 947 528 1029 571; x_wconf 90' lang='lat' dir='ltr'><strong>Hic</strong></span> <span class='ocrx_word' id='word_1_60' title='bbox 1064 529 1233 572; x_wconf 84' lang='lat' dir='ltr'>hercule</span> <span class='ocrx_word' id='word_1_61' title='bbox 1272 529 1446 572; x_wconf 86' lang='lat' dir='ltr'><strong>cornici</strong></span> 
     </span>
     <span class='ocr_line' id='line_1_9' title="bbox 107 587 1446 643; baseline 0.001 -13"><span class='ocrx_word' id='word_1_62' title='bbox 107 588 305 643; x_wconf 88' lang='lat' dir='ltr'><strong>oculum&#39;,</strong></span> <span class='ocrx_word' id='word_1_63' title='bbox 340 591 389 630; x_wconf 85' lang='lat' dir='ltr'><strong>ut</strong></span> <span class='ocrx_word' id='word_1_64' title='bbox 415 588 579 630; x_wconf 87' lang='lat' dir='ltr'><strong>dicitur.</strong></span> <span class='ocrx_word' id='word_1_65' title='bbox 627 587 740 629; x_wconf 88' lang='lat' dir='ltr'><strong>Nam</strong></span> <span class='ocrx_word' id='word_1_66' title='bbox 767 587 878 629; x_wconf 88' lang='lat' dir='ltr'><strong>hunc</strong></span> <span class='ocrx_word' id='word_1_67' title='bbox 904 587 1202 643; x_wconf 80' lang='lat' dir='ltr'><strong>Hermippum,</strong></span> <span class='ocrx_word' id='word_1_68' title='bbox 1226 588 1446 631; x_wconf 89' lang='lat' dir='ltr'><strong>hominem</strong></span> 
     </span>
     <span class='ocr_line' id='line_1_10' title="bbox 106 646 1447 703; baseline 0.001 -15"><span class='ocrx_word' id='word_1_69' title='bbox 106 648 337 701; x_wconf 86' lang='lat' dir='ltr'><strong>eruditum,</strong></span> <span class='ocrx_word' id='word_1_70' title='bbox 377 648 512 689; x_wconf 88' lang='lat' dir='ltr'><strong>civem</strong></span> <span class='ocrx_word' id='word_1_71' title='bbox 550 661 693 699; x_wconf 84' lang='lat' dir='ltr'><strong>suum,</strong></span> <span class='ocrx_word' id='word_1_72' title='bbox 731 647 797 688; x_wconf 91' lang='lat' dir='ltr'><strong>cui</strong></span> <span class='ocrx_word' id='word_1_73' title='bbox 837 646 1020 688; x_wconf 78' lang='lat' dir='ltr'><strong>debebat</strong></span> <span class='ocrx_word' id='word_1_74' title='bbox 1059 661 1150 688; x_wconf 90' lang='lat' dir='ltr'><strong>esse</strong></span> <span class='ocrx_word' id='word_1_75' title='bbox 1181 648 1447 703; x_wconf 70' lang='lat' dir='ltr'><strong>notissimus,</strong></span> 
     </span>
     <span class='ocr_line' id='line_1_11' title="bbox 55 704 1446 759; baseline 0.001 -12"><span class='ocrx_word' id='word_1_76' title='bbox 55 720 86 743; x_wconf 77' lang='grc' dir='ltr'><strong>ιο</strong></span> <span class='ocrx_word' id='word_1_77' title='bbox 105 706 327 759; x_wconf 88' lang='lat' dir='ltr'><strong>percussit.</strong></span> <span class='ocrx_word' id='word_1_78' title='bbox 389 705 494 747; x_wconf 86' lang='lat' dir='ltr'><strong>Eius</strong></span> <span class='ocrx_word' id='word_1_79' title='bbox 527 706 639 747; x_wconf 82' lang='lat' dir='ltr'><strong>enim</strong></span> <span class='ocrx_word' id='word_1_80' title='bbox 670 705 753 746; x_wconf 90' lang='lat' dir='ltr'><strong>fide</strong></span> <span class='ocrx_word' id='word_1_81' title='bbox 786 706 971 759; x_wconf 83' lang='lat' dir='ltr'><strong>sumpsit</strong></span> <span class='ocrx_word' id='word_1_82' title='bbox 1004 720 1028 746; x_wconf 85' lang='lat' dir='ltr'><strong>a</strong></span> <span class='ocrx_word' id='word_1_83' title='bbox 1058 704 1203 747; x_wconf 89' lang='lat' dir='ltr'><strong>Fufiis.</strong></span> <span class='ocrx_word' id='word_1_84' title='bbox 1265 704 1446 749; x_wconf 80' lang='lat' dir='ltr'><strong>Securus</strong></span> 
     </span>
     <span class='ocr_line' id='line_1_12' title="bbox 103 764 1447 820; baseline 0.001 -14"><span class='ocrx_word' id='word_1_85' title='bbox 103 765 366 820; x_wconf 85' lang='lat' dir='ltr'><strong>Hermippus</strong></span> <span class='ocrx_word' id='word_1_86' title='bbox 381 764 590 806; x_wconf 88' lang='lat' dir='ltr'><strong>Temnum</strong></span> <span class='ocrx_word' id='word_1_87' title='bbox 609 764 907 819; x_wconf 87' lang='lat' dir='ltr'><strong>proficiscitur,</strong></span> <span class='ocrx_word' id='word_1_88' title='bbox 928 779 1024 806; x_wconf 90' lang='lat' dir='ltr'><strong>cum</strong></span> <span class='ocrx_word' id='word_1_89' title='bbox 1044 765 1124 805; x_wconf 87' lang='lat' dir='ltr'><strong>iste</strong></span> <span class='ocrx_word' id='word_1_90' title='bbox 1145 779 1188 806; x_wconf 88' lang='lat' dir='ltr'><strong>se</strong></span> <span class='ocrx_word' id='word_1_91' title='bbox 1209 766 1447 820; x_wconf 87' lang='lat' dir='ltr'><strong>pecuniam,</strong></span> 
     </span>
     <span class='ocr_line' id='line_1_13' title="bbox 105 823 1446 878; baseline 0.001 -13"><span class='ocrx_word' id='word_1_92' title='bbox 105 839 233 877; x_wconf 84' lang='lat' dir='ltr'><strong>quam</strong></span> <span class='ocrx_word' id='word_1_93' title='bbox 272 823 398 865; x_wconf 87' lang='lat' dir='ltr'><strong>huius</strong></span> <span class='ocrx_word' id='word_1_94' title='bbox 436 823 518 864; x_wconf 89' lang='lat' dir='ltr'><strong>fide</strong></span> <span class='ocrx_word' id='word_1_95' title='bbox 559 827 817 877; x_wconf 80' lang='lat' dir='ltr'><strong>sumpserat,</strong></span> <span class='ocrx_word' id='word_1_96' title='bbox 856 838 880 864; x_wconf 92' lang='lat' dir='ltr'><strong>a</strong></span> <span class='ocrx_word' id='word_1_97' title='bbox 912 823 1132 878; x_wconf 77' lang='lat' dir='ltr'><strong>discipulis</strong></span> <span class='ocrx_word' id='word_1_98' title='bbox 1166 824 1254 865; x_wconf 89' lang='lat' dir='ltr'><strong>suis</strong></span> <span class='ocrx_word' id='word_1_99' title='bbox 1287 824 1446 866; x_wconf 87' lang='lat' dir='ltr'><strong>diceret</strong></span> 
     </span>
     <span class='ocr_line' id='line_1_14' title="bbox 103 881 1515 940; baseline 0 -16"><span class='ocrx_word' id='word_1_100' title='bbox 103 882 235 924; x_wconf 88' lang='lat' dir='ltr'><strong>Fufiis</strong></span> <span class='ocrx_word' id='word_1_101' title='bbox 267 882 597 936; x_wconf 88' lang='lat' dir='ltr'><strong>persoluturum.</strong></span> <span class='ocrx_word' id='word_1_102' title='bbox 646 881 849 923; x_wconf 80' lang='lat' dir='ltr'><strong>Habebat</strong></span> <span class='ocrx_word' id='word_1_103' title='bbox 881 882 993 924; x_wconf 90' lang='lat' dir='ltr'><strong>enim</strong></span> <span class='ocrx_word' id='word_1_104' title='bbox 1025 882 1172 923; x_wconf 89' lang='lat' dir='ltr'><strong>rhetor</strong></span> <span class='ocrx_word' id='word_1_105' title='bbox 1203 882 1285 924; x_wconf 87' lang='lat' dir='ltr'><strong>iste</strong></span> <span class='ocrx_word' id='word_1_106' title='bbox 1318 883 1416 924; x_wconf 90' lang='lat' dir='ltr'><strong>adu·</strong></span> <span class='ocrx_word' id='word_1_107' title='bbox 1430 881 1515 940; x_wconf 79' lang='lat'><strong>(47)</strong></span> 
     </span>
     <span class='ocr_line' id='line_1_15' title="bbox 103 940 1444 996; baseline 0.001 -14"><span class='ocrx_word' id='word_1_108' title='bbox 103 941 300 983; x_wconf 88' lang='lat' dir='ltr'><strong>lescentis</strong></span> <span class='ocrx_word' id='word_1_109' title='bbox 346 941 552 996; x_wconf 83' lang='lat' dir='ltr'><strong>quosdam</strong></span> <span class='ocrx_word' id='word_1_110' title='bbox 596 940 841 995; x_wconf 88' lang='lat' dir='ltr'><strong>locupletis,</strong></span> <span class='ocrx_word' id='word_1_111' title='bbox 884 955 991 995; x_wconf 88' lang='lat' dir='ltr'><strong>quos</strong></span> <span class='ocrx_word' id='word_1_112' title='bbox 1035 940 1210 983; x_wconf 89' lang='lat' dir='ltr'><strong>dimidio</strong></span> <span class='ocrx_word' id='word_1_113' title='bbox 1248 942 1444 984; x_wconf 85' lang='lat' dir='ltr'><strong>redderet</strong></span> 
     </span>
     <span class='ocr_line' id='line_1_16' title="bbox 52 1000 1516 1054; baseline 0.003 -16"><span class='ocrx_word' id='word_1_114' title='bbox 52 1011 85 1037; x_wconf 87' lang='lat'><strong>15</strong></span> <span class='ocrx_word' id='word_1_115' title='bbox 106 1000 336 1054; x_wconf 72' lang='lat' dir='ltr'><strong>stultiores,</strong></span> <span class='ocrx_word' id='word_1_116' title='bbox 369 1014 496 1054; x_wconf 88' lang='lat' dir='ltr'><strong>quam</strong></span> <span class='ocrx_word' id='word_1_117' title='bbox 529 1002 766 1053; x_wconf 79' lang='lat' dir='ltr'><strong>acceperat3</strong></span> <span class='ocrx_word' id='word_1_118' title='bbox 796 1000 1010 1041; x_wconf 88' lang='lat' dir='ltr'><strong>neminem</strong></span> <span class='ocrx_word' id='word_1_119' title='bbox 1036 1003 1183 1041; x_wconf 85' lang='lat' dir='ltr'><strong>tamen</strong></span> <span class='ocrx_word' id='word_1_120' title='bbox 1208 1000 1313 1042; x_wconf 88' lang='lat' dir='ltr'><strong>adeo</strong></span> <span class='ocrx_word' id='word_1_121' title='bbox 1340 1000 1446 1042; x_wconf 82' lang='lat' dir='ltr'><strong>insa·</strong></span> <span class='ocrx_word' id='word_1_122' title='bbox 1471 1010 1516 1042; x_wconf 76' lang='lat'><strong>47</strong></span> 
     </span>
     <span class='ocr_line' id='line_1_17' title="bbox 104 1058 1445 1114; baseline 0.001 -15"><span class='ocrx_word' id='word_1_123' title='bbox 104 1061 224 1100; x_wconf 85' lang='lat' dir='ltr'><strong>tuare</strong></span> <span class='ocrx_word' id='word_1_124' title='bbox 262 1059 420 1113; x_wconf 88' lang='lat' dir='ltr'><strong>potuit,</strong></span> <span class='ocrx_word' id='word_1_125' title='bbox 456 1060 505 1100; x_wconf 89' lang='lat' dir='ltr'><strong>ut</strong></span> <span class='ocrx_word' id='word_1_126' title='bbox 543 1059 581 1100; x_wconf 90' lang='lat' dir='ltr'><strong>ei</strong></span> <span class='ocrx_word' id='word_1_127' title='bbox 611 1073 833 1099; x_wconf 90' lang='lat' dir='ltr'><strong>nummum</strong></span> <span class='ocrx_word' id='word_1_128' title='bbox 864 1059 999 1100; x_wconf 89' lang='lat' dir='ltr'><strong>ullum</strong></span> <span class='ocrx_word' id='word_1_129' title='bbox 1031 1058 1231 1100; x_wconf 86' lang='lat' dir='ltr'><strong>crederet.</strong></span> <span class='ocrx_word' id='word_1_130' title='bbox 1294 1059 1445 1114; x_wconf 88' lang='lat' dir='ltr'><strong>Itaque</strong></span> 
     </span>
     <span class='ocr_line' id='line_1_18' title="bbox 104 1116 1445 1172; baseline 0.001 -14"><span class='ocrx_word' id='word_1_131' title='bbox 104 1132 199 1159; x_wconf 90' lang='lat' dir='ltr'><strong>cum</strong></span> <span class='ocrx_word' id='word_1_132' title='bbox 237 1116 376 1158; x_wconf 86' lang='lat' dir='ltr'><strong>Roma</strong></span> <span class='ocrx_word' id='word_1_133' title='bbox 422 1117 532 1159; x_wconf 90' lang='lat' dir='ltr'><strong>clam</strong></span> <span class='ocrx_word' id='word_1_134' title='bbox 579 1119 692 1158; x_wconf 90' lang='lat' dir='ltr'><strong>esset</strong></span> <span class='ocrx_word' id='word_1_135' title='bbox 728 1117 946 1171; x_wconf 83' lang='lat' dir='ltr'><strong>profectus</strong></span> <span class='ocrx_word' id='word_1_136' title='bbox 984 1117 1229 1172; x_wconf 86' lang='lat' dir='ltr'><strong>multosque</strong></span> <span class='ocrx_word' id='word_1_137' title='bbox 1266 1118 1445 1159; x_wconf 89' lang='lat' dir='ltr'><strong>minutis</strong></span> 
     </span>
     <span class='ocr_line' id='line_1_19' title="bbox 106 1175 1445 1232; baseline 0.001 -15"><span class='ocrx_word' id='word_1_138' title='bbox 106 1176 446 1218; x_wconf 81' lang='lat' dir='ltr'><strong>mutuationibus</strong></span> <span class='ocrx_word' id='word_1_139' title='bbox 473 1175 770 1228; x_wconf 71' lang='lat' dir='ltr'><strong>fraudavisset,</strong></span> <span class='ocrx_word' id='word_1_140' title='bbox 801 1177 845 1217; x_wconf 92' lang='lat' dir='ltr'><strong>in</strong></span> <span class='ocrx_word' id='word_1_141' title='bbox 871 1176 1023 1217; x_wconf 85' lang='lat' dir='ltr'><strong>Asiam</strong></span> <span class='ocrx_word' id='word_1_142' title='bbox 1048 1176 1165 1218; x_wconf 85' lang='lat' dir='ltr'><strong>venit</strong></span> <span class='ocrx_word' id='word_1_143' title='bbox 1190 1176 1445 1232; x_wconf 88' lang='lat' dir='ltr'><strong>Hermippo·</strong></span> 
     </span>
     <span class='ocr_line' id='line_1_20' title="bbox 106 1234 1444 1289; baseline 0.001 -14"><span class='ocrx_word' id='word_1_144' title='bbox 106 1248 186 1289; x_wconf 86' lang='lat' dir='ltr'><strong>que</strong></span> <span class='ocrx_word' id='word_1_145' title='bbox 212 1235 483 1289; x_wconf 78' lang='lat' dir='ltr'><strong>percontanti</strong></span> <span class='ocrx_word' id='word_1_146' title='bbox 509 1235 559 1276; x_wconf 83' lang='lat' dir='ltr'><strong>de</strong></span> <span class='ocrx_word' id='word_1_147' title='bbox 578 1235 750 1276; x_wconf 88' lang='grc'><strong>1101111110</strong></span> <span class='ocrx_word' id='word_1_148' title='bbox 769 1234 948 1276; x_wconf 87' lang='lat' dir='ltr'><strong>Fufiano</strong></span> <span class='ocrx_word' id='word_1_149' title='bbox 968 1235 1190 1289; x_wconf 86' lang='lat' dir='ltr'><strong>respondit</strong></span> <span class='ocrx_word' id='word_1_150' title='bbox 1210 1249 1254 1276; x_wconf 88' lang='lat' dir='ltr'><strong>se</strong></span> <span class='ocrx_word' id='word_1_151' title='bbox 1276 1250 1444 1277; x_wconf 88' lang='lat' dir='ltr'><strong>omnem</strong></span> 
     </span>
     <span class='ocr_line' id='line_1_21' title="bbox 53 1292 1444 1348; baseline 0.001 -14"><span class='ocrx_word' id='word_1_152' title='bbox 53 1305 86 1331; x_wconf 79' lang='lat'><strong>²0</strong></span> <span class='ocrx_word' id='word_1_153' title='bbox 106 1293 331 1347; x_wconf 88' lang='lat' dir='ltr'><strong>pecuniam</strong></span> <span class='ocrx_word' id='word_1_154' title='bbox 356 1292 488 1334; x_wconf 89' lang='lat' dir='ltr'><strong>Fufiis</strong></span> <span class='ocrx_word' id='word_1_155' title='bbox 520 1293 791 1348; x_wconf 84' lang='lat' dir='ltr'><strong>persolvisse.</strong></span> <span class='ocrx_word' id='word_1_156' title='bbox 839 1293 1032 1346; x_wconf 85' lang='lat' dir='ltr'><strong>Interim,</strong></span> <span class='ocrx_word' id='word_1_157' title='bbox 1062 1307 1199 1347; x_wconf 87' lang='lat' dir='ltr'><strong>neque</strong></span> <span class='ocrx_word' id='word_1_158' title='bbox 1226 1294 1288 1334; x_wconf 87' lang='lat' dir='ltr'><strong>ita</strong></span> <span class='ocrx_word' id='word_1_159' title='bbox 1314 1294 1444 1348; x_wconf 84' lang='lat' dir='ltr'><strong>longo</strong></span> 
     </span>
     <span class='ocr_line' id='line_1_22' title="bbox 106 1351 1446 1407; baseline 0.001 -15"><span class='ocrx_word' id='word_1_160' title='bbox 106 1352 350 1405; x_wconf 82' lang='lat' dir='ltr'><strong>intervallo,</strong></span> <span class='ocrx_word' id='word_1_161' title='bbox 376 1352 556 1393; x_wconf 88' lang='lat' dir='ltr'><strong>libertus</strong></span> <span class='ocrx_word' id='word_1_162' title='bbox 584 1367 608 1392; x_wconf 90' lang='lat' dir='ltr'><strong>a</strong></span> <span class='ocrx_word' id='word_1_163' title='bbox 628 1351 759 1392; x_wconf 87' lang='lat' dir='ltr'><strong>Fufiis</strong></span> <span class='ocrx_word' id='word_1_164' title='bbox 787 1366 883 1392; x_wconf 84' lang='lat' dir='ltr'><strong>cum</strong></span> <span class='ocrx_word' id='word_1_165' title='bbox 908 1351 1065 1392; x_wconf 85' lang='lat' dir='ltr'><strong>litteris</strong></span> <span class='ocrx_word' id='word_1_166' title='bbox 1087 1352 1140 1392; x_wconf 90' lang='lat' dir='ltr'><strong>ad</strong></span> <span class='ocrx_word' id='word_1_167' title='bbox 1160 1351 1446 1407; x_wconf 89' lang='lat' dir='ltr'><strong>Hermippum</strong></span> 
     </span>
     <span class='ocr_line' id='line_1_23' title="bbox 106 1409 1444 1464; baseline 0.001 -14"><span class='ocrx_word' id='word_1_168' title='bbox 106 1410 242 1464; x_wconf 70' lang='lat' dir='ltr'><strong>venit,</strong></span> <span class='ocrx_word' id='word_1_169' title='bbox 279 1410 460 1464; x_wconf 85' lang='lat' dir='ltr'><strong>pecunia</strong></span> <span class='ocrx_word' id='word_1_170' title='bbox 499 1410 662 1464; x_wconf 84' lang='lat' dir='ltr'><strong>petitur</strong></span> <span class='ocrx_word' id='word_1_171' title='bbox 701 1409 753 1450; x_wconf 90' lang='lat' dir='ltr'><strong>ab</strong></span> <span class='ocrx_word' id='word_1_172' title='bbox 786 1409 1034 1464; x_wconf 87' lang='lat' dir='ltr'><strong>Hermippo.</strong></span> <span class='ocrx_word' id='word_1_173' title='bbox 1096 1410 1357 1464; x_wconf 89' lang='lat' dir='ltr'><strong>Hermippus</strong></span> <span class='ocrx_word' id='word_1_174' title='bbox 1390 1411 1444 1452; x_wconf 88' lang='lat' dir='ltr'><strong>ab</strong></span> 
     </span>
     <span class='ocr_line' id='line_1_24' title="bbox 106 1467 1445 1522; baseline 0.001 -13"><span class='ocrx_word' id='word_1_175' title='bbox 106 1467 333 1510; x_wconf 87' lang='lat' dir='ltr'><strong>Heraclida</strong></span> <span class='ocrx_word' id='word_1_176' title='bbox 370 1469 496 1521; x_wconf 71' lang='lat' dir='ltr'><strong>petit,</strong></span> <span class='ocrx_word' id='word_1_177' title='bbox 533 1469 623 1522; x_wconf 90' lang='lat' dir='ltr'><strong>ipse</strong></span> <span class='ocrx_word' id='word_1_178' title='bbox 662 1470 809 1509; x_wconf 84' lang='lat' dir='ltr'><strong>tamen</strong></span> <span class='ocrx_word' id='word_1_179' title='bbox 840 1468 971 1509; x_wconf 89' lang='lat' dir='ltr'><strong>Fufiis</strong></span> <span class='ocrx_word' id='word_1_180' title='bbox 1009 1469 1114 1510; x_wconf 87' lang='lat' dir='ltr'><strong>satis</strong></span> <span class='ocrx_word' id='word_1_181' title='bbox 1152 1468 1256 1509; x_wconf 86' lang='lat' dir='ltr'><strong>facit</strong></span> <span class='ocrx_word' id='word_1_182' title='bbox 1295 1469 1445 1510; x_wconf 83' lang='lat' dir='ltr'><strong>absen-</strong></span> 
     </span>
     <span class='ocr_line' id='line_1_25' title="bbox 106 1526 1446 1582; baseline 0.001 -14"><span class='ocrx_word' id='word_1_183' title='bbox 106 1527 221 1568; x_wconf 87' lang='lat' dir='ltr'><strong>tibus</strong></span> <span class='ocrx_word' id='word_1_184' title='bbox 248 1529 291 1567; x_wconf 91' lang='lat' dir='ltr'><strong>et</strong></span> <span class='ocrx_word' id='word_1_185' title='bbox 315 1526 441 1567; x_wconf 88' lang='lat' dir='ltr'><strong>fidem</strong></span> <span class='ocrx_word' id='word_1_186' title='bbox 469 1541 591 1567; x_wconf 91' lang='lat' dir='ltr'><strong>suam</strong></span> <span class='ocrx_word' id='word_1_187' title='bbox 616 1527 788 1579; x_wconf 80' lang='lat' dir='ltr'><strong>liberat3</strong></span> <span class='ocrx_word' id='word_1_188' title='bbox 814 1526 927 1568; x_wconf 90' lang='grc'><strong>1111110</strong></span> <span class='ocrx_word' id='word_1_189' title='bbox 953 1529 1218 1568; x_wconf 84' lang='lat' dir='ltr'><strong>aestuantem</strong></span> <span class='ocrx_word' id='word_1_190' title='bbox 1246 1529 1289 1567; x_wconf 90' lang='lat' dir='ltr'><strong>et</strong></span> <span class='ocrx_word' id='word_1_191' title='bbox 1313 1527 1446 1582; x_wconf 82' lang='lat' dir='ltr'><strong>tergi-</strong></span> 
     </span>
     <span class='ocr_line' id='line_1_26' title="bbox 55 1584 1444 1640; baseline 0.003 -17"><span class='ocrx_word' id='word_1_192' title='bbox 55 1598 87 1623; x_wconf 63' lang='grc'><strong>25</strong></span> <span class='ocrx_word' id='word_1_193' title='bbox 107 1588 347 1627; x_wconf 83' lang='lat' dir='ltr'><strong>versantem</strong></span> <span class='ocrx_word' id='word_1_194' title='bbox 379 1584 534 1626; x_wconf 90' lang='lat' dir='ltr'><strong>iudicio</strong></span> <span class='ocrx_word' id='word_1_195' title='bbox 566 1585 640 1626; x_wconf 92' lang='lat' dir='ltr'><strong>ille</strong></span> <span class='ocrx_word' id='word_1_196' title='bbox 671 1585 952 1639; x_wconf 84' lang='lat' dir='ltr'><strong>persequitur.</strong></span> <span class='ocrx_word' id='word_1_197' title='bbox 1001 1585 1040 1626; x_wconf 94' lang='lat' dir='ltr'>A</span> <span class='ocrx_word' id='word_1_198' title='bbox 1072 1586 1444 1640; x_wconf 86' lang='lat' dir='ltr'><strong>recuperatoribus</strong></span> 
     </span>
     <span class='ocr_line' id='line_1_27' title="bbox 107 1642 1515 1698; baseline 0.001 -13"><span class='ocrx_word' id='word_1_199' title='bbox 107 1659 235 1686; x_wconf 88' lang='lat' dir='ltr'><strong>causa</strong></span> <span class='ocrx_word' id='word_1_200' title='bbox 278 1644 562 1698; x_wconf 82' lang='lat' dir='ltr'><strong>cognoscitur.</strong></span> <span class='ocrx_word' id='word_1_201' title='bbox 629 1642 776 1685; x_wconf 89' lang='lat' dir='ltr'><strong>Nolite</strong></span> <span class='ocrx_word' id='word_1_202' title='bbox 821 1643 1094 1698; x_wconf 79' lang='lat' dir='ltr'><strong>existumare,</strong></span> <span class='ocrx_word' id='word_1_203' title='bbox 1138 1644 1315 1698; x_wconf 87' lang='lat' dir='ltr'><strong>iudices,</strong></span> <span class='ocrx_word' id='word_1_204' title='bbox 1358 1659 1445 1686; x_wconf 89' lang='lat' dir='ltr'><strong>non</strong></span> <span class='ocrx_word' id='word_1_205' title='bbox 1470 1655 1515 1686; x_wconf 88' lang='grc'><strong>48</strong></span> 
     </span>
     <span class='ocr_line' id='line_1_28' title="bbox 106 1701 1446 1745; baseline 0.001 -1"><span class='ocrx_word' id='word_1_206' title='bbox 106 1717 236 1744; x_wconf 87' lang='lat' dir='ltr'><strong>unam</strong></span> <span class='ocrx_word' id='word_1_207' title='bbox 274 1704 317 1743; x_wconf 90' lang='lat' dir='ltr'><strong>et</strong></span> <span class='ocrx_word' id='word_1_208' title='bbox 354 1701 532 1743; x_wconf 88' lang='lat' dir='ltr'><strong>eandem</strong></span> <span class='ocrx_word' id='word_1_209' title='bbox 570 1701 767 1743; x_wconf 88' lang='lat' dir='ltr'><strong>omnibus</strong></span> <span class='ocrx_word' id='word_1_210' title='bbox 804 1702 849 1743; x_wconf 90' lang='lat' dir='ltr'><strong>in</strong></span> <span class='ocrx_word' id='word_1_211' title='bbox 886 1702 991 1743; x_wconf 88' lang='lat' dir='ltr'><strong>locis</strong></span> <span class='ocrx_word' id='word_1_212' title='bbox 1025 1716 1117 1744; x_wconf 87' lang='lat' dir='ltr'><strong>esse</strong></span> <span class='ocrx_word' id='word_1_213' title='bbox 1148 1703 1446 1745; x_wconf 85' lang='lat' dir='ltr'><strong>fraudatorum</strong></span> 
     </span>
     <span class='ocr_line' id='line_1_29' title="bbox 108 1759 1445 1816; baseline 0.001 -14"><span class='ocrx_word' id='word_1_214' title='bbox 108 1764 150 1802; x_wconf 89' lang='lat' dir='ltr'><strong>et</strong></span> <span class='ocrx_word' id='word_1_215' title='bbox 174 1760 459 1802; x_wconf 90' lang='lat' dir='ltr'><strong>infitiatorum</strong></span> <span class='ocrx_word' id='word_1_216' title='bbox 486 1760 789 1816; x_wconf 84' lang='lat' dir='ltr'><strong>inpudentiam.</strong></span> <span class='ocrx_word' id='word_1_217' title='bbox 831 1759 951 1802; x_wconf 88' lang='lat' dir='ltr'><strong>Fecit</strong></span> <span class='ocrx_word' id='word_1_218' title='bbox 978 1761 1124 1802; x_wconf 88' lang='lat' dir='ltr'><strong>eadem</strong></span> <span class='ocrx_word' id='word_1_219' title='bbox 1152 1761 1305 1816; x_wconf 86' lang='lat' dir='ltr'><strong>omnia,</strong></span> <span class='ocrx_word' id='word_1_220' title='bbox 1338 1777 1445 1816; x_wconf 85' lang='lat' dir='ltr'><strong>quae</strong></span> 
     </span>
     <span class='ocr_line' id='line_1_30' title="bbox 108 1819 1444 1873; baseline 0.001 -12"><span class='ocrx_word' id='word_1_221' title='bbox 108 1819 246 1861; x_wconf 85' lang='lat' dir='ltr'><strong>nostri</strong></span> <span class='ocrx_word' id='word_1_222' title='bbox 277 1819 492 1861; x_wconf 88' lang='lat' dir='ltr'><strong>debitores</strong></span> <span class='ocrx_word' id='word_1_223' title='bbox 518 1819 675 1872; x_wconf 82' lang='lat' dir='ltr'><strong>solent3</strong></span> <span class='ocrx_word' id='word_1_224' title='bbox 706 1819 882 1873; x_wconf 80' lang='lat' dir='ltr'><strong>negavit</strong></span> <span class='ocrx_word' id='word_1_225' title='bbox 909 1833 1000 1861; x_wconf 90' lang='lat' dir='ltr'><strong>sese</strong></span> <span class='ocrx_word' id='word_1_226' title='bbox 1025 1819 1197 1862; x_wconf 90' lang='lat' dir='ltr'><strong>omnino</strong></span> <span class='ocrx_word' id='word_1_227' title='bbox 1222 1835 1444 1862; x_wconf 83' lang='lat' dir='ltr'><strong>versuram</strong></span> 
     </span>
     <span class='ocr_line' id='line_1_31' title="bbox 56 1876 1445 1932; baseline 0.001 -13"><span class='ocrx_word' id='word_1_228' title='bbox 56 1890 91 1915; x_wconf 84' lang='lat'><strong>30</strong></span> <span class='ocrx_word' id='word_1_229' title='bbox 109 1878 242 1920; x_wconf 87' lang='lat' dir='ltr'><strong>ullam</strong></span> <span class='ocrx_word' id='word_1_230' title='bbox 284 1878 436 1920; x_wconf 86' lang='lat' dir='ltr'><strong>fecisse</strong></span> <span class='ocrx_word' id='word_1_231' title='bbox 473 1877 654 1932; x_wconf 81' lang='lat' dir='ltr'><strong>Romae3</strong></span> <span class='ocrx_word' id='word_1_232' title='bbox 695 1876 915 1918; x_wconf 91' lang='lat' dir='ltr'><strong>Fufiorum</strong></span> <span class='ocrx_word' id='word_1_233' title='bbox 959 1892 1004 1919; x_wconf 91' lang='grc'><strong>80</strong></span> <span class='ocrx_word' id='word_1_234' title='bbox 1048 1878 1289 1920; x_wconf 84' lang='lat' dir='ltr'><strong>adfirmavit</strong></span> <span class='ocrx_word' id='word_1_235' title='bbox 1325 1893 1445 1920; x_wconf 89' lang='lat' dir='ltr'><strong>num-</strong></span> 
     </span>
     <span class='ocr_line' id='line_1_32' title="bbox 111 1935 1444 1992; baseline 0.001 -15"><span class='ocrx_word' id='word_1_236' title='bbox 111 1951 239 1990; x_wconf 84' lang='lat' dir='ltr'><strong>quam</strong></span> <span class='ocrx_word' id='word_1_237' title='bbox 265 1937 437 1978; x_wconf 86' lang='lat' dir='ltr'><strong>omnino</strong></span> <span class='ocrx_word' id='word_1_238' title='bbox 463 1950 619 1978; x_wconf 90' lang='lat' dir='ltr'><strong>nomen</strong></span> <span class='ocrx_word' id='word_1_239' title='bbox 644 1935 830 1990; x_wconf 68' lang='lat' dir='ltr'><strong>audisse,</strong></span> <span class='ocrx_word' id='word_1_240' title='bbox 854 1936 1138 1991; x_wconf 88' lang='lat' dir='ltr'><strong>Hermippum</strong></span> <span class='ocrx_word' id='word_1_241' title='bbox 1163 1951 1264 1979; x_wconf 83' lang='lat' dir='ltr'><strong>vero</strong></span> <span class='ocrx_word' id='word_1_242' title='bbox 1290 1938 1444 1992; x_wconf 88' lang='lat' dir='ltr'><strong>ipsum,</strong></span> 
     </span>
     <span class='ocr_line' id='line_1_33' title="bbox 109 1994 1444 2050; baseline 0.001 -14"><span class='ocrx_word' id='word_1_243' title='bbox 109 1994 466 2048; x_wconf 87' lang='lat' dir='ltr'><strong>pudentissimum</strong></span> <span class='ocrx_word' id='word_1_244' title='bbox 492 1998 619 2050; x_wconf 84' lang='lat' dir='ltr'><strong>atque</strong></span> <span class='ocrx_word' id='word_1_245' title='bbox 645 1995 855 2049; x_wconf 85' lang='lat' dir='ltr'><strong>optimum</strong></span> <span class='ocrx_word' id='word_1_246' title='bbox 875 1995 1026 2049; x_wconf 86' lang='lat' dir='ltr'><strong>virum,</strong></span> <span class='ocrx_word' id='word_1_247' title='bbox 1050 1998 1238 2037; x_wconf 85' lang='lat' dir='ltr'><strong>veterem</strong></span> <span class='ocrx_word' id='word_1_248' title='bbox 1260 1996 1444 2037; x_wconf 86' lang='lat' dir='ltr'><strong>amicum</strong></span> 
     </span>
     <span class='ocr_line' id='line_1_34' title="bbox 111 2052 1445 2108; baseline 0.001 -15"><span class='ocrx_word' id='word_1_249' title='bbox 111 2056 236 2107; x_wconf 83' lang='lat' dir='ltr'><strong>atque</strong></span> <span class='ocrx_word' id='word_1_250' title='bbox 272 2053 488 2108; x_wconf 87' lang='lat' dir='ltr'><strong>hospitem</strong></span> <span class='ocrx_word' id='word_1_251' title='bbox 525 2067 685 2108; x_wconf 87' lang='lat' dir='ltr'><strong>meum,</strong></span> <span class='ocrx_word' id='word_1_252' title='bbox 726 2052 1118 2106; x_wconf 87' lang='lat' dir='ltr'><strong>splendidissimum</strong></span> <span class='ocrx_word' id='word_1_253' title='bbox 1156 2057 1284 2108; x_wconf 88' lang='lat' dir='ltr'><strong>atque</strong></span> <span class='ocrx_word' id='word_1_254' title='bbox 1323 2068 1445 2095; x_wconf 86' lang='lat' dir='ltr'><strong>orna-</strong></span> 
     </span>
     <span class='ocr_line' id='line_1_35' title="bbox 110 2111 1444 2166; baseline 0 -14"><span class='ocrx_word' id='word_1_255' title='bbox 110 2111 325 2152; x_wconf 88' lang='lat' dir='ltr'><strong>tissimum</strong></span> <span class='ocrx_word' id='word_1_256' title='bbox 351 2112 538 2153; x_wconf 83' lang='lat' dir='ltr'><strong>civitatis</strong></span> <span class='ocrx_word' id='word_1_257' title='bbox 565 2126 676 2166; x_wconf 87' lang='lat' dir='ltr'><strong>suae,</strong></span> <span class='ocrx_word' id='word_1_258' title='bbox 701 2111 869 2165; x_wconf 89' lang='lat' dir='ltr'><strong>probris</strong></span> <span class='ocrx_word' id='word_1_259' title='bbox 895 2112 1092 2153; x_wconf 89' lang='lat' dir='ltr'><strong>omnibus</strong></span> <span class='ocrx_word' id='word_1_260' title='bbox 1119 2112 1444 2166; x_wconf 85' lang='lat' dir='ltr'><strong>maledictisque</strong></span> 
     </span>
     <span class='ocr_line' id='line_1_36' title="bbox 58 2167 1445 2225; baseline 0.004 -19"><span class='ocrx_word' id='word_1_261' title='bbox 58 2180 91 2206; x_wconf 74' lang='lat'><strong>35</strong></span> <span class='ocrx_word' id='word_1_262' title='bbox 113 2172 248 2210; x_wconf 87' lang='lat' dir='ltr'><strong>vexat.</strong></span> <span class='ocrx_word' id='word_1_263' title='bbox 297 2167 391 2223; x_wconf 84' lang='lat' dir='ltr'><strong>Sed,</strong></span> <span class='ocrx_word' id='word_1_264' title='bbox 421 2185 514 2212; x_wconf 90' lang='lat' dir='ltr'><strong>cum</strong></span> <span class='ocrx_word' id='word_1_265' title='bbox 547 2184 592 2211; x_wconf 88' lang='lat' dir='ltr'><strong>se</strong></span> <span class='ocrx_word' id='word_1_266' title='bbox 623 2170 752 2211; x_wconf 91' lang='lat' dir='ltr'><strong>homo</strong></span> <span class='ocrx_word' id='word_1_267' title='bbox 783 2169 984 2212; x_wconf 87' lang='lat' dir='ltr'><strong>volubilis</strong></span> <span class='ocrx_word' id='word_1_268' title='bbox 1011 2171 1194 2225; x_wconf 87' lang='lat' dir='ltr'><strong>quadam</strong></span> <span class='ocrx_word' id='word_1_269' title='bbox 1220 2170 1445 2225; x_wconf 85' lang='lat' dir='ltr'><strong>praecipiti</strong></span> 
     </span>
     <span class='ocr_line' id='line_1_37' title="bbox 112 2228 1443 2283; baseline 0.001 -15"><span class='ocrx_word' id='word_1_270' title='bbox 112 2228 328 2269; x_wconf 89' lang='lat' dir='ltr'><strong>celeritate</strong></span> <span class='ocrx_word' id='word_1_271' title='bbox 372 2229 539 2270; x_wconf 90' lang='lat' dir='ltr'><strong>dicendi</strong></span> <span class='ocrx_word' id='word_1_272' title='bbox 581 2229 627 2269; x_wconf 90' lang='lat' dir='ltr'><strong>in</strong></span> <span class='ocrx_word' id='word_1_273' title='bbox 668 2228 746 2269; x_wconf 90' lang='lat' dir='ltr'><strong>illa</strong></span> <span class='ocrx_word' id='word_1_274' title='bbox 789 2228 981 2270; x_wconf 86' lang='lat' dir='ltr'><strong>oratione</strong></span> <span class='ocrx_word' id='word_1_275' title='bbox 1024 2229 1220 2281; x_wconf 86' lang='lat' dir='ltr'><strong>iactaret,</strong></span> <span class='ocrx_word' id='word_1_276' title='bbox 1269 2231 1443 2283; x_wconf 90' lang='lat' dir='ltr'><strong>repente</strong></span> 
     </span>
     <span class='ocr_line' id='line_1_38' title="bbox 111 2286 1444 2342; baseline 0.002 -16"><span class='ocrx_word' id='word_1_277' title='bbox 111 2286 369 2328; x_wconf 86' lang='lat' dir='ltr'><strong>testimoniis</strong></span> <span class='ocrx_word' id='word_1_278' title='bbox 418 2286 635 2328; x_wconf 88' lang='lat' dir='ltr'><strong>Fufiorum</strong></span> <span class='ocrx_word' id='word_1_279' title='bbox 690 2287 1016 2342; x_wconf 86' lang='lat' dir='ltr'><strong>nominibusque</strong></span> <span class='ocrx_word' id='word_1_280' title='bbox 1072 2286 1263 2328; x_wconf 78' lang='lat' dir='ltr'><strong>recitatis</strong></span> <span class='ocrx_word' id='word_1_281' title='bbox 1314 2287 1444 2328; x_wconf 88' lang='lat' dir='ltr'><strong>homo</strong></span> 
     </span>
    </p>
   </div>
  </div>
 </body>
</html>
