1687 2533
27 722 60 747 10

27 1015 60 1040 15

26 1308 60 1334 20

27 1601 60 1626 25

28 1892 62 1918 30

29 2183 62 2209 35

478 81 577 118 CAP.
603 85 740 117 25-27
768 86 786 124 ξ
813 86 961 117 66—71.
1329 85 1414 126 483

79 177 352 220 interdictum
392 178 580 232 sceleris,
618 192 764 219 vocem
801 177 978 233 furoris,
1016 179 1088 220 sed
1120 181 1414 235 prospexistis,

78 252 130 278 ne
157 251 264 291 quae
290 237 511 291 popularis
538 237 582 277 in
607 251 685 278 nos
713 236 941 290 aliquando
968 237 1128 279 invidia
1147 238 1414 293 redundaret,

80 296 115 337 si
147 296 237 336 sine
268 296 418 350 populi
448 295 603 337 iudicio
636 295 824 336 restituti
857 296 1107 338 videremur.
1168 297 1415 352 Eodemque

80 354 257 396 consilio
289 353 345 395 M.
377 352 541 407 Bibuli,
571 353 797 396 fortissimi
828 354 919 409 viri,
953 358 1125 396 senatus
1159 357 1414 398 sententiam

81 416 249 455 secutus
283 416 359 466 est,
390 415 438 454 ut
469 427 545 454 vos
579 413 628 453 de
655 427 750 454 mea
776 413 900 454 domo
929 414 1189 467 statueretis,
1220 429 1306 456 non
1332 429 1415 469 quo

80 472 307 526 dubitaret,
334 471 434 526 quin
462 471 514 513 ab
541 472 625 512 isto
652 471 761 512 nihil
786 472 966 527 legibus,
992 473 1098 513 nihil
1125 473 1418 528 religionibus,

78 531 186 571 nihil
218 531 308 572 iure
342 532 454 571 esset
486 532 639 583 actum,
672 531 743 571 sed
769 544 821 571 ne
848 531 941 584 quis
969 535 1161 573 oreretur
1187 533 1416 586 aliquando

79 590 122 630 in
159 592 283 631 tanta
322 589 519 630 ubertate
557 589 856 643 inproborum,
901 590 973 643 qui
1010 590 1056 631 in
1094 591 1199 632 meis
1242 592 1416 633 aedibus

80 648 267 702 aliquam
299 648 549 702 religionem
582 647 766 689 residere
799 648 969 690 diceret.
1017 648 1130 690 Nam
1158 651 1296 705 legem
1324 650 1416 705 qui·

79 707 173 748 dem
200 708 328 748 istam
353 706 517 748 nullam
544 720 648 760 esse,
674 706 1052 762 quotienscumque
1079 707 1128 749 de
1156 723 1222 749 me
1243 714 1414 750 senatus

79 766 337 808 sententiam
380 765 502 816 dixit,
545 765 702 806 totiens
740 765 960 820 iudicavit,
1006 767 1206 820 quoniam
1246 768 1414 822 quidem

80 825 240 879 scripto
271 824 346 865 illo
378 824 503 865 istius
537 824 792 865 sententiam
825 824 962 866 dicere
986 826 1227 867 vetabatur.
1271 826 1414 881 Atque

79 884 187 924 hanc
226 898 314 924 rem
352 897 431 937 par
467 882 573 924 illud
612 882 766 936 simile,
804 882 904 924 Piso
945 886 986 924 et
1027 883 1251 939 Gabinius,
1288 885 1415 938 vidit3

79 942 272 984 homines
298 942 443 997 legum
469 941 804 997 iudiciorumque
831 945 1081 996 metuentes,
1107 958 1201 984 cum
1221 943 1415 998 frequen-

79 1001 272 1042 tissimus
305 1002 477 1041 senatus
504 1014 588 1053 eos,
619 1002 668 1041 ut
694 1000 743 1041 de
770 1015 836 1042 me
863 1001 1083 1055 referrent,
1116 1002 1270 1043 cotidie
1296 1003 1414 1057 flagi-

79 1062 205 1111 taret,
235 1074 320 1100 non
353 1073 397 1100 se
429 1073 518 1099 rem
549 1058 792 1113 improbare
826 1059 1036 1104 dicebant.
1069 1061 1141 1102 sed
1167 1061 1262 1116 lege
1288 1061 1414 1102 istius

79 1118 286 1173 impediri.
334 1116 443 1158 Erat
468 1117 549 1159 hoc
574 1132 738 1171 verum,
763 1132 863 1159 nam
889 1119 1242 1174 impediebantur,
1268 1135 1415 1161 verum

80 1191 128 1218 ea
154 1177 260 1231 lege,
287 1191 413 1231 quam
438 1176 550 1217 idem
576 1176 657 1217 iste
679 1176 728 1217 (le
748 1176 999 1218 Macedonia
1019 1176 1223 1232 Syriaque
1243 1179 1416 1220 tulerat.

78 1235 200 1277 Hanc
244 1239 308 1289 tu,
351 1234 396 1276 P.
433 1234 630 1289 Lentule,
674 1249 809 1289 neque
852 1236 1044 1289 privatus
1087 1251 1223 1291 neque
1268 1238 1484 1281 consum?

80 1294 219 1349 legem
259 1308 349 1335 esse
390 1308 591 1347 umquam
629 1294 804 1347 putasti.
865 1293 977 1335 Nam
1010 1295 1193 1336 tribunis
1224 1296 1281 1349 pl.
1313 1296 1415 1337 refe-

79 1353 272 1393 rentibus
317 1352 575 1393 sententiam
621 1352 670 1392 de
712 1366 778 1392 me
818 1351 1066 1407 designatus
1107 1355 1252 1394 consul
1289 1369 1415 1409 saepe

81 1411 243 1464 dixisti3
276 1425 324 1451 ex
355 1409 559 1451 Kalendis
591 1410 813 1464 Ianuariis,
846 1411 984 1464 quoad
1016 1412 1205 1466 perfecta
1239 1426 1305 1453 res
1339 1416 1416 1466 est,

81 1470 129 1510 de
168 1484 234 1510 me
266 1469 490 1523 rettulisti,
526 1469 664 1524 legem
697 1469 1000 1523 promulgasti,
1038 1470 1194 1523 tulisti3
1234 1485 1415 1525 quorum

80 1528 172 1581 tibi,
198 1528 234 1569 si
266 1531 378 1569 esset
408 1528 485 1568 illa
516 1527 599 1580 lex,
637 1527 744 1568 nihil
777 1527 936 1569 liceret.
996 1528 1056 1569 At
1087 1529 1215 1570 etiam
1248 1528 1294 1577 Q.
1327 1529 1413 1571 Me-

80 1587 220 1640 tellus,
252 1587 416 1640 collega
447 1588 559 1639 tuus,
592 1586 851 1627 clarissimus
884 1586 960 1640 vir,
993 1602 1120 1641 quam
1153 1588 1292 1643 legem
1323 1603 1415 1630 esse

80 1645 273 1687 homines
318 1644 566 1686 alienissimi
610 1659 634 1685 a
671 1644 715 1685 P.
742 1643 891 1686 Clodio
935 1645 1187 1700 iudicarent,
1232 1647 1332 1688 Piso
1373 1649 1415 1688 et

81 1703 302 1757 Gabinius,
334 1718 427 1745 eam
453 1703 614 1744 nullam
642 1717 733 1744 esse
758 1702 892 1744 frater
917 1703 962 1744 P.
983 1703 1118 1758 Clodi,
1150 1719 1244 1746 cum
1272 1705 1321 1746 de
1347 1721 1414 1748 me

82 1763 131 1804 ad
172 1766 365 1804 senatum
403 1765 544 1803 tecum
582 1776 665 1802 una
697 1762 885 1813 rettulit,
921 1762 1135 1804 iudicavit.
1199 1762 1280 1805 Sed
1312 1779 1412 1806 vero

81 1822 172 1875 isti,
224 1821 295 1876 qui
340 1819 463 1862 Clodi
506 1821 622 1875 leges
670 1821 921 1875 timuerunt,
966 1836 1090 1875 quem
1139 1822 1192 1863 ad
1241 1823 1414 1864 modum

82 1882 243 1921 ceteras
277 1879 587 1921 observarunt?
644 1877 824 1920 Senatus
857 1879 1038 1935 quidem,
1070 1880 1187 1922 cuius
1222 1884 1286 1922 est
1318 1895 1413 1935 gra-

81 1938 301 1980 vissimum
332 1938 533 1979 iudicium
566 1937 615 1978 de
647 1937 736 1978 iure
768 1938 922 1992 legum,
955 1939 1332 1993 quotienscumque
1364 1940 1413 1981 de

81 2011 148 2037 me
186 1997 402 2038 consultus
441 1999 522 2049 est,
560 1995 719 2037 totiens
756 2010 849 2037 eam
880 1997 1041 2039 nullam
1075 2012 1166 2039 esse
1199 1998 1414 2040 iudicavit.

82 2054 201 2103 Quod
238 2055 349 2096 idem
385 2058 452 2109 tu,
489 2054 684 2108 Lentule,
722 2054 866 2096 vidisti
897 2057 942 2096 in
973 2070 1023 2097 ea
1053 2057 1165 2111 lege,
1204 2071 1330 2110 quam
1364 2056 1413 2097 de

82 2127 148 2154 me
179 2114 329 2155 tulisti.
384 2113 495 2155 Nam
527 2127 613 2155 non
645 2116 709 2154 est
741 2113 803 2154 ita
834 2113 982 2167 latum,
1013 2117 1062 2156 ut
1094 2115 1198 2155 mihi
1231 2114 1413 2156 Romam

84 2171 242 2213 ‘venire
274 2171 452 2225 liceret',
490 2171 562 2213 sed
593 2174 641 2212 ut
673 2171 902 2214 ‘venirem.'
963 2172 1061 2214 Non
1095 2173 1205 2214 enim
1240 2173 1413 2214 voluisti

82 2229 142 2283 id,
187 2230 297 2283 quod
340 2230 512 2284 licebat,
554 2229 665 2271 ferre
710 2233 758 2272 ut
800 2230 964 2284 liceret,
1009 2231 1081 2273 sed
1119 2245 1184 2272 me
1222 2231 1282 2272 ita
1321 2246 1412 2273 esse

82 2289 125 2328 in
176 2302 220 2329 re
263 2287 451 2343 publica,
501 2289 639 2344 magis
683 2292 730 2330 ut
774 2290 1001 2331 arcessitus
1045 2289 1222 2343 imperio
1266 2290 1409 2344 populi

1132 2358 1201 2392 31*

1441 1778 1479 1808 71
