1687 2533
408 633 469 680 M.
509 632 699 679 TULLI
738 629 1066 680 CICERONIS

66 741 332 808 ORATIO,
374 740 520 797 CUM
559 741 856 798 SENATUI
894 739 1191 796 GRATIAS
1229 740 1408 794 EGIT.

538 928 932 967 ARGUMENTUM.

163 1006 252 1042 Cum
277 1006 325 1042 M.
347 1006 474 1041 Cicero
505 1006 626 1051 pridie
658 1007 784 1040 Nonas
816 1004 1055 1050 Septembres
1087 1015 1119 1039 a.
1156 1016 1190 1038 u.
1220 1014 1248 1038 e.
1277 1007 1344 1038 697
1371 1003 1411 1038 ฮก.

68 1055 227 1089 Lentulo
249 1053 290 1096 Q.
305 1053 458 1088 Metello
485 1053 700 1088 consulibus
727 1052 772 1087 de
799 1052 912 1087 exilio
939 1053 1093 1087 Romam
1121 1051 1290 1093 redisset,
1317 1049 1413 1084 nihil

67 1101 202 1136 habuit
221 1101 419 1145 antiquius,
445 1111 558 1144 quam
577 1102 619 1134 ut
639 1100 696 1143 iis,
723 1099 798 1144 qui,
824 1100 867 1133 ut
885 1099 965 1144 ipse
987 1098 1144 1133 Romam
1164 1099 1412 1138 revocaretur,

68 1149 341 1192 laboraverant,
366 1159 432 1193 pro
459 1147 649 1183 beneficiis
674 1149 713 1182 in
740 1158 778 1181 se
805 1147 952 1182 collatis
979 1145 1122 1190 gratias
1141 1146 1288 1189 ageret.
1339 1144 1412 1178 Ita-

69 1207 140 1240 que
165 1195 346 1240 postridie
373 1195 452 1230 eius
478 1195 568 1237 diei,
596 1205 668 1239 quo
693 1194 849 1229 Romam
875 1193 989 1236 venit,
1017 1205 1100 1227 cum
1125 1191 1280 1236 reliquis
1307 1203 1410 1226 sena-

68 1243 224 1287 toribus,
245 1253 318 1277 non
338 1243 451 1277 nullis
472 1242 586 1276 etiam
607 1240 830 1276 nominatim
850 1240 1062 1285 appellatis,
1084 1242 1165 1273 tum
1185 1238 1412 1281 consulibus,

70 1293 209 1334 quanto
236 1300 346 1334 opere
373 1289 448 1324 suis
473 1289 661 1323 beneficiis
687 1289 909 1323 obstrictum
936 1299 973 1323 se
998 1287 1197 1328 haberent,
1223 1286 1293 1320 hac
1319 1286 1413 1330 ipsa,

71 1348 166 1418 qusse
190 1337 288 1372 infra
314 1336 460 1381 legitur,
488 1337 654 1371 oratione
674 1335 840 1370 indicare
861 1334 982 1369 voluit
1004 1335 1228 1379 gratumque
1250 1331 1414 1367 animum

70 1386 126 1419 tes
147 1385 212 1418 ari.

163 1573 225 1627 Si,
261 1575 406 1628 patres
438 1571 685 1626 conscripti,
722 1586 799 1625 pro
832 1570 988 1612 vestris
1020 1568 1339 1610 immortalibus
1371 1568 1416 1609 in
1444 1567 1464 1606 1

74 1648 142 1675 me
166 1633 430 1685 fratremque
458 1646 597 1672 meum
620 1630 862 1684 liberosque
882 1631 1054 1670 nostros
1076 1627 1241 1668 meritis
1261 1642 1415 1682 parum
1443 1617 1460 1647 ยน

74 1692 196 1733 vobis
230 1691 445 1733 cumulate
477 1689 640 1744 gratias
674 1703 820 1743 egero,
852 1701 1009 1742 quaeso
1043 1686 1332 1740 obtestorque,
1363 1701 1416 1727 ne

76 1765 195 1792 meae
243 1753 422 1791 naturae
472 1749 616 1803 potius
667 1762 796 1801 quam
841 1745 1130 1801 magnitudini
1173 1748 1416 1786 vestrorum

41 1825 58 1849 5
79 1809 379 1851 beneficiorum
411 1807 455 1849 id
485 1806 758 1848 tribuendum
791 1806 964 1860 putetis.
1009 1803 1126 1853 Quae
1153 1806 1276 1844 tanta
1303 1803 1417 1844 enim

74 1871 220 1923 potest
264 1867 444 1909 existere
464 1866 664 1907 ubertas
709 1864 887 1919 ingenii,
933 1877 1038 1917 quae
1082 1864 1206 1904 tanta
1251 1862 1417 1903 dicendi

76 1927 208 1980 copia,
241 1925 354 1981 quod
384 1928 476 1966 tam
508 1925 699 1965 divinum
731 1926 857 1977 atque
889 1921 1137 1963 incredibile
1164 1935 1297 1976 genus
1325 1935 1416 1962 ora-

75 1985 222 2039 tionis,
265 1999 348 2038 quo
393 1984 619 2038 quisquam
663 1982 802 2036 possit
839 1984 983 2022 vestra
1019 1980 1063 2021 in
1100 1994 1179 2021 nos
1218 1979 1418 2020 universa

76 2043 312 2099 promerita
335 2057 422 2084 non
448 2042 587 2084 dicam
613 2041 838 2094 complecti
866 2040 1037 2093 orando,
1070 2038 1143 2080 sed
1168 2050 1418 2093 percensere

26 2116 61 2140 10
80 2101 371 2143 numerando?
404 2101 476 2155 qui
501 2101 608 2141 mihi
633 2100 813 2141 fratrem
841 2098 1174 2152 optatissimum,
1200 2111 1267 2137 me
1292 2095 1419 2136 fratri

80 2161 397 2212 amantissimo,
439 2159 587 2200 liberis
624 2158 784 2200 nostris
822 2159 1041 2212 parentes,
1085 2155 1210 2197 nobis
1247 2154 1419 2206 liberos,

79 2219 151 2274 qui
189 2218 461 2273 dignitatem,
500 2218 572 2271 qui
610 2217 820 2269 ordinem,
859 2216 930 2270 qui
967 2215 1184 2266 fortunas,
1225 2213 1296 2266 qui
1330 2227 1417 2253 am-

77 2277 317 2332 plissimam
343 2291 433 2317 rem
458 2276 687 2330 publicam,
715 2275 787 2330 qui
811 2274 1010 2329 patriam,
1037 2288 1122 2327 qua
1144 2271 1253 2312 nihil
1273 2272 1419 2325 potest

79 2351 170 2377 esse
202 2335 440 2389 iucundius,
473 2335 545 2389 qui
578 2334 757 2388 denique
788 2337 958 2375 nosmet
988 2333 1105 2387 ipsos
1131 2330 1256 2371 nobis
1284 2329 1420 2370 reddi-
