1619 2542
633 140 732 175 CAP.
762 145 798 183 1,
825 144 845 175 2
872 144 891 183 s
919 144 1018 175 1—4.
1388 141 1474 182 263

139 239 217 291 est,
249 252 344 279 eum
377 239 441 278 est
473 251 522 278 ex
553 237 657 278 urbe
685 237 897 292 depulsus.
940 235 1091 278 Palam
1117 236 1203 279 iam
1230 252 1324 278 eum
1349 236 1476 279 hoste

138 297 258 339 nullo
290 295 531 350 inpediente
563 296 724 337 bellum
756 296 914 336 iustum
947 309 1156 350 geremus,
1215 294 1314 337 Sine
1347 296 1475 338 dubio

140 355 400 411 perdidimus
426 354 644 396 hominem
669 354 977 409 magnificeque
1002 354 1196 409 vicimus,
1227 369 1322 396 oum
1350 355 1475 396 illum

141 429 191 456 ex
223 413 400 456 occultis
426 413 589 454 insidiis
613 413 660 454 in
687 415 881 467 apertum
907 413 1180 454 latrocinium
1207 413 1476 456 conieeimus.

104 485 121 510 5
142 473 261 522 Quod
287 487 387 514 vero
413 486 499 513 non
525 474 744 513 cruentum
771 486 1029 525 mueronem,
1059 475 1108 513 ut
1133 472 1283 527 voluit,
1309 473 1476 522 extulit,
1501 483 1523 515 2

141 532 252 586 quod
277 531 385 574 vivis
417 531 540 572 nobis
573 545 769 586 egressus
802 532 878 584 est,
910 531 1022 585 quod
1049 530 1088 572 ei
1111 530 1271 572 ferrum
1298 546 1319 572 e
1345 532 1476 573 mani-

141 593 220 632 bus
254 590 529 644 extorsimus,
570 590 681 645 quod
712 588 947 630 incolumes
980 589 1112 643 cives,
1143 590 1257 644 quod
1289 593 1475 632 stantem

141 651 290 691 urbem
334 648 528 703 reliquit,
572 650 732 702 quanto
774 648 947 695 tandem
991 648 1115 689 illum
1153 663 1345 690 maerore
1384 664 1476 691 esse

141 709 360 751 adflictum
408 710 450 749 et
495 707 773 763 profligatum
817 707 1014 761 putatis?
1087 705 1204 748 Iacet
1247 707 1321 749 ille
1363 723 1477 751 nune

88 779 122 804 1⁰
141 770 401 823 prostratus,
439 765 641 820 Quirites,
679 768 721 806 et
754 779 796 806 se
828 767 1070 820 perculsum
1102 768 1229 820 atque
1263 767 1477 808 abiectum

141 841 233 869 esse
266 826 396 868 sentit
427 827 469 866 et
500 827 719 879 retorquet
745 825 890 866 oeulos
916 825 1108 879 profecto
1135 838 1261 879 saepe
1288 826 1340 866 ad
1366 825 1477 867 hanc

140 885 301 939 urbem,
328 899 453 940 quam
482 898 503 925 e
530 884 617 925 suis
642 883 837 924 faucibus
864 886 1053 937 ereptam
1080 897 1172 924 esse
1198 884 1337 939 luget3
1369 899 1477 939 quae

141 944 311 999 quidem
337 942 443 984 mihi
468 942 621 984 laetari
647 942 825 996 videtur,
857 942 969 996 quod
995 945 1162 983 tantam
1187 945 1352 996 pestem
1380 958 1477 984 evo-

142 1003 297 1044 muerit
325 1002 525 1056 forasque
556 1001 794 1055 proiecerit.

89 1073 122 1098 15
229 1061 294 1104 Ao
325 1061 361 1102 si
392 1060 486 1116 quis
518 1064 584 1101 est
615 1059 728 1113 talis,
759 1059 907 1113 quales
940 1074 1030 1101 esse
1064 1074 1209 1101 omnes
1237 1044 1531 1128 oportebat,{

142 1121 214 1175 qui
252 1121 296 1162 in
332 1120 414 1161 hoo
452 1119 566 1173 ipso,
602 1118 647 1160 in
685 1133 767 1173 quo
801 1119 963 1159 exultat
995 1121 1037 1159 et
1067 1118 1307 1173 triumphat
1339 1119 1476 1160 oratio

141 1194 254 1234 mea,
296 1194 363 1220 me
405 1177 678 1220 vehementer
722 1180 908 1230 accuset,
958 1177 1070 1232 quod
1112 1179 1202 1218 tam
1248 1177 1476 1231 capitalem

139 1238 310 1280 hostem
346 1252 433 1279 non
470 1236 862 1291 comprehenderim
898 1238 1042 1290 potius
1084 1250 1212 1290 quam
1251 1236 1476 1290 emiserim,

140 1311 226 1339 non
252 1299 317 1338 est
341 1296 427 1338 ista
446 1310 540 1336 mea
560 1296 695 1348 eulpa,
721 1293 920 1347 Quirites,
947 1295 1019 1335 sed
1038 1297 1293 1349 temporum.
1342 1294 1477 1336 Inter-

87 1366 123 1391 20
142 1357 296 1397 fectum
338 1369 429 1396 esse
459 1353 506 1396 L.
539 1352 770 1394 Catilinam
803 1356 844 1394 et
877 1353 1131 1407 gravissimo
1165 1353 1375 1407 supplicio
1409 1354 1477 1394 ad-

141 1414 298 1456 fectum
341 1415 427 1455 iam
466 1412 631 1468 pridem
676 1411 921 1466 oportebat,
965 1411 1091 1465 idque
1136 1426 1161 1452 a
1197 1425 1263 1451 me
1303 1414 1345 1451 et
1382 1426 1476 1452 mos

142 1473 352 1513 maiorum
395 1474 438 1512 et
481 1471 607 1512 huius
648 1470 818 1524 imperii
862 1470 1069 1510 severitas
1114 1471 1156 1510 et
1195 1483 1263 1510 res
1304 1469 1476 1524 publiea

141 1531 404 1585 postulabat.
447 1528 529 1571 Sed
555 1543 683 1583 quam
709 1529 869 1569 multos
894 1528 1026 1568 fuisse
1051 1527 1227 1581 putatis,
1257 1529 1339 1582 qui,
1369 1542 1476 1582 quae

143 1603 221 1644 ego
247 1589 466 1642 deferrem,
485 1601 572 1628 non
592 1587 827 1640 crederent,
849 1587 996 1640 [quam
1015 1586 1186 1636 multos,
1207 1586 1279 1640 qui
1298 1588 1477 1641 propter

88 1658 122 1683 25
143 1648 372 1689 stultitiam
414 1660 501 1688 non
544 1646 782 1700 putarent,]
836 1659 964 1699 quam
1007 1645 1185 1697 multos,
1230 1644 1302 1698 qui
1345 1645 1476 1686 etiam

141 1706 415 1748 defenderent
455 1703 615 1760 [,quam
642 1704 814 1755 multos,
840 1703 912 1757 qui
944 1706 1120 1757 propter
1150 1703 1474 1757 improbitatem

140 1766 370 1817 faverent]!
433 1764 513 1816 Ac,
548 1762 583 1803 si
619 1762 694 1803 illo
733 1761 901 1803 sublato
940 1761 1095 1815 depelli
1132 1776 1157 1803 a
1188 1761 1310 1802 vobis
1350 1777 1475 1803 omne

141 1824 376 1878 perieulum
419 1822 666 1874 iudicarem,
710 1821 795 1861 iam
838 1819 1002 1874 pridem
1041 1834 1120 1875 ego
1157 1819 1204 1861 L.
1244 1819 1475 1863 Catilinam

141 1897 229 1924 non
260 1882 386 1924 modo
418 1880 601 1922 invidiae
633 1893 768 1931 meae,
800 1893 946 1920 verum
979 1878 1109 1919 etiam
1139 1879 1253 1919 vitae
1286 1879 1473 1932 periculo

89 1952 124 1976 30
144 1941 423 1982 sustulissem.
473 1938 554 1980 Sed
592 1953 689 1979 eum
719 1937 917 1989 viderem,
948 1951 1000 1978 ne
1032 1936 1153 1979 vobis
1186 1938 1356 1991 quidem
1389 1952 1475 1978 om·
1498 1947 1525 1981 4

141 1999 267 2040 nibus
298 2014 343 2040 re
376 1999 505 2040 etiam
537 2001 627 2039 tum
655 1996 838 2051 probata
869 1996 906 2036 si
929 1995 1061 2049 illum,
1092 1998 1141 2037 ut
1167 1998 1258 2036 erat
1283 1996 1474 2049 meritus,

142 2060 278 2098 morte
304 2058 567 2110 multassem,
594 2056 684 2096 fore
710 2057 758 2095 ut
785 2054 873 2095 eius
900 2055 1036 2096 socios
1063 2054 1223 2096 invidia
1243 2068 1474 2108 oppressus

141 2116 338 2170 persequi
366 2130 454 2157 non
483 2128 666 2170 possem,
697 2127 787 2154 rem
818 2113 900 2156 huc
931 2113 1095 2167 deduxi,
1124 2116 1174 2154 ut
1204 2115 1297 2153 tum
1328 2113 1472 2166 palam
1523 2156 1525 2158 ,

142 2188 333 2229 pugnare
364 2174 562 2228 possetis,
588 2187 682 2215 eum
716 2172 881 2212 hostem
909 2174 1054 2226 aperte
1080 2171 1295 2212 videretis.
1339 2169 1472 2218 Quem

88 2243 124 2268 35
145 2232 311 2285 quidem
344 2246 422 2287 ego
455 2233 642 2285 hostem,
675 2229 872 2284 Quirites,
905 2244 1031 2284 quam
1062 2230 1335 2271 vehementer
1365 2228 1471 2269 foris

144 2304 235 2331 esse
277 2290 514 2332 timendum
551 2294 715 2345 putem,
759 2288 859 2330 lieet
897 2288 996 2330 hine
1033 2287 1316 2342 intellegatiS,
1360 2286 1472 2340 quod

143 2348 272 2390 etiam
304 2348 413 2390 illud
445 2349 623 2390 moleste
653 2347 764 2402 fero,
802 2347 915 2401 quod
945 2361 996 2389 ex
1026 2347 1130 2388 urbe
1161 2360 1314 2400 parum
1346 2344 1472 2386 comi-
