1619 2542
499 596 560 650 M.
600 602 787 649 TULLI
825 602 1151 650 CICERONIS

343 713 560 767 PRO
634 712 694 766 A.
765 710 1312 767 CAECINA

616 816 1035 871 ORATIO.

627 1012 1016 1053 ARGUMENTUM.

252 1092 299 1127 M.
327 1090 531 1133 Fulcinius,
557 1090 747 1136 municeps
773 1090 1067 1134 Tarquiniensis,
1098 1090 1281 1126 habuerat
1305 1090 1343 1125 in
1368 1090 1491 1125 matri-

157 1138 280 1174 monio
307 1137 558 1174 Caesenniam.
608 1137 653 1171 Ei
678 1137 833 1172 fundum
857 1138 896 1172 in
922 1149 1011 1182 agro
1032 1137 1292 1182 Tarquiniensi
1317 1137 1493 1172 vendide-

158 1188 226 1229 rat,
251 1187 293 1220 ut
318 1185 395 1228 dos,
421 1196 531 1229 quam
550 1186 781 1219 numeratam
802 1187 1007 1230 acceperat,
1034 1184 1072 1219 in
1099 1195 1141 1220 eo
1161 1185 1275 1219 fundo
1295 1184 1492 1220 collocare-

156 1234 225 1268 tur.
265 1233 464 1277 Aliquanto
484 1233 570 1277 post
583 1231 769 1266 Fulcinius
788 1231 869 1276 ipse
888 1231 974 1266 huic
994 1231 1108 1266 fundo
1128 1232 1250 1266 uxoris
1266 1231 1495 1266 continentia

157 1280 340 1324 quaedam
364 1278 518 1324 praedia
550 1280 660 1323 atque
686 1278 862 1313 adiuncta
887 1281 1036 1313 emerat.
1086 1278 1220 1313 Filium
1245 1289 1265 1312 e
1291 1277 1495 1313 Caesennia

157 1328 371 1372 susceperat
402 1326 598 1360 Fulcinius,
655 1325 748 1360 Eum
774 1326 934 1361 moriens
965 1326 1190 1360 testamento
1222 1325 1362 1360 fecerat
1392 1324 1493 1360 here-

157 1374 256 1416 dem,
289 1385 396 1408 usum
428 1375 465 1408 et
488 1373 648 1407 fructum
680 1374 843 1407 omnium
874 1373 1055 1407 bonorum
1081 1383 1230 1407 suorum
1261 1371 1367 1406 uxori
1393 1372 1491 1416 lega—

157 1422 272 1464 verat,
298 1422 341 1455 ut
364 1420 548 1455 frueretur
573 1431 647 1454 una
672 1430 755 1454 cum
774 1419 861 1454 filio.
911 1419 1021 1454 Brevi
1040 1421 1206 1464 tempore
1231 1421 1318 1463 post
1341 1419 1389 1454 M.
1410 1418 1492 1453 Ful-

157 1468 274 1502 cinius
289 1467 504 1502 adulescens
526 1469 690 1502 mortuus
710 1468 806 1509 erat3
826 1467 1000 1501 heredem
1020 1466 1159 1501 fecerat
1177 1466 1215 1500 P.
1235 1464 1492 1508 Caesennium,

157 1516 261 1550 uxori
287 1514 426 1558 grande
453 1513 598 1559 pondus
625 1514 771 1557 argenti
796 1513 979 1557 matrique
1004 1516 1149 1558 partem
1174 1512 1354 1548 maiorem
1378 1513 1492 1548 bono-

158 1573 238 1595 rum
258 1561 459 1606 legaverat
498 1560 588 1596 Cum
602 1562 701 1596 esset
720 1560 844 1595 auctio
864 1560 1088 1595 hereditaria
1107 1560 1291 1603 instituta,
1311 1561 1494 1594 statuerat

158 1607 361 1643 Caesennia
386 1608 432 1643 de
459 1608 660 1643 amicorum
686 1608 870 1642 sententia
890 1618 1010 1642 emere
1030 1607 1185 1642 fundum
1209 1607 1315 1641 illum
1334 1606 1491 1641 Fulcini-

159 1666 279 1697 anum,
301 1655 364 1698 qui
383 1655 496 1690 fundo
518 1665 584 1689 suo
605 1654 756 1698 antiquo
779 1654 971 1689 continens
992 1656 1098 1690 esset.
1142 1653 1345 1698 Negotium
1365 1653 1493 1688 datum

158 1703 239 1736 erat
258 1683 429 1745 Aebutio,
455 1701 518 1746 qui
544 1701 622 1736 eius
641 1701 793 1746 negotia
819 1701 1077 1736 administrare
1097 1702 1302 1736 consuerat.
1339 1699 1390 1734 Ei
1415 1704 1492 1734 erat

157 1748 310 1791 fundus,
337 1759 446 1793 quem
470 1749 651 1784 mandatu
677 1748 898 1783 Caesenniae
925 1748 1116 1783 dicebatur
1141 1749 1284 1790 emisse,
1311 1746 1490 1781 addictus,

157 1795 241 1830 Non
266 1795 321 1830 ita
344 1796 461 1830 multo
486 1797 573 1840 post
597 1795 801 1831 Caesennia
825 1796 866 1829 A.
896 1795 1075 1830 Caecinae
1095 1794 1336 1829 Volaterrano
1363 1804 1491 1838 nupse-

157 1844 217 1877 rat
248 1853 403 1885 eumque
436 1843 594 1877 moriens
626 1843 850 1877 testamento
882 1842 1057 1876 heredem
1087 1841 1226 1877 fecerat
1257 1850 1301 1874 ex
1330 1841 1491 1875 maxima

157 1890 262 1933 parte
282 1889 472 1932 bonor,um
500 1900 543 1923 ex
568 1889 721 1923 minima
745 1891 851 1934 parte
876 1888 924 1924 Μ
944 1887 1160 1930 Fulcinium,
1186 1887 1360 1921 libertum
1386 1898 1490 1932 supe-

157 1935 264 1971 rioris
290 1935 376 1978 viri,
402 1947 445 1970 ex
470 1937 609 1971 minore
636 1937 748 1970 etiam
774 1936 981 1970 Aebutium.
1041 1933 1219 1969 Aebutius
1245 1933 1404 1978 primum
1429 1944 1490 1968 ne-

157 1985 313 2026 gaverat-
345 1962 386 2017 A
421 1982 615 2018 Caecinam
649 1982 822 2017 heredem
857 1993 936 2017 esse
971 1992 1094 2026 posse,
1130 1981 1228 2025 quod
1264 1991 1286 2015 a
1316 1980 1354 2015 L
1390 1980 1487 2016 Sulla

157 2029 412 2064 Volaterranis
444 2029 577 2064 civitas
610 2030 708 2064 esset
738 2029 845 2064 adem
847 2030 928 2074 pta,
960 2031 1038 2062 tum
1071 2038 1154 2062 eum
1179 2026 1349 2071 fundum,
1382 2038 1491 2071 quem

158 2077 384 2111 Caesenniae
410 2075 586 2110 mandatu
613 2076 805 2111 dicebatur
830 2076 979 2117 emisse,
1011 2085 1115 2109 suum
1140 2084 1221 2109 esse
1251 2075 1491 2109 contenderat

158 2134 310 2167 seseque
337 2122 408 2157 sibi
434 2123 574 2157 emisse.
624 2122 678 2156 De
704 2122 774 2157 hoc
799 2122 914 2167 igitur
944 2121 1056 2156 fundo
1083 2132 1165 2155 cum
1192 2120 1308 2156 vellet
1331 2123 1372 2156 A.
1401 2121 1489 2155 Cae-

159 2170 241 2205 cina
266 2170 429 2205 moribus
455 2168 604 2211 deduci,
637 2170 679 2203 ut
704 2170 739 2203 vi
765 2170 840 2204 ista
863 2169 1051 2204 cotidiana
1081 2167 1183 2202 facta
1207 2168 1444 2202 interdictum
1469 2178 1491 2202 a

156 2218 326 2261 praetore
351 2217 549 2261 impetrare
569 2219 706 2259 posset,
732 2216 872 2251 factum
892 2216 958 2256 est,
984 2215 1026 2248 ut
1051 2225 1150 2257 eum,
1177 2225 1259 2248 cum
1279 2215 1317 2249 in
1335 2214 1485 2251 fundum

156 2263 301 2308 ingtedi
333 2263 463 2305 vellet,
497 2263 676 2298 Aebutius
710 2274 784 2297 non
809 2263 847 2297 vi
877 2243 1080 2304 cotidiana,
1116 2272 1209 2305 quae
1242 2261 1405 2296 moribus
1436 2261 1487 2304 fit,

158 2310 371 2354 deduceret,
403 2290 468 2345 sed
494 2309 529 2344 vi
555 2310 697 2344 armata
723 2309 942 2354 depelleret,
967 2307 1178 2342 hominibus
1205 2307 1344 2343 coactis
1371 2318 1489 2342 arma-
