1619 2542
505 96 605 132 CAP.
633 101 722 132 5-7
750 100 769 139 ξ
797 100 943 132 14-19.
1341 98 1397 136 43

61 192 321 236 Caesenniae
355 193 455 235 dare
487 209 660 247 operam
691 208 816 235 nemo
856 192 1102 246 miraretur,
1143 193 1226 233 sibi
1263 206 1402 233 emere

60 267 183 294 nemo
222 255 369 307 posset
407 254 627 307 suspicari.
688 252 781 294 Hac
819 252 1034 307 emptione
1070 251 1186 293 facta
1223 251 1403 306 pecunia
1432 262 1467 291 17

60 312 244 353 solvitur
286 327 310 352 a
350 310 604 365 Caesennia3
645 311 762 353 cuius
803 311 865 352 rei
904 312 1030 366 putat
1068 311 1152 351 iste
1192 309 1401 351 rationem

61 370 180 411 reddi
204 384 290 411 non
314 384 453 425 posse,
479 369 592 425 quod
617 370 709 423 ipse
736 370 908 411 tabulas
936 369 1160 422 averterit3
1187 383 1231 409 se
1258 371 1403 410 autem

25 438 41 463 ⁵
63 429 218 470 habere
251 429 483 483 argentarii
514 429 704 482 tabulas,
742 430 785 469 in
817 428 971 482 quibus
1004 427 1086 469 sibi
1118 442 1304 481 expensa
1336 441 1402 480 pe-

63 487 187 528 cunia
218 487 308 528 lata
339 487 396 528 sit
428 490 684 542 acceptaque
717 488 863 528 relata.
914 485 1047 535 Quasi
1077 486 1121 527 id
1153 486 1279 527 aliter
1310 485 1401 527 fieri

63 546 312 600 oportuerit.
363 545 468 587 Cum
502 547 646 587 omnia
671 547 734 587 ita
758 545 871 587 facta
899 549 1051 599 essent,
1083 559 1209 599 quem
1235 545 1289 586 ad
1315 558 1401 585 mo-

62 604 160 645 dum
191 619 269 645 nos
301 604 578 658 defendimus,
610 603 846 646 Caesennia
871 604 1050 645 fundum
1076 603 1268 659 possedit
1293 603 1401 644 loca-

61 663 223 717 vitque3
255 678 390 718 neque
422 663 484 705 ita
516 664 651 704 multo
683 666 783 718 post
815 663 866 704 A.
899 661 1107 704 Caecinae
1139 662 1298 717 nupsit.
1341 660 1402 704 Ut

9 722 104 762 min
135 736 271 776 pauca
303 721 537 775 conferam,
575 724 836 763 testamento
868 721 983 763 facto
1016 721 1170 762 mulier
1201 721 1402 774 moritur,

59 780 163 822 facit
200 780 398 822 heredem
439 795 490 822 ex
531 780 689 822 deunce
732 784 776 821 et
816 780 1034 821 semuncia
1067 779 1312 833 Caecinam,
1353 793 1403 820 ex

62 839 225 881 duabus
251 839 429 880 sextulis
454 838 510 881 M.
536 839 788 893 Fulcinium,
815 839 1016 880 libertum
1045 838 1279 893 superioris
1311 837 1403 891 viri,

62 897 249 939 Aebutio
282 898 493 940 sextulam
526 899 730 954 aspergit.
791 897 913 939 Hanc
946 897 1158 939 sextulam
1190 897 1267 938 illa
1299 911 1404 938 mer-

62 957 206 998 cedem
231 956 305 998 isti
325 971 417 998 esse
436 957 575 999 voluit
604 956 870 998 assiduitatis
891 959 934 998 et
952 956 1188 1009 molestiae,
1214 956 1247 997 si
1277 970 1405 1010 quam

10 1023 42 1049 1⁵
63 1018 245 1068 ceperat.
305 1014 394 1057 Iste
435 1019 578 1057 autem
618 1015 698 1057 hac
739 1016 905 1056 sextula
945 1029 990 1056 se
1032 1029 1181 1057 ansam
1222 1016 1404 1055 retinere

64 1074 253 1116 omnium
284 1075 671 1116 controversiarum
702 1077 840 1129 putat.

149 1132 241 1174 Iam
273 1133 481 1188 principio
514 1148 641 1175 ausus
675 1135 740 1174 est
772 1133 909 1174 dicere
940 1147 1027 1173 non
1053 1147 1178 1187 posse
1204 1131 1405 1173 heredem
1441 1130 1450 1156 ⁴

65 1205 156 1233 esse
183 1190 440 1233 Caesenniae
467 1191 707 1246 Caecinam,
740 1192 852 1246 quod
877 1192 914 1232 is
942 1191 1152 1247 deteriore
1177 1191 1268 1232 iure
1295 1193 1407 1231 esset

65 1265 193 1304 quam
230 1250 359 1292 ceteri
397 1250 510 1293 cives
549 1253 725 1306 propter
756 1250 1073 1292 incommodum
1104 1248 1407 1291 Volaterrano-

11 1317 46 1342 20
63 1323 156 1350 rum
200 1309 577 1364 calamitatemque
620 1310 801 1351 civilem.
861 1308 1012 1363 Itaque
1056 1308 1185 1350 homo
1229 1307 1406 1349 timidus

63 1367 370 1422 inperitusque⁷
403 1368 475 1423 qui
505 1382 641 1423 neque
674 1368 805 1409 animi
836 1382 973 1422 neque
1005 1366 1175 1408 consilii
1200 1367 1306 1407 satis
1331 1366 1406 1407 ha-

64 1426 196 1479 beret,
226 1441 314 1468 non
343 1427 514 1481 putavit
546 1441 637 1468 esse
668 1426 781 1467 tanti
812 1426 1113 1479 hereditatem,
1146 1427 1193 1465 ut
1225 1424 1275 1465 de
1308 1424 1406 1465 civi-

66 1486 157 1525 tate
181 1483 227 1525 in
246 1484 422 1526 dubium
442 1485 622 1539 veniret3
650 1485 871 1537 concessit,
897 1483 1033 1537 credo,
1053 1482 1252 1537 Aebutio,
1278 1497 1406 1537 quan-

65 1545 159 1583 tum
195 1542 328 1584 vellet
365 1543 415 1584 de
453 1542 712 1585 Caesenniae
750 1543 874 1585 bonis
916 1545 964 1583 ut
1006 1542 1196 1583 haberet.
1256 1540 1408 1595 Immo,

14 1609 47 1635 25
68 1603 116 1642 ut
145 1601 237 1643 viro
275 1601 381 1643 forti
418 1616 466 1643 ac
504 1601 687 1655 sapienti
719 1601 893 1655 dignum
925 1600 1024 1654 fuit,
1055 1600 1118 1642 ita
1150 1599 1407 1642 calumniam

68 1659 380 1715 stultitiamque
413 1660 501 1702 eius
529 1659 706 1701 obtrivit
733 1674 779 1700 ac
805 1659 1010 1701 contudit.
1060 1658 1110 1700 In
1135 1658 1406 1713 possessione
1435 1670 1476 1699 19

67 1718 277 1760 bonorum
297 1733 392 1760 cum
414 1722 537 1772 esset,
564 1720 606 1760 et
632 1733 726 1759 cum
752 1718 834 1759 iste
855 1718 1067 1759 sextulam
1087 1731 1209 1758 suam
1228 1717 1406 1759 nimium

69 1780 365 1832 exaggeraret,
408 1779 578 1819 nomine
618 1776 786 1818 heredis
830 1776 1039 1817 arbitrum
1081 1776 1272 1817 familiae
1314 1776 1407 1817 her-

69 1835 291 1877 ciscundae
310 1836 560 1891 postulavit.
604 1836 746 1889 Atque
766 1834 853 1876 illis
879 1835 1025 1889 paucis
1052 1833 1212 1889 diebus,
1238 1838 1407 1889 postea-

16 1902 50 1928 30
71 1908 198 1948 quam
223 1894 340 1936 videt
363 1895 472 1935 nihil
499 1909 543 1935 se
570 1894 622 1935 ab
645 1895 695 1935 A.
716 1892 897 1935 Caecina
922 1908 1048 1948 posse
1074 1893 1218 1934 litium
1244 1896 1407 1934 terrore

70 1952 293 2007 abradere,
334 1953 498 1995 homini
537 1953 699 1994 Romae
740 1952 785 1992 in
824 1951 918 1993 foro
964 1951 1187 1993 denuntiat
1228 1951 1406 1992 fundum

68 2011 203 2064 illum,
234 2011 284 2052 de
310 2026 392 2066 quo
419 2014 518 2053 ante
545 2011 643 2064 dixi,
674 2010 791 2052 cuius
817 2010 949 2052 istum
975 2013 1213 2064 emptorem
1239 2010 1407 2051 demon*

71 2069 205 2111 stravi
235 2069 366 2111 fuisse
399 2070 604 2111 mandatu
636 2068 912 2122 Caesenniae,
951 2083 1074 2110 suum
1106 2083 1198 2110 esse
1232 2082 1405 2122 seseque

71 2127 154 2168 sibi
192 2127 356 2169 emisse.
418 2127 528 2177 Quid
566 2128 657 2169 ais?
695 2127 818 2168 istius
855 2127 930 2169 ille
966 2128 1120 2169 fundus
1159 2130 1242 2180 est,
1281 2140 1406 2180 quem

18 2194 52 2219 35
72 2185 161 2227 sine
192 2186 283 2226 ulla
313 2186 605 2228 controversia
636 2186 980 2241 quadriennium,
1018 2186 1099 2227 hoc
1137 2187 1204 2226 est
1241 2199 1290 2226 ex
1324 2198 1407 2239 quo

71 2245 262 2298 tempore
287 2243 443 2287 frmdus
463 2244 605 2297 veniit,
632 2244 770 2299 quoad
791 2244 907 2297 vixit,
932 2244 1123 2299 possedit
1144 2242 1407 2285 Caesennia?

73 2300 202 2343 ‘Usus
235 2302 376 2357 enim',
406 2303 557 2358 inquit,
589 2302 693 2344 ‘eius
724 2302 845 2344 fundi
876 2305 918 2344 et
949 2303 1113 2344 fructus
1146 2302 1408 2343 testamento
