1619 2542
181 108 266 149 130
519 109 614 143 PRO
641 109 684 144 A.
712 108 953 143 CLUENTIO
981 107 1170 143 ORA'HO.

178 204 385 246 Homines
423 205 558 246 totius
590 204 732 259 ignari
762 204 946 258 negotii,
978 203 1050 258 qui
1083 203 1366 258 Oppianicum
1396 219 1517 245 num-

180 278 307 317 quam
333 263 551 315 vidissent,
583 264 722 303 virum
757 263 966 316 optimum
993 265 1036 303 et
1060 262 1277 303 hominem
1302 263 1517 317 pudentis-

179 322 333 362 simum
365 322 543 377 pecunia
575 336 829 375 oppressum
861 335 952 362 6336
986 320 1316 374 arbitrarentur,
1356 321 1517 362 incensi

179 381 419 435 suspicione
445 395 535 421 rem
560 380 605 420 in
631 379 817 420 medium
843 393 995 420 vocare
1021 382 1251 433 coeperunt
1277 384 1319 420 et
1344 394 1516 421 causam

178 439 298 480 illam
334 442 472 480 totam
515 439 751 492 deposcere.
813 438 954 492 Atque
991 438 1068 479 illo
1106 438 1200 492 ipso
1239 441 1431 492 tempore
1471 439 1517 479 in

179 498 294 538 aedis
339 497 385 539 T.
426 497 557 550 Anni,
606 496 793 537 hominis
843 496 1154 550 honestissimi,
1203 497 1432 538 necessarii
1475 499 1518 538 et

179 556 304 597 amici
348 556 450 609 mei,
493 557 623 596 noctu
665 554 861 596 Staienus
907 555 1135 596 arcessitus
1181 555 1234 596 ab
1280 555 1516 610 Oppianico

178 615 308 656 venit.
370 614 463 655 Iam
507 616 646 655 cetera
683 616 787 654 nota
825 617 925 655 sunt
963 613 1179 663 omnibus,
1216 616 1265 654 ut
1303 628 1398 655 cum
1439 614 1516 655 illo

179 673 440 727 Oppianicus
480 672 617 728 egerit
651 672 700 712 de
738 673 936 726 pecunia,
974 675 1021 712 ut
1058 672 1133 712 ille
1175 686 1219 713 se
1251 672 1515 713 redditurum

179 746 271 772 esse
305 732 557 784 dixerit,‘ut
590 746 686 771 eum
719 745 958 772 sermonem
991 730 1204 771 audierint
1235 745 1405 771 omnem
1436 731 1518 771 viri

177 790 297 843 boni,
337 791 409 844 qui
446 793 538 830 tum
577 790 772 830 consulto
800 792 977 843 propter
1008 789 1052 829 in
1084 789 1251 831 occulto
1284 789 1517 842 stetissent,

177 852 224 889 ut
256 863 322 889 res
356 848 572 902 patefacta
606 852 647 889 et
672 848 717 888 in
742 847 884 889 :forum
909 848 1081 902 prolata
1107 850 1149 888 et
1173 848 1352 902 peciuiia
1379 847 1517 888 omnis

106 909 202 949 &Oa
240 906 413 948 Staieno
459 909 628 948 extorta
673 909 800 961 atque
845 911 991 960 erepta
1035 906 1104 948 sit.
1170 906 1308 947 Huius
1355 905 1517 947 Staieni

177 980 362 1020 persona
406 966 563 1020 populo
608 965 694 1006 iam
734 967 837 1006 nota
879 968 1007 1018 atque
1044 967 1269 1019 perspecta
1307 965 1359 1006 ab
1397 965 1518 1005 nulla

178 1025 295 1079 turpi
334 1025 574 1077 suspicione
613 1023 890 1076 abhor1·ebat;
930 1037 1205 1078 suppressam
1243 1037 1334 1064 esse
1375 1024 1428 1064 ab
1467 1038 1515 1064 eo

178 1083 421 1137 pecuniam,
461 1097 588 1136 quam
620 1097 697 1136 pro
729 1096 801 1122 reo
834 1083 1176 1135 pronuntiasset,
1215 1082 1288 1136 qui
1320 1084 1442 1122 erant
1473 1081 1519 1122 in

179 1142 394 1194 contione,
431 1155 518 1181 non
554 1140 882 1193 intellegebant3
923 1154 1059 1194 neque
1098 1140 1211 1181 enim
1245 1140 1517 1182 docebantur.

178 1199 408 1241 Versatam
448 1214 539 1240 esse
571 1199 616 1239 in
647 1199 802 1239 iudicio
835 1198 1096 1239 mentionem
1127 1199 1330 1252 pecuniae
1363 1199 1517 1240 sentie-

177 1259 296 1311 bant,
315 1258 586 1298 innocentem
607 1272 727 1297 reum
748 1257 1077 1298 condemnatum
1098 1257 1339 1309 audiebant,
1355 1255 1515 1298 Staieni

180 1316 392 1358 sententia
425 1315 752 1357 condemnatum
778 1315 999 1368 videbant3
1030 1329 1116 1356 non
1149 1316 1285 1370 gratis
1311 1315 1354 1356 id
1386 1316 1439 1356 ab
1467 1330 1514 1356 eo

177 1375 341 1416 factum
380 1389 490 1427 esse,
529 1374 642 1429 quod
678 1374 894 1415 hominem
926 1377 1099 1427 norant,
1136 1374 1395 1415 iudicabant.
1457 1372 1516 1414 Si-

179 1434 296 1474 milis
327 1434 372 1474 in
404 1433 558 1485 Bulbo,
590 1434 634 1473 in
660 1432 814 1486 Gutta,
845 1433 890 1473 in
922 1433 1018 1473 aliis
1049 1447 1137 1473 non
1167 1433 1298 1473 nullis
1331 1432 1516 1487 suspicio

180 1492 455 1534 consistebat.
510 1491 661 1545 Itaque
693 1491 898 1532 confiteor
931 1489 1051 1546 (licet
1082 1491 1197 1531 enim
1228 1491 1314 1532 iam
1344 1491 1516 1545 impune

179 1552 260 1592 1106
292 1550 545 1605 praesertim
577 1551 622 1590 in
653 1550 746 1591 loco
780 1550 1005 1603 confiteri),
1038 1550 1150 1603 quod
1176 1549 1400 1604 Oppianici
1431 1564 1517 1590 non

180 1610 305 1650 modo
332 1609 432 1661 vita,
465 1609 539 1650 sed
566 1609 694 1649 etiam
726 1623 882 1649 nomen
908 1611 1006 1649 ante
1032 1608 1139 1648 illud
1164 1610 1333 1662 tempus
1359 1609 1515 1662 populo

179 1668 378 1722 ignotum
404 1667 569 1717 fuisset,
594 1667 939 1721 indignissimum
960 1681 1088 1721 porro
1109 1666 1324 1707 videretur
1334 1666 1516 1707 circum-

180 1729 356 1767 ventum
395 1740 486 1766 esse
524 1727 793 1766 innocentem
825 1726 1020 1779 pecunia,
1058 1725 1167 1766 hanc
1200 1724 1348 1765 deinde
1380 1724 1515 1778 suspi-

180 1784 345 1825 cionem
393 1787 569 1839 augeret
607 1783 769 1824 Staieni
806 1783 1062 1838 improbitas
1101 1786 1143 1824 et
1179 1797 1265 1824 non
1300 1783 1515 1823 nullorum

181 1843 270 1883 eius
304 1842 507 1882 similium
538 1842 724 1883 iudicum
755 1842 994 1896 turpitudo,
1034 1856 1205 1883 causam
1238 1843 1380 1881 autem
1419 1855 1514 1895 age-

179 1903 246 1941 ret
265 1900 310 1940 L.
332 1899 566 1953 Quinctius,
591 1901 720 1941 homo
749 1915 843 1942 cum
865 1915 1030 1941 summa
1049 1901 1264 1954 potestate
1284 1898 1516 1953 praeditus,

180 1962 272 1999 tum
311 1958 362 1999 ad
402 1958 732 1999 inflammandos
766 1959 930 2000 animos
963 1957 1248 1998 multitudinis
1282 1972 1515 1999 accommo-

181 2017 318 2067 datus,
351 2031 562 2057 summam
588 2017 652 2057 illi
678 2017 832 2058 iudicio
859 2017 1065 2057 invidiam
1090 2015 1395 2069 infamiamque
1423 2030 1514 2057 esse

181 2075 429 2128 conflatam3
468 2078 593 2128 atque
633 2075 677 2115 in
716 2075 824 2116 hanc
855 2076 1070 2115 flammam
1101 2076 1314 2115 recentem
1345 2077 1437 2115 tum
1469 2073 1514 2116 C.

180 2134 370 2187 Iunium,
409 2133 480 2186 qui
517 2133 584 2173 illi
616 2133 858 2186 quaestioni
888 2133 1149 2187 praefuerat,
1186 2132 1389 2173 iniectum
1421 2146 1514 2173 esse

1537 742 1570 766 10

1538 1033 1570 1060 15

1536 1326 1569 1352 20

1536 1618 1569 1644 25

1535 1909 1568 1935 30

180 2192 367 2245 memini,
388 2194 430 2232 et
443 2191 566 2231 illum
581 2191 798 2232 hominem
814 2190 1054 2232 aedilicium
1067 2190 1153 2231 iam
1168 2193 1408 2243 praetorem
1424 2190 1514 2244 opi—
1526 2203 1559 2228 35

177 2251 380 2292 nionibus
393 2249 613 2291 hominum
630 2250 909 2290 constitutum
920 2263 1007 2289 non
1018 2248 1326 2302 disceptatione
1337 2248 1514 2302 dicendi,

179 2309 252 2350 sed
275 2309 458 2350 clamore
479 2307 529 2349 de
548 2308 641 2348 foro
663 2310 790 2362 atque
805 2307 908 2349 adeo
925 2307 974 2348 de
990 2306 1162 2348 civitate
1178 2321 1270 2348 esse
1283 2306 1512 2349 sublatum.
