1619 2542
547 99 647 136 CAP.
678 82 816 136 45-47
843 104 862 143 ξ
890 103 1086 135 126—131.
1384 100 1466 141 149

121 197 227 239 ciem
277 197 518 239 innocentis
568 196 696 238 fidem
741 211 863 238 suam
908 198 950 238 et
993 195 1248 251 religionem
1288 196 1467 250 pecunia

121 256 412 309 commutarit,
445 259 506 309 et,
540 255 612 310 qui
638 255 776 310 pretio
805 254 1010 296 adductus
1039 254 1242 309 eripuerit
1267 255 1467 309 patriam,

119 315 328 366 fortunas,
359 315 518 356 liberos
547 314 629 355 civi
654 314 883 368 innocenti,
915 314 951 354 is
978 313 1195 355 censoriae
1223 313 1465 354 severitatis

120 377 224 415 nota
266 388 353 414 non
392 373 616 414 inuretur?
685 372 749 413 Tu
791 387 834 414 es
878 372 1120 427 praefectus
1163 372 1372 425 moribus,
1418 375 1466 413 tu

85 444 102 469 5
123 432 331 487 magister
363 431 519 473 veteris
560 431 810 485 disciplinae
849 446 897 472 00
930 431 1191 484 severitatis,
1231 431 1266 472 si
1299 433 1373 472 aut
1405 445 1466 472 re-

121 492 231 532 tines
258 505 514 545 quemquam
548 490 683 531 sciens
716 490 761 530 in
793 492 945 531 senatu
977 490 1135 531 scelere
1167 492 1289 531 tanto
1323 492 1466 531 conta-

120 549 331 590 minatum
374 551 447 590 aut
489 548 663 603 statuis,
708 549 779 603 qui
820 549 864 589 in
906 548 1052 590 eadem
1093 549 1220 603 culpa
1261 548 1335 602 sit,
1378 563 1466 590 non

120 607 266 649 eadem
310 622 449 662 poena
493 607 617 648 adfici
662 608 919 648 convenire?
994 607 1102 660 Aut,
1152 622 1280 661 quam
1325 608 1465 649 condi-

120 667 284 708 cionem
329 666 527 721 supplicii
570 665 754 707 maiores
799 667 844 707 in
887 666 1002 707 bello
1047 666 1275 707 timiditati
1314 666 1465 707 militis

66 737 100 763 10
119 725 388 779 propositam
426 739 516 766 esse
553 726 798 778 voluerunt,
839 725 1014 766 eandem
1054 728 1102 765 tu
1143 725 1188 765 in
1225 739 1329 779 pace
1368 740 1465 766 con-

122 784 274 825 stitues
307 783 579 838 improbitati
612 784 853 825 senatoris?
917 782 1077 831 Quodsi
1109 783 1190 824 hoc
1223 784 1466 837 exemplum

121 857 171 884 ex
208 857 253 883 re
290 843 470 884 militari
508 842 560 883 ad
600 842 1012 884 animadversionem
1058 842 1296 883 censoriam
1328 846 1466 883 trans·

119 901 342 943 ferendum
373 901 474 955 fuit,
515 901 740 942 sortitione
772 901 815 942 id
846 902 987 955 ipsum
1018 900 1181 942 factum
1215 916 1308 942 esse
1341 916 1464 956 opor-

120 960 216 1001 tuit.
279 958 354 1001 Sin
392 962 536 1001 autem
576 960 721 1001 sortiri
760 960 813 1001 ad
850 974 1035 1014 poenam
1067 962 1108 1001 et
1139 959 1361 1000 hominum
1396 960 1466 1000 de-

68 1031 100 1056 15
121 1019 270 1060 lictum
302 1019 500 1060 fortunae
532 1019 687 1060 iudicio
721 1019 990 1061 committere
1023 1018 1199 1059 minime
1226 1019 1466 1060 censorium

121 1080 199 1132 est,
226 1080 338 1119 certe
369 1077 415 1118 in
446 1077 681 1118 multorum
713 1080 888 1132 peccato
922 1077 1039 1131 carpi
1071 1091 1230 1131 paucos
1265 1078 1317 1118 ad
1348 1077 1466 1132 igno·
1512 1122 1535 1135 ,-

121 1136 297 1177 miniam
332 1138 392 1188 [et
424 1136 751 1191 turpitudinem]
779 1151 866 1178 non
892 1139 1074 1190 oportet.
1116 1135 1279 1177 Verum
1307 1150 1453 1177 omnes
1480 1123 1531 1162 41

120 1195 413 1250 intellegimus
439 1195 484 1235 in
509 1195 607 1236 istis
634 1195 1022 1250 subscriptionibus
1043 1197 1221 1236 ventum
1243 1195 1455 1249 quendam

121 1254 374 1308 popularem
415 1267 506 1294 esse
544 1255 796 1308 quaesitum.
856 1253 1024 1295 lactata
1063 1268 1131 1294 res
1172 1256 1265 1294 erat
1295 1254 1340 1294 in
1372 1268 1467 1295 con-

69 1324 102 1348 20
122 1312 238 1353 tione
272 1313 314 1363 [a
346 1312 520 1353 tribuno
554 1312 797 1365 seditioso]3
830 1313 1052 1367 incognita
1081 1327 1210 1353 causa
1235 1313 1467 1366 probatum

123 1374 216 1412 erat
241 1370 348 1411 illud
373 1371 656 1424 multitudini3
682 1371 843 1412 nemini
869 1371 1037 1412 licitum
1058 1374 1124 1412 est
1145 1374 1295 1412 contra
1316 1371 1466 1424 dicere,

122 1443 248 1470 nemo
282 1428 474 1482 denique,
505 1432 554 1470 ut
580 1429 824 1470 defenderet
850 1429 1109 1470 contrariam
1135 1431 1316 1483 partem,
1349 1429 1466 1469 labo-

123 1487 260 1528 rabat.
321 1487 373 1527 In
409 1487 615 1528 invidiam
653 1502 781 1541 porro
814 1502 1017 1542 magnam
1048 1487 1127 1528 illa
1157 1487 1314 1528 iudicia
1346 1501 1465 1528 vene-

123 1549 232 1586 rant.
294 1544 464 1586 Etenim
504 1546 650 1600 paucis
683 1548 835 1600 postea
867 1546 1086 1586 mensibus
1120 1546 1206 1586 alia
1237 1546 1465 1587 vehemens

69 1616 103 1641 25
125 1607 216 1645 erat
252 1603 297 1644 in
336 1603 502 1645 iudiciis
543 1618 593 1644 ex
629 1604 852 1645 notatione
890 1604 1150 1645 tabellarum
1182 1604 1344 1646 invidia
1374 1619 1466 1646 ver-

124 1665 229 1703 sata.
290 1661 585 1703 praetermitti
624 1663 676 1703 ab
716 1662 962 1704 censoribus
1002 1665 1044 1703 et
1084 1663 1257 1718 neglegi
1298 1664 1466 1705 macula

123 1721 375 1762 iudiciorum
407 1735 532 1775 posse
564 1735 651 1762 non
682 1721 916 1763 videbatur.
968 1720 1188 1775 Homines,
1221 1736 1327 1775 quos
1360 1725 1467 1763 cete-

122 1780 182 1820 ris
220 1779 337 1820 vitiis
380 1782 507 1833 atque
548 1780 663 1820 omni
696 1780 898 1821 dedecore
929 1779 1103 1821 infamis
1135 1780 1355 1834 videbant,
1394 1795 1465 1822 eos

123 1838 203 1879 hac
253 1853 419 1893 quoque
471 1838 785 1892 subscriptione
834 1841 984 1880 notare
1027 1839 1274 1893 voluerunt,
1324 1843 1366 1881 et
1416 1854 1464 1880 eo

71 1907 106 1933 30
125 1897 283 1952 magis,
323 1897 435 1951 quod
475 1897 551 1938 illo
590 1898 684 1951 ipso
717 1900 909 1951 tempore
941 1897 1028 1938 illis
1062 1898 1309 1939 censoribus
1343 1901 1466 1939 erant

124 1955 281 1996 iudicia
307 1970 402 1996 cum
428 1956 615 2009 equestri
636 1955 780 1996 ordine
801 1955 1128 2011 communicata,
1152 1959 1200 1997 ut
1219 1956 1466 1997 viderentur

124 2027 199 2067 per
236 2013 457 2055 hominum
496 2014 745 2055 idoneorum
784 2014 1067 2068 ignominiam
1099 2030 1175 2056 sua
1208 2015 1464 2056 auctoritate

1472 1175 1537 1205 130

125 2071 201 2112 illa
231 2072 387 2113 iudicia
418 2072 752 2127 reprehendisse.
803 2071 962 2120 Quodsi
993 2073 1103 2115 hanc
1136 2073 1250 2128 apud
1282 2073 1452 2114 eosdem
1469 2084 1532 2115 131

125 2130 244 2183 ipsos
286 2144 480 2172 censores
519 2131 625 2172 mihi
664 2133 737 2171 aut
776 2131 849 2172 alii
891 2145 1061 2173 causam
1102 2146 1229 2187 agere
1261 2132 1465 2185 licuisset,

70 2198 106 2224 35
125 2187 372 2230 hominibus
405 2189 484 2230 tali
515 2189 742 2242 prudentia
774 2189 979 2244 praeditis
1012 2193 1125 2232 certe
1151 2190 1464 2245 probavissem3

124 2260 193 2286 res
238 2247 350 2287 enim
389 2246 549 2289 indicat
586 2248 696 2288 nihil
735 2248 852 2302 ipsos
890 2248 1092 2290 habuisse
1131 2248 1312 2304 cogniti,
1355 2248 1464 2289 nihil

125 2304 352 2359 comperti3
390 2319 440 2345 ex
476 2308 570 2347 tota
607 2306 691 2348 ista
731 2306 1043 2362 subscriptione
1080 2321 1294 2349 rumorem
1338 2320 1464 2361 quen-
