1687 2533
217 107 304 148 422
590 104 684 139 PRO
711 105 750 138 L.
777 103 961 138 FLACCO
990 102 1181 137 ORATIO.

220 204 325 246 Asia
350 201 588 245 tradenda‘.>
622 216 676 243 an
704 200 946 241 simultates
972 198 1115 239 nescio
1144 212 1249 253 quas
1276 212 1372 238 cum
1396 196 1565 238 libertis

220 263 375 305 vestris
414 262 592 303 Flaccus
632 259 827 301 exercet?
874 272 928 298 an
964 257 1087 298 vobis
1125 257 1171 297 in
1209 257 1365 297 vestris
1403 258 1566 297 vestro-

220 336 397 376 rumque
442 319 582 362 causis
628 318 834 359 severitas
881 315 977 357 odio
1023 318 1106 368 est,
1152 315 1328 356 eandem
1368 314 1565 368 laudatis,

150 368 206 409 35
233 396 329 423 cum
373 380 423 421 de
466 379 591 420 nobis
635 376 865 418 iudicatis?
934 375 993 415 At
1035 375 1118 415 iste
1162 374 1311 415 Andro
1357 373 1567 428 spoliatus

151 417 370 493 (gmbonis,
401 440 449 479 ut
482 437 636 490 dicitis,
669 435 722 477 ad
755 434 977 475 dicendum
1003 433 1302 474 testimonium
1327 447 1413 473 non
1439 432 1567 474 venit.
1588 446 1604 472 5

152 511 195 542 89

163 1626 208 1656 90

170 2152 212 2183 91

223 498 352 551 Quid,
384 497 420 538 si
451 496 624 537 veniat?
687 493 926 536 Decisionis
960 492 1122 533 arbiter
1155 491 1201 534 C.
1232 490 1444 533 Caecilius
1475 491 1570 545 fuit,

223 572 306 613 quo
340 555 567 610 splendore
599 554 676 607 vir,
710 568 793 607 qua
819 552 913 605 fide,
947 566 1030 606 qua
1056 551 1283 606 religione!
1317 550 1570 606 obsignator

224 616 268 658 O.
289 615 510 668 Sextilius,
546 612 755 655 Lurconis
796 610 955 652 sororis
994 610 1125 664 filius,
1164 610 1294 650 homo
1327 612 1370 650 et
1406 608 1570 664 pudens

224 678 267 716 et
299 677 501 716 constans
535 675 577 714 et
611 672 766 726 gravis.
813 669 857 710 Si
889 669 953 710 vis
987 671 1092 721 erat,
1125 669 1162 709 si
1192 668 1324 722 fraus,
1358 668 1394 710 si
1419 670 1571 721 metus,

225 734 261 775 si
305 731 665 786 circumscriptio,
708 730 802 784 quis
847 728 1093 783 pactionem
1130 728 1243 781 fieri,
1287 727 1383 781 quis
1424 726 1627 768 adessem

225 794 331 833 istos
365 790 535 845 coegit?
599 788 737 838 Quid?
772 788 808 829 si
839 788 924 828 ista
957 787 1094 828 omnis
1127 786 1308 840 pecunia
1339 785 1438 827 huic
1471 785 1572 826 adu-

224 850 461 892 lescentulo
493 848 539 890 L.
572 848 724 889 Flacco
757 847 924 888 reddita
956 848 1038 899 est,
1071 845 1107 886 si
1138 845 1293 900 petita,
1327 845 1364 886 si
1397 844 1573 886 redacta

226 925 302 964 per
350 909 463 949 hunc
507 907 789 960 Antiochum,
838 908 1066 960 paternum
1112 904 1237 945 huius
1289 903 1572 945 adulescentis

227 969 431 1009 libertum
476 966 566 1007 seni
609 965 676 1006 illi
713 965 866 1006 Flacco
910 963 1282 1017 probatissimum,
1326 962 1574 1003 videmurne

226 1042 314 1069 non
340 1027 481 1068 solum
508 1025 714 1066 avaritiae
741 1023 901 1064 crimen
931 1022 1128 1077 effugere,
1164 1021 1236 1062 sed
1263 1022 1395 1062 etiam
1421 1021 1574 1062 libera·
1594 1033 1628 1059 15

227 1085 365 1127 litatis
398 1084 568 1125 laudem
600 1082 775 1136 adsequi
809 1081 1100 1135 singularem?
1147 1079 1428 1121 Communem
1461 1079 1576 1121 enim

228 1143 525 1195 hereditatem,
553 1156 661 1196 quae
681 1141 915 1196 aequaliter
936 1139 989 1180 ad
1009 1142 1239 1193 utrumque
1259 1139 1355 1194 lege
1376 1139 1575 1191 venisset,

230 1202 441 1245 concessit
472 1200 735 1242 adulescenti
766 1199 1007 1254 propinquo
1041 1212 1129 1251 suo,
1159 1197 1271 1238 nihil
1302 1197 1393 1251 ipse
1426 1197 1576 1252 attigit

231 1262 281 1302 de
313 1260 555 1302 Valerianis
593 1259 729 1300 bonis.
793 1258 915 1306 Quod
953 1259 1164 1298 statuerat
1195 1255 1334 1297 facere
1368 1255 1574 1297 adductus

230 1320 357 1361 huius
389 1319 551 1374 pudore
584 1321 626 1359 et
656 1332 743 1359 non
770 1315 1050 1371 amplissimis
1076 1314 1328 1370 patrimonii
1354 1314 1501 1369 copiis,
1532 1313 1576 1355 id
1596 1327 1630 1352 ευ

231 1394 318 1420 non
350 1378 490 1419 solum
520 1377 636 1430 fecit,
669 1376 742 1417 sed
775 1376 904 1417 etiam
936 1374 1102 1429 prolixe
1135 1374 1432 1427 cumulateque
1463 1373 1577 1414 fecit.

231 1438 299 1479 Ex
342 1451 425 1491 quo
469 1435 667 1491 intellegi
711 1435 837 1475 debet
882 1449 978 1475 eum
1022 1435 1172 1474 contra
1216 1433 1332 1486 leges
1376 1431 1577 1486 pecunias

232 1511 320 1538 non
357 1496 538 1550 cepisse,
576 1494 649 1549 qui
680 1496 769 1535 tam
801 1493 933 1534 fuerit
965 1493 1011 1533 in
1041 1491 1278 1532 hereditate
1311 1490 1579 1533 concedenda

234 1554 438 1596 liberalis.

323 1614 383 1654 At
420 1612 714 1654 Falcidianum
753 1611 912 1652 crimen
953 1613 1019 1651 est
1049 1609 1220 1663 ingens;
1257 1608 1424 1649 talenta
1456 1608 1578 1662 quin-
1598 1619 1631 1645 25

236 1672 445 1726 quaginta
478 1686 521 1712 se
547 1670 700 1712 Flacco
735 1670 838 1712 dicit
865 1669 1040 1710 dedisse.
1085 1667 1322 1709 Audiamus
1348 1666 1579 1708 hominem.

234 1730 334 1772 Non
366 1730 498 1771 adest.
549 1728 641 1777 Quo
676 1729 801 1769 modo
833 1728 967 1782 igitur
994 1727 1124 1768 dicit?
1168 1726 1416 1780 Epistulam
1441 1728 1579 1766 mater

236 1789 325 1830 eius
367 1788 533 1843 profert
566 1791 608 1828 et
640 1788 820 1828 alteram
854 1801 994 1839 soror3
1033 1785 1240 1840 scriptum
1273 1784 1325 1826 ad
1358 1798 1402 1825 se
1434 1784 1580 1824 dicunt

237 1862 329 1888 esse
369 1847 421 1887 ab
460 1846 536 1887 illo
575 1849 743 1887 tantam
782 1845 1005 1899 pecuniam
1044 1844 1194 1885 Flacco
1234 1843 1391 1884 datam.
1458 1842 1578 1897 Ergo

237 1907 286 1959 is,
319 1905 392 1959 qui
418 1905 455 1946 si
482 1919 600 1946 aram
627 1907 776 1945 tenens
803 1905 975 1957 iuraret,
1008 1902 1198 1944 crederet
1223 1916 1360 1954 nemo,
1392 1915 1468 1954 per
1494 1901 1579 1955 epi·
1598 1913 1633 1938 30

239 1965 417 2018 stulam,
457 1963 571 2017 quod
602 1963 735 2016 volet,
767 1963 976 2003 iniuratus
1008 1960 1240 2016 probabit?
1301 1961 1362 2000 At
1394 1959 1466 2013 qui
1497 1959 1580 2001 vir!

240 2038 369 2078 quam
400 2036 487 2063 non
518 2021 678 2062 amicus
713 2021 800 2062 suis
827 2021 1007 2062 civibus!
1042 2020 1115 2074 qui
1139 2018 1448 2074 patrimonium
1474 2019 1580 2059 satis

240 2083 418 2134 lautum,
446 2080 559 2135 quod
584 2079 652 2121 hic
671 2080 895 2121 nobiscum
916 2079 1121 2120 conficere
1141 2077 1296 2132 potuit,
1321 2076 1591 2132 Graecorum„

241 2139 448 2182 conviviis
492 2138 645 2180 maluit
689 2138 910 2192 dissipare.
976 2136 1085 2185 Quid
1130 2136 1306 2177 attinuit
1342 2135 1581 2190 relinquere

241 2200 351 2240 hanc
395 2198 562 2251 urbem,
614 2196 813 2237 libertate
856 2199 947 2237 tam
991 2195 1212 2249 praeclara
1257 2208 1421 2248 carere,
1465 2193 1580 2235 adire
1600 2204 1634 2230 35

241 2257 478 2311 periculum
510 2255 770 2310 navigandi?
810 2255 931 2309 quasi
956 2255 1070 2295 bona
1095 2267 1284 2294 comesse
1309 2252 1470 2294 Romae
1496 2267 1583 2294 non

243 2316 402 2358 liceret.
465 2314 589 2356 Nunc
621 2313 799 2367 denique
833 2312 1091 2354 materculae
1124 2326 1225 2353 suae
1251 2311 1429 2352 festivus
1455 2310 1583 2364 filius,
