1619 2542
589 149 692 186 CAP.
721 154 757 194 1,
784 153 804 184 2
831 154 850 192 ξ
877 153 980 185 2—8.
1367 149 1453 190 229

117 245 240 288 Sulla
269 246 382 300 tulit,
413 249 462 287 ut
494 247 650 300 omnia,
683 261 970 301 quaecumque
1001 246 1074 287 ille
1099 245 1284 298 fecisset,
1317 248 1461 287 essent

118 308 224 347 rata.
285 305 398 346 Nam
437 320 533 347 eum
571 306 723 347 ceteris
760 305 804 346 in
836 305 1082 346 civitatibus
1115 304 1308 359 tyrannis
1340 304 1461 345 insti·

120 365 228 405 tutis
270 364 388 418 leges
427 378 574 405 omnes
612 364 918 418 extinguantur
955 366 1083 418 atque
1121 364 1347 417 tollantur,
1390 363 1461 404 hic

122 423 183 464 rei
220 423 416 477 publicae
448 426 680 476 tyrannum
713 423 809 478 lege
841 423 1077 464 constituit.
1137 422 1219 464 Est
1249 422 1461 465 invidiosa

76 494 92 519 5
112 482 190 534 lex,
223 481 349 523 sicuti
375 481 472 535 dixi,
503 497 651 523 verum
677 484 824 523 tamen
850 482 981 522 habet
1007 482 1341 535 exeusationem3
1373 496 1460 522 non

111 541 223 581 enim
262 540 429 581 videtur
466 540 652 581 hominis
690 541 757 581 lex
801 555 911 594 esse,
950 541 1023 581 sed
1054 541 1273 594 temporis.
1337 539 1458 594 Quid,

111 599 147 640 si
193 601 258 640 est
296 599 402 640 haee
439 600 576 640 multo
614 599 933 654 impudentior?
1002 599 1116 641 Nam
1147 598 1324 640 Valeria
1361 600 1457 654 lege

111 657 404 712 Corneliisque
436 658 603 712 legibus
636 658 827 713 eripitur,
860 658 987 699 sicui
1015 658 1151 711 datur,
1182 659 1457 712 coniungitur

110 717 334 771 impudens
374 717 632 771 gratificatio
671 731 766 758 cum
805 717 958 758 acerba
999 717 1170 770 iniuria3
1210 717 1282 758 sed
1314 720 1458 758 tamen

58 788 92 812 10
110 775 243 816 habet
279 775 367 816 illis
407 775 576 831 legibus
618 791 737 831 spem
771 790 858 818 non
890 776 1072 829 nullam,
1111 776 1178 817 cui
1210 776 1457 830 ademptum

112 837 194 887 est,
227 834 412 888 aliquem
448 835 711 889 scrupulum,
744 835 809 876 eui
842 835 989 876 datum
1022 838 1098 876 est.
1160 835 1278 875 Rulli
1310 835 1455 875 cautio

113 896 178 934 est
197 893 317 934 haee:
340 892 439 942 ‘Qm
459 905 574 936 Posi*
590 892 634 935 C.
647 893 838 935 MARIUM
853 892 1176 935 CN.PAP1R1UM
1191 891 1454 935 consumas&

112 950 249 1000 Quam
286 952 435 1006 procul
476 967 501 994 a
537 953 776 1007 suspicione
813 952 944 1007 sugit,
983 952 1095 1007 quod
1137 967 1208 994 eos
1248 952 1458 1005 consules,

112 1012 186 1065 qui
236 1010 469 1052 adversarii
514 1009 656 1052 Sullae
707 1011 891 1052 maxime
940 1011 1132 1065 fuerunt,
1181 1011 1456 1065 potissimum

59 1081 92 1106 ¹5
111 1069 368 1111 nominavit!
437 1069 483 1110 Si
525 1070 637 1111 enim
675 1069 840 1112 Sullam
882 1070 1142 1111 dictatorem·
1177 1069 1458 1121 nominasset,

111 1129 383 1183 perspicuum
427 1128 519 1170 fore
560 1132 602 1170 et
643 1129 902 1170 invidiosum
947 1129 1184 1170 arbitratus
1229 1131 1306 1170 est.
1374 1126 1457 1168 Sed

113 1201 240 1241 quem
281 1190 478 1229 nostrum
521 1190 611 1229 tam
656 1188 780 1229 tardo
819 1188 990 1243 ingenio
1029 1187 1120 1229 fore
1158 1188 1345 1242 putavit,
1389 1186 1457 1228 eui

113 1248 214 1300 post
247 1260 319 1288 eos
346 1246 542 1288 consules
569 1245 731 1287 Sullam
759 1247 1012 1288 dictatorem
1037 1246 1169 1288 fuisse
1196 1247 1241 1287 in
1268 1248 1455 1287 mentem

112 1305 258 1346 venire
289 1320 376 1346 non
407 1305 583 1359 posset?
634 1304 741 1353 Quid
776 1319 877 1360 ergo
911 1305 972 1346 ait
1002 1305 1222 1346 Marianus
1254 1305 1453 1345 tribunus

59 1374 93 1399 20
113 1363 264 1417 plebis,
296 1364 369 1418 qui
398 1378 477 1405 nos
504 1363 704 1405 Sullanos
730 1364 775 1404 in
798 1364 1003 1405 invidiam
1030 1364 1177 1417 rapit?
1210 1363 1311 1411 ‘QUI
1337 1374 1453 1404 POST

112 1421 302 1463 MARIUM
345 1434 403 1463 ET
449 1421 706 1464 CARBONEM
752 1433 985 1464 CONSULES
1030 1434 1159 1475 AGRI,
1207 1433 1457 1473 AEDIFICIA,

112 1491 268 1533 LAcus,
300 1491 492 1533 srAe-NA,
517 1492 651 1531 LoeA,
681 1479 1027 1522 PossessIONEs'
1061 1479 1245 1535 (eaelum
1272 1482 1314 1520 et
1339 1494 1457 1520 mare

112 1539 417 1592 praetermisit,
443 1542 585 1580 cetera
610 1540 854 1593 complexus
882 1539 965 1592 est)
989 1538 1197 1579 ePUBLICE
1219 1550 1360 1590 DATA,
1386 1549 1457 1579 AS-

115 1608 330 1650 smNA'rA,
366 1609 593 1648 VENDITA,
638 1608 871 1639 CONCESSA
909 1596 1039 1638 SUNT'
1079 1596 1124 1652 (a
1161 1611 1262 1652 quo,
1299 1596 1457 1637 Rulle‘?

62 1667 95 1691 ‘25
115 1658 216 1710 post
253 1655 434 1696 Marium
475 1658 517 1696 et
555 1654 795 1697 Carbonem
834 1655 1029 1697 consules
1068 1656 1162 1710 quis
1201 1654 1460 1710 adsignavit,

117 1713 211 1767 quis
238 1714 365 1767 dedit,
399 1714 492 1767 quis
519 1714 728 1755 concessit
753 1717 922 1768 praeter
950 1712 1175 1768 Sullamffi,
1209 1714 1284 1754 ‘EA
1309 1725 1457 1756 OMNIA

116 1784 176 1814 Eo
218 1784 326 1814 IURE
366 1771 484 1813 SINT'
523 1771 627 1827 (quo
665 1773 784 1813 iure‘?
816 1773 1050 1814 labefactat
1080 1773 1278 1814 videlieet
1314 1772 1458 1813 neseio

117 1831 229 1884 quid.
273 1830 467 1872 Nimium
500 1846 607 1884 acer,
638 1831 816 1872 nimium
841 1831 1068 1872 vehemens
1096 1832 1292 1872 tribunus
1318 1831 1457 1885 plebis

118 1888 294 1931 Sullana
330 1888 570 1944 rescindit),
608 1889 683 1931 ‘UT
728 1901 848 1939 QUAE
892 1901 1067 1932 OPTIMO
1105 1902 1214 1932 IURE
1258 1902 1457 1931 PRIVATA

65 1959 99 1983 30
119 1946 261 1988 SUNT’.
333 1948 533 1989 Etiamne
584 1948 760 1989 meliore
816 1963 942 2002 quam
990 1951 1170 2003 paterna
1219 1951 1261 1990 et
1311 1948 1457 1990 avita?

117 2005 304 2047 Meliore.
354 2007 414 2048 At
439 2007 520 2048 hoc
539 2006 714 2048 Valeria
739 2008 806 2048 lex
832 2021 919 2048 non
946 2007 1061 2060 dicit,
1093 2007 1315 2048 Corneliae
1342 2008 1456 2060 leges

117 2078 204 2104 non
224 2065 433 2118 sanciunt,
453 2064 575 2106 Sulla
592 2065 684 2120 ipse
698 2080 785 2106 non
799 2066 1003 2120 postulat.
1037 2064 1081 2107 Si
1096 2066 1169 2107 isti
1183 2066 1276 2120 agri
1290 2068 1458 2119 partem

120 2121 310 2175 aliquam
330 2123 447 2176 iuris,
468 2124 656 2178 aliquam
673 2124 997 2165 similitudinem
1012 2125 1211 2179 propriae
1225 2123 1458 2178 possessio-

119 2180 200 2234 nis,
220 2181 408 2234 aliquam
429 2196 548 2236 spem
569 2182 865 2223 diuturnitatis
886 2185 1117 2238 attingunt,
1136 2197 1261 2224 nemo
1283 2185 1348 2223 est
1367 2185 1459 2222 tam

67 2250 101 2275 35
120 2238 343 2292 impudens
369 2239 565 2294 istorum,
590 2241 693 2294 quin
720 2241 791 2295 agi
812 2255 954 2282 seeum
973 2243 1191 2296 praeclare
1212 2241 1458 2282 arbitretur.

119 2296 184 2337 Tu
233 2311 349 2350 vero,
398 2297 542 2351 Rulle,
595 2299 695 2352 quid
744 2300 943 2352 quaeris?
1017 2299 1138 2348 Quod
1181 2299 1361 2348 habent,
1408 2301 1461 2339 ut

117 2355 334 2396 habeant?
392 2354 495 2404 Quis
529 2358 679 2398 vetat?
736 2357 797 2398 Ut
831 2358 1047 2411 privatum
1085 2358 1169 2399 sit?
1218 2357 1287 2398 Ita
1322 2358 1458 2398 latum
