1687 2533
514 103 614 139 CAP.
641 106 779 137 27—29
806 105 826 144 ς
853 105 1002 137 65-71.
1343 101 1430 142 415

89 216 137 244 ac
163 200 372 243 maledica
397 198 572 241 civitate
597 199 739 241 locum
767 197 953 240 sermoni
979 198 1318 239 obtrectatorum
1343 212 1431 240 non

88 261 274 315 reliquit.
323 258 423 300 Nou
456 258 568 299 enim
600 258 724 299 eredo
756 257 1011 312 religionem
1037 258 1081 297 et
1104 256 1361 298 Iudaeorum
1388 260 1431 298 et

88 320 279 361 hostium
311 316 616 372 impedimento
649 315 1023 371 praestantissimo
1055 315 1325 371 imperatori,
1358 316 1430 358 sed

88 378 294 434 pudorem
314 377 458 418 fuisse.
496 375 583 417 Ubi
603 375 736 430 igitur
756 375 918 416 crimen
939 376 1016 427 est,
1036 374 1237 429 quoniam
1259 374 1430 428 quidem

53 438 249 478 5furtum
288 450 501 489 nusquam
539 434 833 489 reprehendis,
878 433 1063 474 edictum
1104 433 1283 487 probas,
1326 433 1432 474 iudi-

90 499 230 538 catum
255 494 418 547 fateris,
445 493 687 548 quaesitum
714 496 756 533 et
780 493 999 546 prolatum
1018 491 1161 546 palam
1180 507 1267 533 non
1286 506 1432 547 negas,

90 557 232 596 actum
277 568 369 595 esse
412 566 489 607 per
530 553 644 593 viros
688 551 916 606 primarios
960 565 1028 591 res
1071 550 1167 605 ipsa
1212 551 1430 592 declarat?

88 615 306 668 Apameae
344 610 573 653 manifesto
612 610 965 664 comprehensum
1005 611 1103 650 ante
1140 609 1270 664 pedes
1311 624 1431 664 prae-

89 672 198 714 toris
235 672 280 712 in
310 670 405 712 foro
438 684 669 724 expensum
702 672 768 710 est
800 668 892 710 auri
923 668 1066 724 pondo
1100 670 1271 710 eentum
1302 668 1430 722 paulo

36 742 70 767 10
90 731 230 772 minus
268 744 344 783 per
382 727 473 770 SeX.
507 727 723 782 Caesium,
761 728 946 782 equitem
984 726 1245 780 Romanum,
1284 727 1431 768 castis-

91 790 246 831 simum
271 787 487 829 hominem
511 789 637 841 atque
657 786 995 842 integerrimum,
1019 784 1256 827 Laodiceae
1275 785 1432 841 viginti

90 847 231 903 pondo
264 847 391 902 paulo
425 845 609 899 amplius
641 860 716 899 per
740 845 853 886 hune
879 845 1057 899 [ipsum]
1084 843 1131 886 L.
1152 844 1431 897 Peducaeum,

90 907 272 948 iudicem
314 907 527 958 nostrum,
571 904 796 958 Adramyti
833 902 912 927 *ἧς*
950 917 1027 958 per
1073 902 1146 945 Cn.
1190 902 1430 944 Domitium

89 966 300 1020 legatum,
337 963 536 1018 Pergami
573 977 660 1004 non
697 963 890 1003 multum.
954 961 1061 1002 Auri
1098 962 1209 1003 ratio
1250 964 1432 1015 constat,
1458 972 1502 1002 69

39 1035 72 1060 15
93 1039 243 1066 aurum
283 1023 328 1064 in
359 1022 523 1064 aerario
557 1024 640 1073 est3
678 1021 842 1063 furtum
873 1035 960 1062 non
991 1020 1334 1074 reprehenditur,
1370 1020 1430 1061 in-

91 1083 206 1124 vidia
242 1081 478 1136 quaeritur3
516 1095 541 1121 a
576 1080 786 1122 iudicibus
826 1080 965 1121 oratio
1005 1078 1231 1134 avertitur,
1268 1094 1350 1120 vox
1388 1079 1432 1119 in

93 1155 293 1183 coronam
336 1140 592 1193 turbamque
637 1138 877 1180 effunditur.
945 1136 1032 1178 Sua
1077 1137 1226 1192 cuique
1267 1137 1434 1179 civitati

91 1200 256 1255 religio,
275 1198 407 1251 Laeli,
427 1201 504 1252 est,
522 1200 673 1240 nostra
691 1197 828 1239 nobis.
873 1195 1097 1237 Sta-ntibus
1118 1195 1432 1250 Hierosolymis

92 1258 339 1314 pacatisque
376 1256 544 1298 Iudaeis
576 1259 723 1298 tamen
754 1257 939 1297 istorum
971 1255 1124 1310 religio
1158 1270 1376 1296 sacrorum
1409 1270 1434 1296 a

38 1327 73 1352 20
93 1317 318 1372 splendore
367 1316 493 1356 huius
542 1315 730 1369 imperii,
780 1314 995 1369 gravitate
1043 1313 1229 1354 nominis
1279 1314 1433 1366 nostri,

94 1376 304 1417 maiorum
335 1374 547 1415 institutis
581 1373 860 1426 abhorrebat3
891 1386 1004 1413 nunc
1034 1386 1135 1413 vero
1168 1372 1249 1413 hoc
1281 1372 1434 1426 magis,

95 1434 208 1488 quod
238 1434 315 1474 illa
340 1446 456 1487 gens,
489 1431 589 1486 quid
615 1432 664 1472 de
690 1433 839 1472 nostro
865 1430 1044 1483 imperio
1072 1430 1262 1484 sentiret,
1294 1432 1434 1471 osten-

95 1493 157 1534 dit
188 1491 335 1544 armis,
374 1505 501 1546 quam
534 1505 633 1531 cara
665 1490 728 1530 dis
760 1488 1079 1530 immortalibus
1113 1491 1244 1543 esset,
1277 1488 1434 1542 docuit,

96 1551 207 1605 quod
241 1552 306 1591 est
337 1550 469 1601 victa,
501 1549 614 1603 quod
646 1548 829 1601 elocata,
862 1547 973 1602 quod
1006 1561 1140 1588 serva.
1449 1591 1459 1608 ζ

42 1620 76 1646 25
183 1608 319 1657 Quam
352 1609 405 1649 ob
437 1622 527 1648 rem
560 1606 773 1662 quoniam,
806 1606 918 1660 quod
944 1605 1105 1647 crimen
1131 1620 1220 1647 esse
1247 1606 1434 1660 voluisti,
1448 1590 1505 1673 273

94 1668 137 1709 id
176 1670 317 1709 totum
354 1667 471 1708 vides
503 1666 549 1707 in
579 1665 749 1706 laudem
781 1679 871 1706 esse
904 1678 1172 1718 conversum,
1211 1664 1432 1706 veniamus

95 1728 182 1768 iam
220 1726 273 1767 ad
311 1725 465 1767 civium
498 1724 790 1765 Romanorum
828 1722 1058 1777 querellas3
1097 1737 1147 1764 ex
1186 1723 1339 1777 quibus
1379 1724 1435 1765 sit

98 1799 198 1826 sane
229 1784 369 1839 prima
400 1783 588 1825 Deciani.
650 1780 759 1830 Quid
791 1781 872 1822 tibi
902 1781 1094 1834 tandem,
1131 1781 1335 1835 Deeiane,
1375 1782 1434 1823 in-

96 1844 231 1885 iuriae
285 1843 448 1884 factum
498 1841 590 1883 est?
670 1839 918 1895 Negotiaris
969 1840 1015 1881 in
1062 1840 1199 1881 libera
1248 1840 1436 1882 civitate.

44 1913 79 1938 30
97 1902 287 1943 Primum
324 1904 471 1956 patere
502 1900 570 1941 me
603 1914 693 1940 esse
727 1898 950 1940 curiosum.
1013 1898 1104 1947 Quo
1137 1913 1271 1952 usque
1302 1912 1434 1953 nego-

98 1960 278 2014 tiabere,
316 1974 410 2001 cum
448 1959 702 2014 praesertim
737 1958 794 1998 sis
825 1957 909 1998 isto
941 1958 1033 1998 loco
1064 1958 1222 1998 natus?
1284 1958 1434 1997 Annos

98 2020 184 2060 iam
209 2020 393 2073 triginta
417 2017 461 2058 in
486 2017 579 2059 foro
606 2015 800 2069 versaris,
825 2015 898 2056 sed
924 2017 1068 2057 tamen
1093 2016 1138 2056 in
1157 2015 1434 2070 Pergameno.

99 2076 249 2131 Longo
287 2076 537 2129 intervallo,
575 2076 611 2116 si
643 2074 810 2128 quando
842 2073 924 2114 tibi
955 2073 1219 2129 peregrinari
1251 2087 1434 2114 commo—

101 2135 202 2176 dum
234 2138 316 2189 est,
347 2134 530 2176 Romam
560 2134 699 2186 venis,
732 2132 857 2173 affers
888 2131 1041 2173 faciem
1072 2147 1247 2185 novam,
1278 2145 1435 2172 nomen

47 2204 82 2231 35
101 2196 243 2247 vetus,
279 2207 514 2247 purpuram
551 2191 743 2246 Tyriam,
780 2190 825 2231 in
863 2205 946 2244 qua
976 2191 1058 2232 tibi
1095 2190 1283 2243 invideo,
1322 2187 1435 2243 quod
1540 2234 1543 2235 ⁷

102 2253 197 2293 unis
222 2251 489 2300 vestimentis
514 2253 605 2292 tam
632 2250 703 2290 diu
728 2249 871 2290 lautus
900 2262 956 2290 es,
985 2248 1149 2290 Verum
1176 2250 1278 2300 esto,
1303 2261 1434 2302 nego-
1461 2257 1503 2288 71

102 2310 202 2351 tiari
233 2309 359 2365 libet,
390 2323 463 2351 cur
494 2323 580 2350 non
608 2308 817 2363 Pergami,
850 2306 1067 2362 Smyrnae,
1099 2306 1329 2359 Trallibus,
1361 2305 1434 2346 ubi
