1619 2542
190 102 272 143 176
534 102 628 137 PRO
654 102 696 137 A.
723 101 960 136 CLUENTIO
989 100 1178 137 ORATIO.

187 199 391 250 laborem,
418 198 490 252 qui
515 200 654 239 totam
680 198 790 238 hanc
817 212 990 238 causam
1014 200 1157 239 vetere
1181 198 1382 240 instituto
1409 199 1525 239 solus

187 257 404 312 peroravi,
453 260 723 310 vestramque
769 256 912 309 simul,
960 256 1137 311 iudices,
1182 256 1440 310 aequitatem
1484 260 1526 298 et

189 316 556 357 mansuetudinem
589 330 674 356 una
706 317 844 355 mater
870 318 1102 370 oppugnat.
1151 315 1212 356 At
1238 329 1345 369 quae
1371 315 1525 356 mater!

189 373 326 422 Quam
359 388 527 415 caecam
555 373 803 414 crudelitate
830 375 872 413 et
898 373 1055 414 scelere
1080 373 1183 414 ferri
1209 374 1375 427 videtis,
1407 374 1524 415 cuius

189 433 465 487 cupiditatem
497 432 617 473 nulla
647 446 851 485 umquam
882 432 1104 486 turpitudo
1136 432 1384 485 retardavit,
1419 446 1525 486 quae
1545 442 1562 468 5

189 492 302 532 vitiis
342 492 472 532 animi
511 491 553 531 in
592 491 844 532 deterrimas
876 494 1020 544 partes
1052 490 1147 531 iura
1177 491 1397 532 hominum
1429 505 1527 532 con-

190 550 318 591 vertit
350 550 505 603 omnia,
531 549 650 590 cuius
683 563 732 590 ea
764 549 949 590 stultitia
980 553 1057 603 est,
1090 552 1137 590 ut
1169 564 1262 590 eam
1294 564 1418 590 nemo
1450 548 1526 591 ho-

190 609 365 661 minem,
404 623 452 649 ea
489 609 571 662 vis,
609 610 658 649 ut
694 622 819 648 nemo
850 607 1073 662 feminam,
1113 623 1162 648 ea
1192 607 1442 661 crudelitas,
1480 609 1528 648 ut

189 681 313 708 nemo
354 671 535 708 matrem
567 667 783 721 appellare
815 666 962 721 possit.
1019 669 1160 720 Atque
1193 667 1321 707 etiam
1352 666 1529 708 nomina

190 725 564 778 necessitudinum,
612 740 699 767 non
746 725 886 766 solum
929 727 1108 766 naturae
1150 740 1308 766 nomen
1351 729 1393 766 et
1434 725 1581 766 iuram

190 784 386 838 mutavit,
417 799 524 826 uxor
550 784 706 839 generi,
731 798 914 825 noverca
939 784 1029 837 filii,
1060 783 1176 824 filiae
1202 785 1338 838 pelex3
1366 798 1414 825 eo
1440 783 1528 824 iam

190 843 370 897 denique
403 843 585 885 adducta
617 846 694 895 est,
725 846 774 884 ut
806 842 888 883 sibi
920 846 1089 896 praeter
1122 843 1303 883 formam
1334 842 1442 883 nihil
1475 842 1527 883 ad

118 910 187 943 200
204 902 525 943 similitudinem
565 901 752 942 hominis
784 902 1022 942 reservarit.
1085 899 1240 954 Quare,
1277 901 1453 955 iudices,
1491 900 1529 941 si

192 961 328 1001 scelus
356 961 519 1014 odistis,
545 960 770 1015 prohibete
797 960 959 1001 aditum
986 959 1135 1001 matris
1163 975 1187 1000 a
1211 959 1289 1000 filii
1309 960 1528 1015 sanguine,

191 1019 289 1060 date
322 1019 492 1073 parenti
523 1019 636 1060 hunc
667 1019 960 1060 incredibilem
992 1019 1182 1059 dolorem
1215 1033 1266 1059 ex
1297 1018 1445 1070 salute,
1478 1033 1528 1059 ex
1547 1029 1581 1055 15

190 1078 370 1118 victoria
413 1078 612 1131 liberum,
661 1078 860 1131 patimini
903 1080 1101 1130 matrem,
1144 1091 1197 1117 ne
1242 1077 1393 1118 orbata
1437 1077 1527 1118 filio

191 1136 384 1189 laetetur,
417 1136 573 1177 victam
605 1136 748 1189 potius
774 1139 917 1176 vestra
944 1137 1160 1189 aequitate
1188 1135 1410 1176 discedere.
1454 1133 1529 1176 Sin

192 1198 346 1248 autem,
377 1194 421 1235 id
453 1195 565 1248 quod
597 1198 740 1235 vestra
771 1197 925 1235 natura
949 1195 1152 1248 postulat,
1183 1194 1399 1247 pudorem,
1423 1195 1528 1235 veri—

190 1256 323 1294 tatem
343 1253 631 1307 virtutemque
658 1253 851 1308 diligitis,
878 1254 1014 1293 levate
1040 1253 1152 1293 hunc
1178 1252 1405 1306 aliquando
1433 1267 1528 1306 sup-

190 1312 343 1364 plicem
389 1315 594 1364 vestrum,
637 1311 813 1365 iudices,
857 1314 924 1352 tot
968 1325 1102 1352 annos
1138 1311 1182 1351 in
1220 1311 1330 1352 falsa
1366 1311 1528 1352 invidia
1547 1322 1581 1347 2⁰

190 1371 475 1424 periculisque
512 1373 749 1423 versatum,
795 1370 867 1425 qui
902 1384 1014 1411 nunc
1052 1369 1234 1423 primum
1273 1372 1371 1423 post
1406 1369 1527 1410 illam

190 1428 409 1470 flammam
454 1429 636 1470 aliorum
679 1429 794 1470 facto
838 1431 879 1469 et
918 1428 1150 1483 cupiditate
1190 1428 1416 1469 excitatam
1455 1442 1528 1482 spe

191 1491 358 1528 vestrae
391 1488 620 1541 aequitatis
648 1487 812 1542 erigere
838 1487 1025 1528 animum
1051 1490 1094 1527 et
1119 1486 1293 1540 paulum
1320 1487 1527 1541 respirare

192 1560 216 1586 a
246 1549 363 1587 metu
396 1546 547 1600 coepit,
579 1546 647 1587 cui
678 1546 819 1600 posita
854 1548 953 1586 sunt
984 1545 1027 1586 in
1058 1546 1182 1586 vobis
1215 1545 1370 1598 omnia,
1403 1560 1528 1600 quem

192 1608 406 1645 servatum
445 1619 536 1646 esse
573 1605 750 1659 plurimi
788 1605 978 1658 cupiunt,
1017 1618 1184 1645 servare
1217 1603 1299 1645 soli
1329 1618 1404 1645 vos
1435 1607 1527 1657 pot·
1547 1613 1581 1640 2⁵

122 1673 187 1702 201
205 1664 318 1704 estis.
363 1663 468 1704 Orat
500 1677 576 1705 vos
603 1663 800 1716 Habitus,
832 1663 1000 1715 iudices,
1027 1665 1069 1704 et
1099 1663 1205 1703 flens
1238 1663 1444 1715 obsecrat,
1474 1676 1527 1703 ne

192 1735 236 1762 se
261 1722 458 1775 invidiae,
485 1736 591 1776 quae
617 1722 662 1762 in
686 1722 852 1763 iudiciis
880 1722 1021 1762 valere
1045 1736 1131 1762 non
1155 1721 1290 1774 debet,
1314 1735 1367 1761 ne
1387 1720 1527 1774 matri,

192 1780 309 1820 cuius
342 1784 442 1821 vota
475 1785 516 1821 et
547 1795 693 1835 preces
727 1795 751 1821 a
781 1780 935 1822 vestris
968 1780 1180 1821 mentibus
1211 1779 1434 1833 repudiare
1461 1779 1526 1820 de·

191 1838 319 1891 betis,
355 1853 408 1879 ne
441 1838 698 1893 Oppianico,
727 1839 890 1880 homini
920 1838 1101 1892 nefario,
1134 1837 1414 1879 condemnato
1441 1838 1527 1878 iam

121 1896 173 1936 71
191 1898 233 1936 et
266 1900 446 1949 mortuo,
478 1898 738 1939 condonetis.
788 1896 947 1945 Quodsi
978 1911 1061 1949 qua
1092 1895 1314 1936 calamitas
1345 1895 1457 1937 hunc
1482 1896 1526 1936 in
1546 1906 1580 1932 30

190 1955 270 1996 hoc
301 1954 455 1996 iudicio
489 1956 700 1997 adflixerit
730 1956 1012 2007 innocentem,
1042 1969 1094 1995 ne
1125 1954 1206 1995 iste
1232 1954 1372 2008 miser,
1404 1954 1453 2008 si,
1483 1954 1527 1995 id

192 2013 303 2067 quod
342 2013 514 2054 difficile
553 2014 667 2055 factu
705 2017 786 2067 est,
829 2014 874 2054 in
904 2013 993 2054 vita
1029 2012 1283 2066 remanebit,
1322 2027 1445 2067 saepe
1483 2016 1527 2053 et

192 2072 376 2112 multum
429 2075 627 2125 queretur
671 2072 981 2126 deprehensum
1025 2085 1116 2111 esse
1159 2071 1266 2111 illud
1311 2071 1524 2125 quondam

190 2129 489 2171 Fabricianum
528 2145 748 2171 venenum.
810 2130 930 2179 Quod
969 2129 1005 2170 si
1042 2131 1133 2170 tum
1171 2129 1403 2171 indicatum
1439 2143 1526 2170 non

193 2191 316 2241 esset,
346 2203 433 2229 non
463 2188 562 2229 huic
594 2189 970 2229 aerumnosissimo
997 2202 1205 2228 venenum
1230 2187 1333 2228 illud
1360 2187 1524 2241 fuisset,
1544 2197 1578 2223 35

193 2247 265 2287 sed
315 2247 548 2287 multorum
597 2247 952 2288 medicamentum
994 2260 1257 2298 maerorum,
1306 2247 1523 2300 postremo

192 2306 322 2346 etiam
347 2305 546 2346 fortassis
573 2309 711 2346 mater
738 2304 956 2359 exsequias
981 2304 1097 2345 illius
1116 2304 1278 2345 funeris
1297 2306 1523 2358 prosecuta
