1619 2542
87 935 113 975 3

71 987 115 1017 10

72 1603 113 1634 11

139 148 227 189 230
440 148 503 183 DE
530 147 654 183 LEGE
680 146 896 182 AGRARIA
923 146 1098 182 ORATIO
1124 146 1185 181 111.

139 248 216 286 est.
278 244 339 286 Ut
376 245 552 286 meliore
589 246 678 285 iure
715 244 779 284 tui
819 243 954 284 soceri
994 242 1150 283 fundus
1183 242 1390 296 Hirpinus
1423 243 1480 284 sit

140 304 229 345 sive
261 317 362 358 ager
393 303 600 358 Hirpinus
634 303 792 356 (totum
826 302 937 342 enim
970 299 1178 356 possidet)
1206 316 1334 355 quam
1360 316 1478 343 meus

139 365 343 417 paternus
381 362 603 416 avitusque
647 361 802 401 fundus
834 360 1053 414 Arpinas?
1114 359 1164 401 Id
1201 360 1314 401 enim
1345 374 1480 402 caves.

140 420 315 476 Optimo
349 421 460 462 enim
493 422 582 461 iure
615 435 664 460 ea
697 422 794 460 sunt
825 422 1016 472 profecto
1049 418 1234 472 praedia,
1267 433 1374 473 quae
1406 433 1481 473 op-

138 480 247 521 tima
279 480 525 522 condicione
558 482 668 519 sunt.
712 478 867 519 Libera
899 478 1075 518 meliore
1107 479 1197 518 iure
1224 480 1324 518 sunt
1350 492 1479 532 quam
1498 488 1516 514 5

140 553 278 592 serva3
318 538 456 593 eapite
500 538 580 579 hoc
621 537 782 591 omnia,
830 551 937 591 quae
976 537 1234 591 serviebant,
1271 551 1359 577 non
1397 550 1480 577 ser-

139 598 267 638 vient.
331 596 481 638 Soluta
519 597 694 637 meliore
732 596 775 636 in
814 610 942 637 causa
979 598 1079 636 sunt
1110 610 1236 649 quam
1269 595 1482 650 obligata3

140 657 287 697 eodem
320 656 458 709 capite
486 655 740 710 subsignata
766 655 922 707 omnia,
948 654 983 695 si
1009 654 1134 695 modo
1163 652 1341 695 Sullana
1369 656 1481 707 sunt,

140 715 387 755 liberantur.
467 714 681 754 Immunia
736 712 1023 754 commodiore
1080 713 1325 754 condicione
1382 715 1482 753 sunt

140 788 267 826 quam
305 773 400 827 illa,
438 788 544 827 quae
583 773 823 826 pensitant3
861 786 940 827 ego
974 771 1227 813 Tusculanis
1259 786 1337 826 pro
1370 786 1482 825 aqua
1500 782 1535 806 10

140 830 304 873 Crabra
329 832 515 886 vectigal
541 831 736 885 pendam,
763 831 863 884 quia
884 830 1097 883 mancipio
1118 830 1296 871 fundum
1319 830 1480 884 accepi3

141 892 175 931 si
211 906 235 931 a
267 889 388 931 Sulla
419 891 525 931 mihi
558 891 682 931 datus
709 893 834 943 esset,
865 889 982 930 Rulli
1008 889 1102 942 lege
1128 903 1215 930 non
1240 889 1482 944 penderem.

142 949 276 990 Video
312 964 403 1003 vos,
435 949 641 1001 Quirites,
681 948 806 990 sicuti
837 962 904 989 res
937 948 1031 1002 ipsa
1057 949 1191 1002 cogit,
1223 947 1481 988 commoveri

141 1009 205 1049 vel
252 1009 361 1063 legis
409 1008 473 1048 vel
518 1008 727 1049 orationis
771 1007 1054 1060 impudentia,
1098 1007 1225 1061 legis,
1270 1021 1377 1060 quae
1414 1006 1480 1047 ius

139 1067 292 1108 melius
321 1066 508 1107 Sullanis
534 1066 720 1120 praediis
748 1066 981 1106 constituat
1006 1080 1134 1119 quam
1160 1065 1364 1119 paternis,
1390 1079 1481 1106 ora·
1502 1074 1534 1099 15

139 1126 282 1178 tionis,
316 1140 423 1179 quae
455 1126 544 1165 eius
578 1124 693 1165 modi
725 1125 771 1165 in
796 1139 924 1165 causa
949 1124 1198 1164 insimulare
1224 1138 1481 1178 quemquam

141 1184 296 1224 audeat
335 1183 521 1224 rationes
554 1181 699 1224 Sullae
729 1182 910 1223 nimium
941 1182 1214 1223 vehementer
1247 1182 1480 1222 defendere.

140 1242 212 1296 At,
251 1242 287 1282 si
320 1242 398 1283 illa
437 1243 574 1283 solum
607 1241 809 1294 sanciret,
848 1255 954 1294 quae
987 1256 1012 1281 a
1044 1239 1165 1281 Sulla
1197 1243 1338 1281 essent
1370 1240 1481 1294 data,

141 1303 346 1355 tacerem,
395 1301 521 1342 modo
565 1301 656 1355 ipse
703 1315 746 1340 se
791 1299 1014 1341 Sullanum
1050 1313 1150 1340 -esse
1195 1299 1480 1340 confiteretur.

142 1358 223 1401 Sed
248 1374 335 1400 non
362 1359 488 1400 modo
516 1360 602 1400 illis
629 1362 764 1412 cavet,
797 1373 945 1399 verum
972 1358 1102 1398 etiam
1128 1357 1244 1398 aliud
1268 1357 1481 1411 quoddam
1501 1367 1534 1392 20

142 1432 276 1473 genus
318 1418 561 1459 donationis
599 1418 778 1470 inducit,
823 1420 865 1457 et
902 1418 956 1470 is,
1001 1417 1073 1470 qui
1112 1431 1137 1457 a
1175 1430 1241 1457 me
1280 1414 1480 1457 Sullanas

140 1478 434 1531 possessiones
467 1476 635 1517 defendi
661 1476 924 1529 criminatur,
954 1490 1041 1516 non
1068 1489 1138 1515 eas
1165 1475 1305 1515 solum
1332 1475 1481 1527 sancit,

141 1550 288 1576 verum
320 1537 411 1590 ipse
440 1550 574 1577 novas
602 1535 923 1589 adsignationes
949 1533 1139 1574 instituit
1166 1537 1208 1574 et
1232 1533 1481 1588 repentinus

143 1593 262 1635 Sulla
293 1595 418 1636 nobis
452 1595 651 1635 exoritur.
702 1593 816 1635 Nam
848 1592 1070 1647 attendite,
1101 1595 1282 1646 quantas
1314 1605 1481 1633 conces-

142 1652 282 1693 siones
310 1667 510 1706 agrorum
535 1653 605 1694 hic
629 1655 778 1693 noster
804 1652 1055 1706 obiurgator
1079 1665 1163 1692 uno
1184 1650 1313 1691 verbo
1340 1651 1479 1691 facere
1499 1659 1532 1684 25

142 1714 333 1752 conetur:
367 1711 512 1759 ‘QUAE
545 1723 690 1764 DATA,
722 1722 932 1763 DONATA,
965 1720 1216 1761 CONCESSA,
1247 1707 1480 1749 VENDITA'.

140 1768 308 1821 Patior,
341 1769 477 1811 audio.
537 1769 646 1818 Quid
678 1769 856 1810 deinde?
907 1767 1170 1810 ‘POSSESSA’.
1220 1767 1313 1808 Hoc
1345 1767 1478 1807 tribu-

140 1842 220 1868 nus
258 1828 398 1881 plebis
436 1829 712 1881 promulgare
751 1842 878 1868 ausus
917 1830 999 1880 est,
1039 1829 1105 1880 ut,
1149 1825 1261 1879 quod
1302 1825 1480 1879 quisque

140 1889 242 1940 post
279 1885 462 1926 Marium
509 1889 551 1927 et
589 1886 829 1927 Carbonem
868 1886 1062 1927 consules
1099 1884 1307 1939 possidet,
1349 1883 1393 1923 id
1430 1898 1479 1924 eo

141 1945 232 1985 iure
258 1946 435 1996 teneret,
465 1959 542 1997 quo
569 1945 680 1998 quod
708 1945 872 1999 optimo
899 1943 1115 1998 privatum
1140 1942 1226 1984 est?
1267 1941 1479 1996 Etiamne,
1499 1951 1534 1976 30

143 2002 180 2044 si
206 2002 249 2043 vi
275 2002 437 2055 deiecit,
464 2003 660 2057 etiamne,
687 2003 723 2043 si
750 2004 873 2054 clam,
898 2003 934 2043 si
959 2001 1150 2056 precario
1177 2001 1294 2041 venit
1319 2000 1363 2041 in
1385 2015 1481 2055 pos·

143 2061 406 2102 sessionem?
468 2060 586 2115 Ergo
619 2062 698 2103 hac
730 2062 826 2114 lege
857 2062 922 2101 ius
955 2060 1100 2112 civile,
1132 2073 1284 2100 causae
1315 2073 1479 2113 posses-

144 2120 329 2173 sionum,
368 2122 614 2173 praetorum
650 2120 879 2161 interdicta
911 2118 1127 2159 tollentur.
1190 2117 1289 2158 Non
1322 2117 1480 2158 medio-

142 2179 223 2219 cris
250 2192 317 2219 res
343 2192 478 2231 neque
505 2192 685 2231 parvum
713 2179 790 2219 sub
816 2178 898 2219 hoc
926 2176 1053 2217 verbo
1079 2176 1255 2230 furtum,
1282 2175 1480 2227 Quirites,

141 2237 260 2277 latet.
323 2235 431 2276 Sunt
469 2236 579 2277 enim
619 2236 745 2276 multi
784 2236 877 2290 agri
917 2235 1012 2288 lege
1044 2233 1243 2275 Cornelia
1273 2233 1481 2289 publicati
1499 2242 1533 2268 35

141 2310 217 2336 nec
261 2294 459 2348 cuiquam
505 2294 722 2347 adsignati
763 2308 900 2348 neque
937 2292 1117 2343 venditi,
1162 2292 1235 2346 qui
1272 2307 1298 2333 a
1335 2291 1480 2346 paucis

141 2353 388 2394 hominibus
437 2352 806 2407 impudentissime
856 2351 1138 2406 possidentur.
1218 2350 1297 2391 His
1348 2352 1482 2404 cavet,
