1619 2542
174 99 256 139 116
515 96 608 131 PRO
634 96 677 131 A.
705 95 946 130 CLUENTIO
975 95 1164 130 ORATIO.

169 193 394 247 nefarium,
420 195 510 234 tam
535 196 759 234 nocentem
784 206 1021 246 numquam
1047 196 1288 233 accusasset
1312 191 1514 246 Habitus,

171 252 342 305 iudices,
369 252 405 293 si
431 251 473 292 id
499 251 843 305 praetermittere
870 265 946 292 suo
974 250 1095 291 salvo
1123 250 1262 304 capite
1289 251 1514 304 potuisset.

170 311 279 352 Erat
310 311 409 352 huic
441 310 638 351 inimicus
671 309 951 364 OppianicUS,
990 311 1101 362 erat,
1140 309 1213 350 sed
1244 312 1391 350 tamen
1422 313 1516 351 erat

171 370 369 423 vitricus3
415 368 598 409 crudelis
644 371 686 409 et
729 368 828 409 huic
870 367 1029 409 infesta
1070 371 1226 421 mater,
1270 371 1315 408 at
1358 371 1514 422 mater3

169 431 390 483 postremo
436 427 544 468 nihil
588 429 679 467 tam
723 430 937 468 remotum
983 427 1035 467 ab
1075 426 1346 467 accusatione
1385 439 1549 481 quam5

170 487 392 529 Cluentius
432 488 474 526 et
510 488 665 526 natura
707 488 750 526 et
781 485 1004 526 voluntate
1037 488 1079 525 et
1111 485 1314 526 instituta
1345 486 1514 527 ratione

170 547 295 587 vitae.
360 544 441 586 Sed
480 559 575 588 cum
614 547 728 585 esset
758 544 861 585 haec
894 544 932 584 ei
963 543 1187 598 proposita
1219 543 1429 598 condicio,
1467 547 1515 585 ut

171 607 245 646 aut
276 604 387 645 iuste
418 603 570 657 pieque
603 605 821 644 accusaret
853 605 927 643 aut
956 603 1106 643 acerbe
1138 602 1395 656 indigneque
1428 617 1514 644 mo-

170 666 348 715 reretur,
375 676 586 715 accusare,
612 675 782 716 quoquo
804 661 930 702 modo
950 663 1112 715 posset,
1137 675 1265 715 quam
1286 661 1363 702 illo
1384 661 1510 702 modo

173 723 307 763 emori
341 720 506 762 maluit.
1534 733 1567 758 10

100 791 143 822 43
261 782 402 834 Atque
428 782 476 820 ut
501 779 582 820 hoc
608 778 671 819 ita
697 793 789 819 esse
815 778 1057 833 perspicere
1083 778 1274 832 possitis,
1302 793 1514 832 exponam

171 839 292 880 vobis
333 837 557 892 Oppianici
602 837 766 878 facinus
809 836 1035 878 manifesto
1080 839 1346 891 compertum
1385 841 1514 891 atque

172 898 501 951 deprehensum3
539 911 589 937 ex
628 911 711 950 quo
745 896 873 937 simul
907 898 1151 949 utrumque,
1191 899 1232 936 et
1264 895 1363 937 huic
1395 910 1514 937 accu-

172 971 265 997 sare
310 959 353 997 et
395 955 462 996 illi
507 955 798 1008 condemnari,
842 968 1014 995 necesse
1058 954 1192 995 fuisse
1235 954 1514 1009 intellegetis.

103 1015 396 1057 15Martiales
435 1013 607 1068 quidam
641 1013 787 1054 Larini
826 1013 1174 1067 appellabantur,
1213 1013 1402 1054 ministri
1439 1028 1513 1067 pu·
1534 1025 1566 1051 15

172 1074 274 1115 blici
307 1073 459 1114 Martis
493 1075 620 1126 atque
647 1072 685 1113 ei
711 1072 788 1112 deo
815 1072 1030 1112 veteribus
1057 1072 1268 1113 institutis
1295 1071 1512 1126 religioniae

172 1133 337 1186 busque
370 1131 637 1172 Larinatium
668 1130 917 1172 consecrati.
950 1130 1139 1178 Quorum
1173 1145 1269 1171 cum
1296 1131 1401 1171 satis
1428 1145 1514 1172 ma-

173 1205 282 1245 gnus
314 1204 518 1231 numerus
552 1191 681 1243 esset,
719 1203 898 1242 cumque
929 1188 1051 1241 item,
1088 1192 1137 1229 ut
1168 1190 1213 1229 in
1246 1188 1390 1230 Sicilia
1420 1204 1511 1243 per-

173 1249 298 1290 multi
334 1248 507 1289 Venerii
545 1250 661 1300 sunt,
701 1247 761 1289 sic
798 1247 863 1288 illi
894 1246 1041 1287 Larini
1081 1247 1126 1288 in
1157 1247 1310 1288 Martis
1347 1247 1515 1288 familia

172 1310 519 1360 numerarentur,
559 1309 734 1360 repente
767 1305 1029 1360 Oppianicus
1069 1320 1141 1347 eos
1174 1320 1321 1347 omnes
1354 1306 1512 1346 liberos
1533 1319 1567 1344 20

175 1381 266 1408 esse
298 1366 495 1420 civesque
521 1365 738 1406 Romanos
772 1365 911 1418 coepit
943 1364 1179 1406 defendere.
1240 1364 1439 1405 Graviter
1470 1364 1513 1405 id

175 1425 421 1466 decuriones
464 1424 730 1464 Larinatium
772 1423 995 1477 cunctique
1036 1422 1272 1477 municipes
1311 1423 1514 1466 tulerunt.

174 1483 325 1538 Itaque
365 1483 419 1524 ab
458 1482 620 1524 Habito
657 1482 919 1537 petiverunt,
960 1485 1008 1522 ut
1045 1496 1140 1522 eam
1178 1496 1349 1522 causam
1388 1482 1515 1522 susci-

175 1545 296 1596 peret
326 1541 580 1596 publiceque
613 1541 865 1582 defenderet.
910 1540 1097 1581 Habitus
1125 1555 1219 1581 cum
1248 1555 1291 1581 se
1318 1540 1371 1581 ab
1399 1540 1515 1581 omni

176 1601 265 1641 eius
304 1600 420 1641 modi
457 1600 631 1655 negotio
669 1599 938 1653 removisset,
981 1602 1127 1640 tamen
1163 1613 1241 1653 pro
1279 1599 1392 1652 loco,
1436 1613 1513 1652 pro
1534 1611 1568 1636 25

176 1659 435 1713 antiquitate
480 1658 649 1714 generis
694 1658 777 1711 sui,
818 1673 896 1712 pro
941 1672 1008 1711 eo,
1053 1658 1167 1712 quod
1211 1672 1254 1698 se
1298 1672 1385 1698 non
1425 1656 1513 1698 suis

176 1718 422 1771 commodis,
450 1717 523 1758 sed
550 1717 679 1758 etiam
707 1731 881 1758 suorum
908 1717 1170 1771 municipum
1191 1719 1513 1769 ceterorumque

176 1776 514 1817 necessariorum
545 1779 695 1817 natum
728 1789 820 1816 esse
853 1776 1156 1827 arbitrabatur,
1188 1777 1334 1814 tantae
1367 1774 1513 1814 volun-

106 1844 150 1875 44
177 1834 259 1874 tati
289 1835 584 1875 universorum
616 1834 883 1875 Larinatium
916 1834 1059 1875 deesse
1091 1833 1241 1874 noluit.
1306 1830 1514 1886 Suscepta

178 1907 305 1934 causa
337 1892 602 1947 Romamque
641 1893 783 1933 delata
820 1906 1001 1946 magnae
1033 1891 1187 1933 cotidie
1220 1890 1514 1932 contentiones
1534 1903 1568 1928 30

175 1952 286 1992 inter
305 1950 512 1991 Habitum
535 1954 577 1991 et
598 1950 880 2005 Oppianicum
903 1965 952 1991 ex
972 1950 1193 2003 utriusque
1215 1948 1354 1990 studio
1377 1949 1515 1990 defen-

177 2009 309 2051 sionis
331 2009 638 2050 excitabantur.
676 2010 783 2050 Erat
802 2009 893 2062 ipse
913 2008 1089 2049 immani
1111 2008 1346 2062 acerbaque
1361 2010 1516 2049 natura

178 2067 457 2122 Oppianicus3
495 2067 749 2108 incendebat
789 2068 877 2108 eius
918 2066 1151 2107 amentiam
1192 2066 1351 2107 infesta
1389 2070 1515 2120 atque

178 2126 354 2167 inimica
379 2126 467 2167 filio
494 2129 632 2166 mater
652 2125 814 2166 Habiti.
845 2125 993 2179 Magni
1020 2128 1163 2165 autem
1190 2125 1255 2165 illi
1283 2140 1359 2165 sua
1385 2124 1515 2165 inter-

180 2200 270 2226 esse
303 2184 628 2226 arbitrabantur
659 2185 771 2224 hunc
803 2199 828 2225 a
852 2198 980 2225 causa
1004 2182 1269 2224 Martialium
1296 2182 1515 2224 removeri.
1534 2194 1569 2220 55

180 2242 363 2284 Suberat
394 2243 523 2284 etiam
556 2243 640 2283 alia
672 2257 800 2283 causa
831 2242 984 2294 maior,
1023 2256 1131 2295 quae
1164 2241 1405 2296 Oppianici,
1443 2241 1517 2282 ho-

178 2302 302 2343 minis
342 2301 584 2343 avarissimi
622 2304 750 2355 atque
790 2300 1076 2354 audacissimi,
1115 2304 1302 2342 mentem
1334 2299 1517 2342 maxime
