1619 2542
110 1896 163 1959 {31

183 130 265 170 132
529 129 620 165 PRO
648 129 690 164 A.
717 128 951 164 CLUENTIO
979 128 1167 165 ORATIO.

180 224 414 267 Cluentius.
470 224 587 267 Haec
620 228 762 267 autem
795 240 862 266 res
895 225 1026 266 habet
1057 225 1138 266 hoc
1170 228 1301 280 certe,
1332 228 1380 267 ut
1410 226 1523 268 nihil

178 284 318 338 possit
348 298 485 338 neque
518 284 708 325 additum
740 298 876 337 neque
904 283 1144 324 detractum
1169 284 1220 325 de
1245 298 1291 325 re
1315 283 1521 326 familiari

179 343 325 383 latere.
374 342 490 383 Anni
523 346 623 383 sunt
654 344 763 396 octo,
795 357 891 383 cum
922 342 1008 383 ista
1040 356 1169 383 causa
1200 342 1245 383 in
1276 342 1362 384 ista
1392 343 1520 384 medi-

178 401 341 442 tatione
373 403 587 454 versatur,
627 416 722 442 cum
755 400 916 454 omnia,
955 415 1061 454 quae
1095 401 1147 442 ad
1181 415 1274 441 eam
1307 416 1397 442 rem
1428 416 1520 456 per-

178 459 334 512 tinent,
379 462 421 501 et
465 474 516 500 ex
560 459 684 500 huius
731 463 772 500 et
817 474 867 500 ex
912 459 1094 500 aliorum
1132 459 1293 500 tabulis
1333 459 1554 515 agitatis,5

177 518 388 572 tractatis,
422 518 652 572 inquiritis,
685 533 779 559 cum
814 518 978 558 interea
1010 517 1289 559 Cluentianae
1315 519 1518 573 pecuniae

178 577 409 631 vestigium
450 577 615 617 nullum
655 576 868 617 invenitis.
936 574 1073 624 Quid?
1110 576 1300 618 Albiana
1338 578 1519 632 pecunia

178 636 428 690 vestigiisne
479 635 602 677 nobis
644 635 862 676 odoranda
902 637 967 675 est
1009 649 1063 676 an
1104 634 1157 676 ad
1196 635 1338 689 ipsum
1379 636 1519 677 cubile

179 694 301 735 vobis
347 694 524 735 ducibus
569 694 711 736 venire
755 694 1012 748 possumus?
1089 693 1304 735 Tenentur
1346 708 1430 735 uno
1474 694 1519 735 in
1618 733 1619 755 ἱ

178 753 271 794 loco
291 751 364 793 HS
384 753 547 805 Io—Cff,
573 755 770 793 tenentur
796 752 906 806 apud
933 752 1150 793 hominem
1177 752 1519 807 audacissimum,
1541 766 1574 790 10
1618 757 1619 803 l

177 814 376 852 tenentur
408 811 521 865 apud
546 811 744 864 iudicem3
779 811 879 864 quid
905 811 1034 851 voltis
1062 811 1276 865 amplius?
1321 809 1380 852 At
1406 811 1519 852 enim

179 868 378 911 Staienus
421 885 509 911 non
544 869 627 910 fuit
666 870 718 910 ab
758 868 1010 924 Oppianico,
1055 869 1128 910 sed
1169 884 1193 910 a
1231 868 1428 911 Cluentio
1467 870 1520 911 ad

177 928 380 970 iudicium
418 928 775 983 corrumpendum
814 927 1085 969 constitutus.
1149 926 1234 969 Cur
1273 943 1385 982 eum,
1424 943 1519 970 cum

177 987 221 1027 in
268 987 491 1029 consilium
535 987 687 1039 iretur,
732 985 953 1027 Cluentius
1005 989 1046 1027 et
1085 984 1323 1027 Cannutius
1372 987 1520 1028 abesse
1615 1031 1619 1042 y

177 1045 483 1099 patiebantur?
505 1060 590 1099 cur,
609 1060 704 1087 cum
725 1045 770 1085 in
790 1045 1014 1086 consilium
1035 1045 1277 1098 mittebant,
1298 1044 1517 1086 Staienum
1540 1057 1571 1082 15
1614 1045 1619 1082 ἰ

177 1104 370 1158 iudicem,
403 1105 469 1146 cui
493 1104 715 1158 pecuniam
743 1103 957 1157 dederant,
983 1118 1070 1144 non
1095 1104 1399 1158 requirebant?
1435 1103 1520 1159 Op-
1612 1112 1617 1159 ξ

178 1163 371 1216 pianicus
400 1163 670 1216 querebatur,
702 1161 923 1210 Quinctius
950 1162 1194 1216 flagitabat3
1229 1162 1318 1204 sine
1345 1160 1518 1203 Staieno
1612 1163 1614 1174 '

177 1236 230 1262 ne
267 1222 312 1262 in
349 1221 574 1263 consilium
612 1222 763 1274 iretur,
801 1220 1030 1261 tribunicia
1066 1223 1281 1275 potestate
1320 1221 1517 1262 effectum
1609 1211 1619 1279 ,ᾖ

180 1282 255 1321 est.
324 1280 384 1321 At
426 1280 736 1321 condemnavit.
803 1279 926 1320 Hanc
966 1279 1078 1319 enim
1119 1279 1517 1320 condemnationem
1608 1279 1615 1331 i

179 1339 352 1380 dederat
390 1339 583 1380 obsidem
623 1337 762 1379 Bulbo
808 1340 850 1378 et
894 1337 1062 1390 ceteris,
1106 1340 1154 1378 ut
1195 1337 1425 1379 destitutus
1464 1338 1517 1379 ab
1538 1350 1572 1375 20
1611 1336 1619 1371 l

179 1397 415 1451 Oppianico
457 1397 683 1438 videretur.
747 1395 886 1445 Quare
928 1396 965 1437 si
998 1396 1125 1437 istinc
1165 1411 1294 1437 causa
1334 1410 1518 1437 corrum-
1606 1435 1607 1441 ,

178 1456 306 1510 pendi
336 1455 498 1508 iudicii,
531 1455 567 1496 si
597 1455 725 1496 istinc
757 1456 953 1509 pecunia,
986 1455 1112 1496 istinc
1145 1454 1360 1509 Staienus,
1392 1454 1519 1496 istinc
1605 1448 1607 1507 s

179 1515 359 1568 denique
392 1514 530 1555 omnis
563 1514 679 1555 fraus
710 1516 752 1555 et
778 1513 954 1555 audacia
979 1516 1056 1567 est,
1087 1513 1186 1554 hinc
1211 1513 1360 1568 pudor,
1391 1513 1518 1555 hone-

180 1576 248 1614 sta
278 1574 387 1626 vita,
428 1573 548 1614 nulla
586 1572 772 1625 suspicio
811 1572 1032 1626 pecuniae,
1069 1572 1190 1613 nulla
1221 1572 1518 1626 corrumpendi
1603 1587 1604 1609 1

179 1632 324 1673 iudicii
366 1646 512 1685 causa,
551 1631 749 1685 patimini
781 1631 961 1672 veritate
992 1631 1208 1684 patefacta
1241 1632 1368 1684 atque
1401 1630 1517 1672 omni
1537 1642 1570 1667 25
1601 1627 1619 1694 ξ

181 1704 323 1731 errore
353 1690 524 1731 sublato
551 1704 599 1731 eo
626 1689 810 1731 transire
836 1690 952 1730 illius
979 1689 1255 1744 turpitudinis
1282 1688 1517 1742 infamiam,

179 1749 253 1789 ubi
285 1750 426 1790 cetera
452 1748 665 1789 maleficia
697 1748 956 1801 consistunt,
988 1749 1041 1789 ab
1074 1762 1124 1789 eo
1148 1747 1354 1788 invidiam
1385 1747 1517 1788 disce-

180 1806 277 1847 dere
310 1806 550 1860 aliquando‚
581 1806 636 1848 ad
667 1821 792 1861 quem
823 1820 1058 1860 numquam
1090 1806 1319 1847 accessisse
1346 1805 1517 1860 culpam

180 1864 347 1906 videtis.
1602 1911 1603 1917 ¹

269 1922 330 1963 At
367 1923 477 1964 enim
515 1923 738 1978 pecuniam
771 1923 944 1964 Staieno
982 1922 1096 1964 dedit
1129 1921 1390 1976 Oppianicus
1430 1937 1516 1964 non
1535 1934 1569 1959 30
1596 1943 1598 1981 s

182 1982 234 2023 ad
284 1982 639 2034 corrumpendum
684 1982 905 2034 iudicium,
954 1981 1026 2022 sed
1073 1980 1126 2021 ad
1176 1980 1516 2022 conciliationem

183 2040 358 2095 gratiae.
414 2039 527 2080 Tene
558 2040 651 2090 hoc,
684 2040 800 2094 Acci,
833 2040 980 2091 dicere,
1013 2039 1092 2079 tali
1117 2038 1354 2092 prudentia,
1386 2039 1515 2080 etiam

181 2113 260 2140 usu
299 2101 426 2152 atque
465 2098 769 2139 exercitatione
806 2097 1072 2152 praeditum?
1142 2095 1515 2150 Sapientissimum

182 2172 274 2199 esse
310 2157 455 2198 dicunt
493 2171 606 2209 eum,
647 2156 734 2210 cui,
771 2156 883 2210 quod
921 2169 1027 2208 opus
1065 2155 1137 2208 sit,
1176 2155 1259 2209 ipsi
1296 2156 1440 2197 veniat
1470 2157 1516 2197 in

182 2218 385 2269 mentem3
428 2216 620 2269 proxime
661 2215 858 2256 accedere
899 2214 1039 2266 illum,
1080 2213 1152 2267 qui
1194 2214 1368 2255 alterius
1408 2214 1513 2255 bene
1534 2225 1567 2250 35

182 2274 368 2315 inventis
412 2274 689 2327 obtemperet.
742 2272 793 2313 In
830 2272 1018 2314 stultitia
1055 2275 1204 2314 contra
1236 2275 1309 2314 est.
1372 2271 1513 2313 Minus
1590 2269 1591 2276 ’

183 2333 295 2374 enim
327 2332 485 2373 stultus
517 2334 583 2372 est
614 2331 662 2384 is,
698 2331 764 2372 cui
794 2330 903 2371 nihil
934 2330 977 2369 in
1010 2332 1195 2370 mentem
1228 2330 1354 2384 venit,
1386 2345 1513 2384 quam

1592 2130 1600 2211 ²!
