1687 2533
504 79 605 115 CAP.
633 84 671 124 8,
699 84 718 115 9
745 84 763 123 g
792 83 938 115 18-23,
1353 81 1440 122 455

101 177 250 231 mittit,
277 177 489 242 cogitabo.
539 177 745 231 Denique,
773 175 971 229 Quirites,
998 176 1200 231 quoniam
1227 191 1294 218 me
1321 180 1441 231 quat·
1467 180 1492 220 9

103 238 200 278 tuor
232 235 405 278 omnino
437 236 658 277 hominum
685 250 841 291 geneia
866 235 1097 288 violarunt,
1122 250 1254 276 unum
1282 250 1441 289 eorum,

104 295 175 348 qui
213 294 309 336 odio
343 295 404 335 161
421 294 647 361 '‘public-ae,
687 295 799 348 quod
832 308 925 336 eam
956 294 1062 349 ipsis
1094 294 1242 335 invitis
1275 309 1441 336 conser-

102 367 266 406 varam,
310 353 594 395 inimicissimi
631 353 738 394 mihi
774 353 964 407 fuerunt,
1009 353 1210 407 alterum,
1256 353 1327 408 qui
1365 367 1442 408 per

66 422 84 449 5
105 412 423 454 simulationem
444 412 655 454 amicitiae
675 411 835 453 nefarie
856 426 923 453 me
943 411 1234 466 prodiderunt,
1254 414 1318 452 ter
1322 412 1441 465 tium,

104 471 177 525 qui
215 486 307 513 cum
345 474 521 526 propter
559 471 757 512 inertiam
796 485 918 512 suam
957 470 1103 512 eadem
1141 471 1316 525 adsequi
1354 485 1441 512 non

102 532 294 584 possent,
331 530 576 571 inviderunt
608 530 724 571 laudi
757 532 798 570 et
824 529 1026 585 dignitati
1059 544 1194 581 meae,
1228 532 1440 584 quartum,

103 588 176 642 qui
207 603 300 630 cum
334 589 530 630 custodes
562 589 624 629 rei
655 588 851 642 publicae
884 603 976 630 esse
1008 588 1223 642 deberent,
1257 589 1439 630 salutem

102 661 254 699 meam,
286 650 448 688 statum
480 647 681 698 civitatis,
712 647 965 702 dignitatem
998 647 1086 688 eius
1114 647 1294 701 imperii,
1327 647 1440 701 quod

48 718 82 742 10
103 708 195 746 erat
226 720 354 759 penes
388 706 515 760 ipsos,
546 705 844 747 vendiderunt:
879 706 938 747 sic
964 706 1145 747 ulciscar
1171 706 1441 761 singulorum

99 763 311 814 facinora,
354 779 479 819 quem
516 765 569 806 ad
607 765 780 806 modum
820 780 844 805 a
882 764 1119 819 quibusque
1158 779 1252 806 sum
1289 779 1441 818 provo-

101 825 239 876 catus,
279 823 418 864 malos
458 823 560 865 civis
593 838 638 864 re
670 823 843 877 publica
875 823 982 864 bene
1015 823 1217 877 gerenda,
1254 823 1440 878 perfidos

102 881 260 923 amicos
299 882 409 923 nihil
448 882 655 923 credendo
695 884 822 936 atque
855 882 997 923 omnia
1030 882 1235 935 cavendo,
1272 881 1440 923 invidos

100 940 251 981 virtuti
283 944 325 981 et
357 941 521 996 gloriae
554 941 791 994 serviendo,
830 943 1089 982 mercatores
1122 941 1441 994 provinciarum

47 1010 81 1036 15
101 999 337 1040 revocando
377 999 550 1040 domum
590 1002 717 1054 atque
756 1000 809 1040 ab
841 999 893 1040 iis
926 999 1241 1053 provinciarum
1273 999 1440 1041 ratione

99 1058 338 1111 repetenda.
407 1057 675 1112 Quamquam
714 1058 836 1112 mihi,
881 1057 1087 1111 Quirites,
1124 1058 1278 1100 maiori
1316 1072 1439 1100 curae

100 1118 183 1170 est,
227 1131 350 1170 quem
384 1117 437 1158 ad
469 1117 643 1158 modum
674 1117 815 1171 vobis,
857 1117 928 1171 qui
960 1117 1010 1158 de
1042 1131 1109 1158 me
1142 1117 1246 1158 estis
1279 1117 1440 1182 opti-‘me

99 1174 259 1228 meriti,
301 1175 488 1241 gratiam
520 1176 722 1228 r,eferam
755 1190 881 1229 quam
915 1190 1040 1230 quem
1073 1173 1142 1217 ad
1158 1175 1333 1217 modum
1364 1176 1440 1216 ini-

99 1233 308 1275 micorum
340 1234 517 1275 iniurias
551 1209 932 1288 crudelitatemque
964 1248 1207 1289 per.sequa1
1263 1234 1438 1275 Etenim

44 1303 80 1328 20
99 1291 366 1333 ulciscendae
403 1293 582 1334 iniuriae
619 1293 786 1335 facilior
822 1293 934 1334 ratio
974 1295 1039 1333 est
1077 1308 1205 1346 quam
1242 1292 1440 1334 beneficii

98 1351 412 1404 remunerandi,
451 1354 679 1405 propterea
718 1351 830 1405 quod
868 1352 1129 1405 superiorem
1163 1365 1256 1391 esse
1289 1353 1439 1392 contra

97 1408 317 1462 improbos
362 1409 501 1450 minus
546 1411 611 1450 est
653 1409 816 1464 negotii
861 1424 988 1463 quam
1031 1409 1155 1450 bonis
1201 1409 1439 1463 exaequari.

100 1466 210 1508 Tum
261 1467 391 1508 etiam
441 1482 493 1508 ne
540 1471 629 1508 tam
673 1468 959 1509 necessarium
1004 1467 1173 1522 quidem
1219 1469 1283 1508 est
1327 1468 1438 1508 male

98 1525 263 1566 meritis
308 1540 437 1579 quam
481 1527 641 1579 optime
685 1526 848 1567 meritis
893 1525 1070 1579 referre,
1115 1525 1227 1580 quod
1272 1525 1437 1567 debeas.

45 1594 79 1620 25
100 1583 255 1625 Odium
299 1584 367 1625 vel
413 1585 612 1638 precibus
651 1585 842 1639 mitigari
880 1587 1025 1638 potest
1060 1585 1128 1625 vel
1169 1584 1436 1638 temporibus
1464 1605 1472 1613 -

97 1642 160 1683 rei
198 1642 394 1697 publicae
427 1643 724 1696 communique
754 1643 942 1684 utilitate
975 1643 1129 1697 deponi
1159 1643 1228 1684 vel
1262 1642 1438 1684 difficul-

97 1703 188 1742 tate
220 1701 450 1742 ulciscendi
482 1701 607 1742 leniri
638 1702 707 1742 vel
738 1703 953 1742 vetustate
986 1701 1142 1754 sedari,
1174 1701 1281 1742 bene
1314 1702 1437 1743 meri-

96 1761 166 1801 tos
198 1773 248 1801 ne
279 1760 412 1810 colas,
443 1774 520 1801 nec
553 1760 719 1801 exorari
749 1760 815 1801 fas
849 1762 931 1813 est,
962 1774 1098 1814 neque
1130 1759 1174 1800 id
1204 1760 1266 1801 rei
1297 1760 1437 1814 publi—

98 1832 171 1859 cae
215 1818 434 1859 remittere
478 1833 625 1859 verum
669 1832 803 1872 neque
847 1832 1018 1859 necesse
1064 1820 1146 1872 est,
1189 1832 1325 1872 neque
1371 1821 1436 1860 est

41 1886 78 1912 30
97 1877 313 1918 excusatio
353 1876 637 1929 difficultatis,
675 1891 810 1930 neque
850 1891 1031 1930 aequum
1070 1880 1135 1918 est
1166 1879 1361 1931 tempore
1395 1880 1436 1918 et

98 1934 164 1975 die
206 1935 457 1976 memoriam
498 1935 692 1976 beneficii
737 1935 922 1976 definire.
989 1934 1230 1987 Postremo,
1275 1935 1347 1988 qui
1391 1935 1436 1975 in

96 1992 338 2035 ulciscendo
370 1994 589 2035 remissior
620 1994 713 2046 fuit,
745 1993 789 2034 in
816 2008 863 2035 eo
890 2008 1058 2035 morum
1085 1994 1295 2048 asperitas
1322 1995 1435 2033 certe

95 2065 178 2092 non
213 2051 553 2105 reprehenditur,
594 2055 638 2093 at
676 2052 931 2106 gravissime
963 2052 1249 2106 vituperatur,
1287 2051 1359 2105 qui
1390 2051 1435 2092 in

96 2109 229 2150 tantis
261 2110 495 2164 beneficiis,
529 2113 689 2164 quanta
721 2124 795 2151 vos
829 2111 873 2151 in
905 2125 971 2151 me
1003 2109 1262 2161 contulistiS,
1294 2123 1433 2150 remu-

42 2167 293 2208 3511erandis
346 2170 410 2208 est
458 2169 639 2222 tardior,
688 2183 825 2222 neque
870 2169 1010 2210 solum
1054 2169 1269 2223 ing1·atUS,
1321 2167 1434 2221 quod

94 2225 236 2279 ipsum
275 2239 405 2280 grave
438 2229 520 2280 est,
557 2242 704 2268 verum
737 2228 866 2268 etiam
898 2227 1055 2281 impius
1090 2225 1332 2280 appelletur
1363 2239 1433 2266 ne-

96 2297 212 2325 cesse
245 2290 320 2324 est.
373 2284 535 2338 [Atque
566 2285 612 2326 in
645 2285 784 2327 officio
811 2285 1091 2340 persolvendo
1120 2283 1340 2324 dissimilis
1368 2286 1432 2324 est

1466 1059 1510 1090 22
