1619 2542
81 379 124 410 10

103 1011 130 1053 5

83 1489 122 1519 11

152 95 235 136 192
454 94 518 130 DE
544 94 667 130 LEGE
694 93 910 130 AGRARIA
937 93 1113 129 ORATIO
1139 93 1184 129 ΙΙ.

150 191 276 233 minis
309 191 453 245 vestri,
485 191 619 232 otium
653 190 949 244 domesticum,
981 190 1163 244 denique
1196 191 1350 245 omnia,
1383 206 1491 245 quae

150 250 272 292 vobis
318 264 416 291 cara
461 253 588 304 atque
634 249 778 303 ampla
817 252 934 303 sunt,
977 249 1023 290 in
1058 249 1186 290 fidem
1225 252 1268 290 et
1306 250 1490 303 quodam

150 308 276 350 modo
325 308 370 349 in
413 308 699 362 patrocinium
744 307 829 348 mei
872 307 1118 349 consulatus
1164 322 1256 349 esse
1301 308 1490 349 collata?

151 367 299 421 Neque
333 366 456 420 enim,
489 365 689 418 Quirites,
720 365 827 406 illud
860 366 980 407 vobis
1008 366 1236 407 iucundum
1262 368 1337 408 aut
1361 380 1492 421 popu-

150 426 240 467 lare
285 425 411 466 debet
446 425 597 478 videri,
639 424 814 479 largitio
860 424 1004 478 aliqua
1048 425 1343 479 promulgata,
1384 435 1526 480 quae5

149 484 291 525 verbis
336 484 543 525 ostentari
587 485 749 536 potest,
792 497 836 523 re
880 497 981 524 vera
1022 483 1116 524 fieri
1157 483 1241 524 nisi
1282 483 1489 526 exhausto

152 542 318 583 aerario
350 542 470 582 nullo
503 544 628 595 pacto
661 543 823 595 potest,
860 556 997 595 neque
1022 556 1123 583 vero
1155 541 1233 583 illa
1263 542 1490 597 popularia

151 604 250 641 sunt
294 600 595 654 existimanda,
638 600 893 641 iudiciorum
939 600 1303 654 perturbationes,
1347 615 1490 642 rerum

150 659 433 700 iudicatarum
466 659 790 712 infirmationes,
822 658 1040 699 restitutio
1074 659 1386 712 damnatorum,
1418 659 1491 714 qui

151 717 373 758 civitatum
409 717 677 758 adflictarum
710 717 888 771 perditis
920 717 1007 758 iam
1039 717 1165 758 rebus
1198 717 1377 758 extremi
1409 717 1490 758 exi·
1510 728 1542 754 1(

149 776 308 817 tiorum
342 776 480 817 solent
518 790 609 816 esse
647 775 802 829 exitus3
841 790 934 829 nec,
976 775 1012 817 si
1049 776 1121 830 qui
1159 790 1287 831 agros
1329 777 1489 830 populo

149 834 344 876 Romano
358 835 627 888 pollicentur,
649 834 684 874 si
705 834 819 875 aliud
835 834 1035 888 quiddam
1051 835 1228 876 obscure
1244 834 1491 888 moliuntur,

151 893 266 934 aliud
299 908 373 947 spe
405 908 453 934 ac
486 893 624 947 specie
657 892 946 934 simulationis
980 895 1218 947 ostentant,
1259 893 1489 948 populares

151 951 425 992 existimandi
458 955 568 992 sunt

238 1009 364 1063 Nam,
389 1024 487 1051 vere
514 1009 664 1062 dicam,
691 1008 890 1061 Quirites,
917 1024 1050 1064 genus
1076 1010 1218 1075 ipsum
1238 1010 1347 1063 legis
1368 1024 1489 1066 agra·
1510 1020 1543 1046 15

149 1069 237 1109 riae
269 1043 513 1122 vitiiperare
538 1082 625 1108 non
650 1082 838 1122 possum.
876 1067 1007 1109 Venit
1034 1070 1148 1109 enim
1175 1068 1317 1109 mihi
1306 1083 1351 1109 m
1377 1083 1489 1109 men

148 1130 236 1168 tem
276 1126 380 1167 duos
420 1126 700 1179 clarissimos,
738 1126 1126 1181 ingeniosissimos,
1170 1126 1488 1168 amantissimos

148 1184 291 1239 plebei
322 1185 541 1226 Romanae
574 1185 706 1237 viros,
746 1183 964 1225 Tiberium
996 1187 1039 1225 et
1071 1184 1226 1225 Gaium
1259 1184 1489 1239 Gracchos,

149 1243 320 1298 plebem
352 1244 396 1283 in
428 1243 542 1297 agris
575 1242 758 1296 publicis
792 1243 1078 1296 constituisse,
1117 1243 1190 1297 qui
1222 1243 1316 1297 agri
1347 1258 1372 1284 a
1402 1243 1486 1298 pri—

150 1302 263 1343 vatis
305 1304 433 1343 antea
470 1301 814 1356 possidebantur.
875 1301 976 1343 Non
1015 1316 1109 1342 sum
1148 1304 1292 1342 autem
1332 1315 1412 1356 ego
1449 1302 1487 1343 is
1509 1312 1542 1337 20

152 1360 318 1413 consul,
351 1360 434 1414 qui,
466 1363 514 1401 ut
544 1360 749 1414 plerique,
779 1359 899 1401 nefas
933 1374 1024 1401 esse
1057 1360 1241 1401 arbitrer
1273 1359 1488 1402 Gracchos

150 1418 342 1469 laudare,
385 1433 566 1473 quorum
604 1418 811 1469 consiliis,
855 1419 1083 1473 sapientia,
1121 1418 1290 1474 legibus
1329 1419 1487 1460 multas

152 1491 243 1518 esse
275 1477 398 1518 video
430 1477 492 1518 rei
523 1477 718 1531 publicae
750 1477 887 1531 partis
920 1477 1191 1519 constitutas.
1247 1477 1410 1531 Itaque,
1441 1479 1490 1518 ut

150 1535 274 1577 initio
307 1535 414 1576 mihi
440 1535 664 1589 designato
697 1536 863 1577 consuli
894 1535 1173 1577 nuntiabatur
1198 1535 1345 1591 legem
1365 1549 1487 1591 agra-

150 1594 259 1634 riam
284 1594 481 1635 tribunos
507 1594 647 1648 plebis
674 1594 922 1649 designatos
948 1595 1226 1648 conscribere,
1253 1594 1488 1648 cupiebam,
1509 1605 1547 1630 25

153 1651 254 1705 quid
287 1653 541 1707 cogitarent,
573 1667 848 1708 cognoscere,
881 1653 1038 1694 etenim
1072 1653 1327 1706 arbitrabar,
1359 1666 1488 1706 quon-

150 1710 236 1750 iam
281 1711 428 1751 eodem
473 1725 583 1752 anno
629 1711 803 1766 gerendi
846 1711 972 1752 nobis
1017 1714 1158 1752 essent
1196 1710 1487 1764 magistratus,

153 1782 243 1809 esse
288 1768 477 1822 aliquam
521 1774 717 1823 oportere
762 1770 874 1810 inter
916 1783 994 1810 nos
1038 1769 1100 1810 rei
1143 1768 1338 1822 publicae
1381 1768 1488 1809 bene

154 1826 515 1868 administrandae
555 1828 815 1869 societatem.
878 1826 986 1869 Cum
1025 1827 1297 1868 familiariter
1336 1840 1403 1868 me
1442 1826 1487 1867 in

152 1898 298 1925 eorum
325 1899 563 1926 sermonem
588 1886 848 1927 insinuarem
875 1901 923 1927 ac
949 1886 1104 1938 darem,
1136 1885 1317 1938 celabar,
1349 1885 1487 1927 exclu-
1507 1896 1542 1921 30

153 1942 296 1994 debar,
322 1945 376 1996 et,
403 1958 498 1984 cum
525 1944 805 1998 ostenderem,
833 1944 868 1985 si
894 1945 962 1985 lex
987 1943 1106 1984 utilis
1132 1943 1248 1997 plebi
1269 1943 1487 1984 Romanae

153 2000 261 2042 mihi
289 2001 513 2053 videretur,
540 2004 756 2043 auctorem
784 2017 850 2043 me
877 2005 1004 2056 atque
1025 2001 1263 2042 adiutorem
1281 2001 1487 2055 futurum,

152 2062 299 2101 tamen
331 2060 672 2113 aspernabantur
703 2060 813 2101 hanc
838 2060 1145 2101 liberalitatem
1172 2074 1327 2113 meam,
1359 2074 1486 2115 nega—

151 2118 258 2159 bant
284 2132 350 2158 me
377 2117 527 2158 adduci
553 2132 690 2171 posse,
716 2121 764 2159 ut
790 2119 921 2159 ullam
947 2118 1223 2173 largitionem
1250 2119 1487 2172 probarem.

151 2175 302 2217 Finem
340 2175 421 2217 feci
454 2176 657 2216 offerendi
690 2177 789 2229 mei,
825 2191 878 2217 ne
908 2176 1019 2217 forte
1051 2190 1144 2217 mea
1176 2177 1380 2218 sedulitas
1413 2179 1486 2218 aut
1506 2186 1539 2213 35

151 2234 358 2275 insidiosa
389 2237 462 2275 aut
492 2234 715 2288 impudens
741 2234 967 2275 videretur.
1006 2233 1175 2275 Interea
1199 2248 1286 2276 non
1313 2235 1485 2276 desiste-

152 2292 258 2333 bant
295 2293 405 2333 clam
442 2292 554 2332 inter
595 2306 638 2332 se
671 2293 914 2346 convenire,
951 2293 1143 2346 privatos
1177 2293 1384 2347 quosdam
1417 2292 1485 2334 ad-
