1619 2542
569 88 670 122 GAP.
700 92 788 122 1-3
815 91 834 130 ξ
861 91 963 122 2—7.
1372 88 1427 129 39

90 199 171 240 que
197 187 479 239 praestarem3
513 198 619 238 quae
645 199 741 226 cum
767 186 867 225 sunt
891 184 935 225 in
961 186 1105 226 actore
1131 199 1295 238 causae,
1320 184 1429 225 nihil

92 246 167 298 est,
193 244 237 284 in
263 258 307 284 re
333 244 585 299 praesertim
612 246 759 298 aperta
786 258 834 285 ac
860 243 1056 298 simplici,
1083 243 1196 297 qued
1216 243 1429 285 excellens

90 303 309 358 ingenium
341 302 594 357 requiratur.
647 301 728 343 Sed
754 317 849 343 011111
876 303 926 343 de
952 316 1001 344 eo
1029 302 1134 343 mihi
1165 302 1256 343 iure
1290 302 1429 343 dicen-

92 362 190 402 dum
223 361 292 413 sit,
324 360 437 415 quod
467 361 681 414 pertineat
712 361 765 402 ad
797 375 962 412 omnes,
995 361 1190 416 quodque
1224 361 1429 403 constitu-

57 432 73 457 5
93 424 182 461 tum
209 420 266 461 sit
286 434 311 460 a
330 419 577 470 maioribus,
603 422 903 461 conservatum
923 434 1055 474 usque
1076 420 1130 461 ad
1149 420 1230 461 hoc
1249 423 1432 474 tempus,

94 493 175 533 quo
215 478 384 519 sublato
422 492 509 519 non
550 478 688 520 solum
730 493 831 533 pars
872 478 1016 532 aliqua
1056 479 1160 520 iuris
1204 479 1432 531 deminuta,

93 537 335 579 sedetiam
372 536 437 577 vis
475 551 541 590 ea,
581 551 688 591 quae
726 537 808 578 iuri
846 538 1030 578 maxime
1068 540 1134 579 est
1174 537 1431 589 adversaria,

92 595 245 637 iudicio
279 595 532 637 confirmata
564 610 656 637 esse
689 595 895 649 videatur,
927 596 1049 637 video
1082 597 1239 638 summi
1270 596 1429 652 ingenii

92 669 265 697 causam
291 668 396 708 esse,
419 668 506 696 non
530 656 579 695 ut
598 654 641 695 id
668 653 995 707 demonstretur,
1022 655 1134 709 quod
1161 658 1259 696 ante
1286 655 1431 696 0011103

41 727 73 751 ιο
94 716 175 767 est,
213 713 285 755 sed
322 727 392 767 ne,
431 713 467 754 si
505 712 599 767 quis
638 713 761 755 vobis
800 728 917 755 error
955 714 998 754 in
1035 717 1158 755 tanta
1195 728 1240 755 re
1272 714 1329 755 sit
1361 714 1435 755 ob·

93 773 237 825 iectus,
269 786 416 813 omnes
448 772 591 826 potius
624 786 692 813 me
724 772 986 813 arbitrentur
1019 787 1170 814 0011300
1203 788 1331 827 quam
1356 787 1433 814 vos

93 831 293 886 religioni
332 832 501 872 vestrae
544 829 739 872 defuisse.
802 830 1071 885 Quamquam
1113 845 1191 886 ego
1230 831 1336 872 mihi
1374 832 1433 873 310
1460 842 1483 874 6

91 890 344 945 persuadeo,
381 892 721 944 recuperatores,
757 904 844 931 non
881 904 957 931 vos
997 893 1087 931 tam
1119 894 1297 945 propter
1328 890 1433 931 iuris

93 949 317 990 obscuram
338 948 595 1003 dubiamque
615 949 827 990 rationem
852 948 919 990 bis
945 949 1032 990 iam
1058 948 1108 990 de
1135 949 1282 990 eadem
1308 963 1437 991 001130

41 1020 73 1044 15
94 1007 312 1049 dubitasse
360 1021 507 1061 quam,
554 1007 666 1062 quod
707 1008 923 1048 videretur
964 1008 1018 1049 ad
1059 1022 1271 1050 summam
1318 1008 1435 1049 1111113

94 1066 456 1108 existimationem
481 1066 562 1108 hoc
587 1066 790 1108 iudicium
815 1066 1041 1121 pertinere,
1068 1082 1234 1108 moram
1261 1067 1314 1108 ad
1340 1081 1436 1108 0011-

95 1125 378 1166 demnandum
416 1125 633 1179 quaesisse
671 1125 799 1166 simul
839 1128 881 1166 et
917 1125 982 1166 illi
1020 1126 1208 1191 spatium
1246 1126 1298 1167 ad
1345 1140 1436 1167 sese

94 1183 384 1239 colligendum
411 1183 586 1226 dedisse
637 1183 760 1232 Quod
786 1184 988 1238 quoniam
1020 1184 1106 1226 iam
1137 1185 1183 1226 in
1214 1187 1435 1226 consuetu-

95 1242 236 1283 dinem
268 1242 385 1283 venit
417 1244 459 1283 et
490 1242 534 1283 id
559 1242 640 1284 viri
665 1242 766 1284 boni
792 1243 926 1284 vestri
953 1243 1153 1285 similes
1141 1258 1186 1284 111
1211 1243 1436 1285 iudicando

42 1314 75 1338 20
95 1301 275 1355 faciunt,
315 1301 708 1355 reprehendendum
747 1301 932 1342 fortasse
974 1302 1133 1355 minus,
1175 1302 1437 1356 querendum

95 1374 193 1401 vero
232 1359 370 1414 magis
409 1359 540 1401 etiam
578 1360 764 1413 videtur,
806 1360 900 1401 ideo
942 1360 1056 1414 quod
1097 1361 1241 1401 omnia
1280 1360 1437 1402 iudicia-

96 1421 169 1459 aut
213 1418 587 1460 distrahendarum
639 1419 1029 1460 controversiarum
1081 1421 1155 1460 aut
1205 1419 1437 1474 puniendo-

96 1491 190 1517 rum
216 1477 522 1518 maleficiorum
548 1491 677 1518 causa
702 1480 875 1531 reperta
901 1480 1012 1529 sunt,
1045 1491 1225 1532 quorum
1252 1478 1436 1519 alterum

97 1535 233 1576 levius
267 1538 342 1588 est,
374 1538 603 1589 propterea
631 1536 743 1590 quod
770 1538 812 1576 et
839 1535 977 1576 minus
1006 1536 1138 1577 laedit
1164 1539 1207 1577 et
1232 1551 1437 1591 persaepe

43 1606 76 1631 25
98 1593 383 1647 disceptatore
416 1593 649 1635 domestico
689 1593 961 1645 diiudicatur,
999 1595 1184 1636 alterum
1217 1598 1283 1636 est
1315 1595 1436 1636 vehe-

97 1652 428 1705 mentissimum,
473 1652 585 1706 quod
627 1654 669 1693 et
711 1652 764 1693 ad
804 1653 1022 1706 graviores
1063 1667 1130 1694 res
1168 1654 1356 1708 pertinet
1394 1657 1436 1695 et

96 1726 181 1752 non
213 1710 489 1752 honorariam
516 1725 689 1765 operam
716 1711 853 1764 amici,
886 1711 959 1752 sed
985 1712 1259 1753 severitatem
1285 1712 1435 1755 iudicis

98 1784 145 1811 00
176 1770 264 1810 vim
295 1769 493 1823 requirit3
528 1769 639 1823 quod
671 1772 737 1810 est
769 1769 959 1824 gravius,
991 1773 1033 1811 et
1064 1771 1182 1813 cuius
1214 1771 1276 1813 rei
1309 1786 1437 1813 001130
1460 1784 1481 1813 7

97 1828 280 1869 maxime
306 1827 462 1869 iudicia
488 1827 725 1869 constituta
752 1831 862 1880 sunt,
894 1828 937 1869 id
962 1828 1046 1870 iam
1074 1830 1188 1871 mala
1214 1833 1436 1872 consuetu-

44 1887 194 1927 30011110
236 1886 490 1942 dissolutum
531 1889 607 1927 est.
668 1885 780 1927 Nam
822 1889 869 1928 ut
911 1902 1101 1943 quaeque
1140 1902 1207 1929 res
1247 1891 1312 1930 est
1349 1891 1436 1930 tur*

97 1945 292 2000 pissima,
333 1946 394 1987 sic
435 1945 619 1986 maxime
658 1948 700 1986 et
737 1945 1023 1988 maturissime
1064 1947 1318 1989 vindicanda
1359 1950 1436 2001 est,

99 2006 144 2045 at
170 2003 328 2057 eadem,
355 2004 454 2057 quia
481 2004 811 2045 existimationis
832 2005 1066 2058 periculum
1089 2009 1165 2059 est,
1191 2005 1436 2047 tardissime

97 2062 318 2103 iudicatur.
380 2062 462 2110 Qui
493 2062 627 2117 igitur
666 2062 880 2116 convenit,
921 2078 1028 2117 quae
1061 2078 1189 2105 causa
1220 2063 1352 2105 fuerit
1383 2064 1436 2105 ad
1460 2067 1488 2108 3

98 2120 441 2161 constituendum
472 2120 685 2171 iudicium,
718 2121 894 2162 eandem
927 2137 1090 2164 moram
1124 2136 1215 2164 esse
1249 2122 1301 2163 ad
1332 2122 1436 2163 iudi-

47 2188 79 2215 35
99 2177 310 2219 candum?
372 2177 416 2219 Si
462 2180 555 2234 quis
595 2179 694 2233 quid
732 2179 979 2234 spopondit,
1018 2195 1101 2235 qua
1152 2181 1196 2221 in
1227 2194 1272 2221 re
1305 2181 1434 2222 verbo

99 2251 142 2278 se
175 2236 385 2290 obligavit
416 2252 511 2291 uno,
544 2239 581 2278 si
610 2238 654 2278 id
685 2252 771 2278 11011
801 2237 927 2291 facit,
957 2242 1125 2280 maturo
1158 2238 1312 2280 iudicio
1346 2239 1436 2280 sine

98 2295 187 2336 ulla
226 2294 430 2350 religione
467 2295 617 2337 iudicis
656 2295 980 2350 condemnatum
1025 2298 1097 2351 qui
1140 2311 1215 2351 per
1254 2297 1436 2339 tutelam
