1619 2542
543 76 644 112 CAP.
673 80 810 112 20—23
839 80 857 119 0
884 80 1034 111 42—46.
1376 74 1463 117 319

120 189 267 217 omnes
312 173 402 216 fere
446 173 595 215 domos
641 173 831 214 omnium
877 174 1132 214 concursent
1172 174 1214 213 et
1253 186 1303 213 ex
1341 172 1466 213 vultu

120 233 446 277 candidatorum
483 233 770 274 coniecturam
807 231 986 286 faciant,
1038 233 1247 286 quantum
1286 230 1464 285 quisque

122 293 252 335 animi
291 296 332 335 et
357 291 578 334 facultatis
603 291 762 332 habere
788 290 994 332 videatur.
1039 290 1242 333 ‘Videsne
1268 292 1316 331 tu
1340 289 1465 330 illum
1491 300 1535 330 45

121 352 311 405 tristem,
361 350 621 392 demissum?
677 350 805 402 iacet,
856 348 1029 403 diffidit,
1081 349 1238 390 abiecit
1286 347 1464 390 hastas’

87 422 102 447 5
124 410 266 465 Serpit
290 409 361 452 1110
386 423 544 450 rumor.
578 406 684 450 ‘Scis
710 412 759 449 10
778 383 904 449 illum
925 408 1242 450 accusationem
1264 407 1468 462 cogitare,

73 716 105 740 10

75 1009 107 1035 15

77 1304 110 1329 ‘20

83 1889 116 1915 30

85 2181 118 2207 35

123 469 336 525 inquirere
381 468 427 509 in
474 467 797 533 competitores
841 467 968 508 testis
1013 466 1245 522 quaerere?
1318 465 1467 507 Α110111

122 528 290 579 faciam,
323 527 524 582 quoniam
554 526 637 568 sibi
663 526 770 567 1110
758 540 850 579 ipse
878 525 1103 580 desperat?
1147 525 1253 567 Eius
1280 524 1397 566 modi
1421 526 1469 566 de

126 587 353 630 candidato
374 600 545 627 rumore
566 585 691 627 amici
711 584 854 626 intimi
869 584 1163 638 debilitantur,
1184 583 1325 626 studia
1340 584 1467 639 depo-

125 648 251 700 nunt3
290 647 365 687 aut
405 645 552 686 statim
590 658 681 686 rem
720 643 913 685 abiciunt
951 646 1025 685 aut
1064 658 1184 685 suam
1217 657 1392 697 operam
1425 644 1468 683 et

126 678 314 761 gratiam
368 703 524 746 iudicio
576 705 618 744 et
668 702 928 744 accusationi
977 704 1211 744 reservant
1289 701 1467 743 Accedit
1482 700 1539 742 22

125 763 285 817 eodem,
317 765 364 804 ut
395 763 527 804 etiam
558 762 651 816 ipse
677 761 928 803 candidatus
954 762 1094 802 totum
1121 760 1315 802 animum
1340 762 1468 814 atque

127 836 298 865 omnem
336 835 714 876 curam,-·ope1am
747 820 1114 885 diligentiamque
1133 833 1255 860 suam
1286 819 1331 859 in
1362 818 1469 872 peti-

126 882 243 923 tione
268 895 355 922 non
379 855 519 935 possit
543 894 714 934 ponere
758 878 1024 933 Adiungitur
1050 878 1163 919 enim
1184 877 1469 919 accusationis

128 939 354 1006 cogitatio,
389 953 475 980 non
512 953 646 993 parva
676 952 763 991 res,
801 937 875 979 sed
911 937 1114 978 nimirum
1154 937 1346 978 omnium
1383 950 1469 977 ma·

127 999 254 1040 xima
321 997 529 1053 Magnum
573 999 640 1039 est
683 971 795 1038 0111111
833 998 876 1037 te
915 1010 1164 1050 comparare
1203 1009 1270 1049 ea,
1316 994 1469 1049 quibus

126 1057 266 1112 possis
310 1057 526 1099 hominem
569 1070 590 1097 e
635 1055 827 1109 civitate,
871 1055 1126 1110 praesertim
1155 1068 1257 1096 non
1298 1054 1470 1108 inopem

128 1130 265 1171 neque
295 1115 526 1169 infirmum,
560 1114 800 1168 exturbare,
833 1114 905 1168 qui
938 1116 980 1155 et
1011 1128 1087 1168 per
1120 1127 1163 1155 se
1197 1115 1239 1154 et
1270 1127 1344 1167 per
1371 1126 1470 1153 suos

130 1178 172 1217 et
209 1189 311 1217 vero
350 1175 480 1216 etiam
517 1188 594 1229 per
633 1173 795 1215 alienos
835 1171 1099 1214 defendatur.
1161 1170 1319 1213 Omnes
1359 1170 1471 1212 enim

131 1234 184 1275 ad
209 1233 400 1288 pericula
419 1232 712 1288 propulsanda
738 1231 1030 1273 concurrimus
1052 1233 1105 1284 et,
1125 1230 1197 1284 qui
1217 1245 1305 1272 non
1324 1231 1472 1283 aperte

130 1292 291 1334 inimici
330 1306 494 1346 sumus,
533 1291 664 1332 etiam
703 1289 976 1332 alienissimis
1008 1289 1053 1330 in
1083 1289 1237 1343 capitis
1269 1287 1470 1342 periculis

131 1351 484 1393 amicissimorum
532 1349 673 1391 officia
717 1351 760 1390 et
801 1348 944 1389 studia
981 1349 1264 1402 praestamus.
1332 1345 1471 1394 Quare
1497 1355 1542 1386 46

131 1423 210 1465 ego
255 1412 453 1464 expertus
498 1411 540 1449 et
583 1407 755 1462 petendi
793 1409 836 1448 et
877 1405 1128 1447 defendendi
1166 1407 1209 1446 et
1247 1404 1473 1446 accusandi

132 1467 376 1520 molestiam
408 1468 468 1509 sic
496 1465 702 1519 intellexi,
733 1465 778 1505 in
808 1464 992 1520 petendo
1025 1463 1215 1505 studium
1242 1477 1334 1504 esse
1360 1477 1472 1504 acer-

131 1527 300 1580 rimum,
332 1527 377 1567 in
408 1524 668 1566 defendendo
702 1523 900 1577 officium,
931 1522 976 1563 in
1002 1521 1240 1564 accusando
1267 1522 1474 1563 laborem.

80 1602 94 1622 ·.
132 1585 283 1639 Itaque
328 1584 387 1626 sic
431 1586 594 1636 statuo,
637 1581 730 1624 fieri
766 1582 886 1623 nullo
925 1581 1051 1623 modo
1089 1594 1232 1635 posse,
1275 1583 1323 1621 ut
1360 1579 1474 1621 idem

134 1643 447 1686 accusationem
480 1645 523 1683 et
547 1641 800 1697 petitionem
826 1640 1073 1682 consulatus
1101 1638 1329 1704 diligenter
1355 1638 1474 1680 ador-

132 1705 206 1744 net
251 1704 377 1757 atque
419 1701 618 1742 instruat.
685 1698 828 1741 Unum
873 1698 1082 1740 sustinere
1119 1697 1245 1753 pauci
1280 1700 1474 1752 possunt,

133 1764 362 1815 utrumque
400 1774 539 1802 nemo.
599 1758 664 1799 Tu
701 1772 797 1800 cum
836 1760 879 1798 te
918 1757 968 1798 de
1006 1756 1214 1798 curriculo
1252 1755 1474 1810 petitionis

136 1819 378 1861 deflexisses
424 1819 695 1871 animumque
740 1816 793 1858 ad
838 1815 1119 1858 accusandum
1163 1814 1475 1867 transtulisses,

135 1879 171 1920 si
214 1877 471 1920 existimasti
511 1880 554 1918 10
596 1875 765 1929 utrique
802 1874 976 1928 negotio
1016 1874 1122 1916 satis
1159 1873 1299 1915 facere
1336 1887 1474 1928 posse,

135 1936 410 1978 vehementer
441 1935 606 1977 errasti.
669 1932 771 1982 Quis
804 1933 917 1974 enim
949 1932 1037 1974 dies
1067 1932 1160 1986 fuit,
1191 1934 1473 1986 posteaquam

137 1995 182 2036 in
212 1995 342 2036 istam
369 1994 597 2037 accusandi
624 1992 990 2034 denuntiationem
1014 1991 1232 2046 ingressus
1259 2004 1316 2044 es,
1348 2003 1473 2045 quem

136 2056 185 2094 tu
221 2067 307 2095 non
346 2055 487 2095 totum
518 2053 564 2094 in
594 2052 678 2093 ista
709 2051 876 2092 ratione
908 2048 1252 2104 consumpseris?
1313 2046 1472 2102 Legem
1487 2047 1544 2088 23

138 2111 324 2153 ambitus
367 2111 594 2167 flagitasti,
638 2123 744 2164 quae
786 2108 867 2150 tibi
903 2123 990 2150 non
1027 2108 1188 2161 deerat,
1232 2108 1324 2148 erat
1361 2106 1473 2147 enim

141 2169 407 2211 severissime
439 2170 600 2224 scripta
631 2167 875 2221 Calpurnia
925 2166 1083 2208 Gestus
1117 2169 1181 2208 est
1212 2179 1304 2206 mos
1337 2166 1379 2205 et
1405 2178 1473 2205 vo-

137 2228 297 2270 luntati
323 2230 365 2269 et
384 2228 586 2283 dignitati
606 2230 716 2269 tuae.
761 2224 843 2267 Sed
862 2227 957 2267 tota
975 2226 1054 2267 illa
1072 2226 1140 2266 lex
1161 2222 1473 2266 accusationem

137 2290 275 2341 tua-m,
314 2285 351 2328 si
388 2286 567 2328 haberes
600 2286 824 2328 nocentem
855 2298 994 2340 reum,
1030 2284 1215 2326 fortasse
1248 2283 1472 2331 armasset3
