1619 2542
532 89 631 125 CAP.
657 94 771 125 9—11
798 95 816 134 ξ
842 95 990 126 26—31.
1279 94 1283 98 ·
1357 91 1437 131 111

97 186 350 228 monstratis
383 186 658 228 vehementer
700 201 790 229 6336
829 189 1077 229 commotos.
1140 185 1232 235 Quo
1264 187 1438 229 tandem

95 245 230 301 igitur
276 246 418 287 animo
462 245 594 287 fuisse
633 246 734 287 illos
774 246 1064 300 arbitramini,
1102 246 1256 300 quibus
1295 246 1348 287 iis
1386 246 1437 288 de

95 304 221 346 rebus
259 319 345 345 non
384 304 510 346 modo
550 302 806 346 audiendum
844 305 943 360 fuit,
980 319 1128 347 verum
1171 305 1300 346 etiam
1331 305 1437 346 iudi-

97 364 312 404 candum?
374 362 463 404 Vos
509 363 667 404 auditis
712 364 761 404 de
802 378 870 418 eo,
910 364 955 405 in
993 378 1117 419 quem
1155 364 1313 405 iudices
1350 379 1438 405 non

59 422 218 476 fiestis,
257 422 306 462 de
345 436 411 475 eo,
451 436 575 475 quem
612 436 698 463 non
731 423 900 476 videtis,
939 422 988 463 de
1028 437 1094 477 eo,
1133 438 1258 477 quem
1298 422 1438 464 odisse

95 481 180 522 iam
218 495 304 521 non
341 480 543 535 potestis,
582 480 631 521 de
672 495 740 534 eo,
782 482 853 535 qui
891 483 934 522 et
970 484 1150 522 naturae
1189 485 1230 523 et
1267 482 1436 535 legibus

96 539 200 580 satis
232 539 345 593 fecit,
377 553 503 593 quem
534 539 652 594 leges
686 540 847 593 exsilio,
878 543 1034 581 natura
1059 542 1198 582 morte
1223 541 1437 595 multavit,

96 598 252 639 auditis
283 612 371 639 non
403 598 456 639 ab
488 598 681 651 inimico,
721 598 876 639 auditis
910 599 1001 640 sine
1033 599 1234 652 testibus,
1266 599 1436 655 auditis,

95 672 191 699 cum
224 672 284 710 ea,
317 671 423 710 quae
450 656 744 711 copiosissime
771 657 853 699 dici
879 660 1072 712 possunt,
1104 658 1291 700 breviter
1317 674 1341 700 a
1368 674 1435 700 me

42 727 74 752 10
95 716 364 770 strictimque
408 715 624 769 dicuntur,
668 716 735 756 illi
783 716 1012 757 audiebant
1056 717 1106 757 de
1151 731 1217 771 eo,
1262 717 1311 758 de
1351 732 1434 771 quo

94 775 224 816 iurati
257 773 492 815 sententias
524 773 635 815 ferre
662 774 887 829 debebant,
911 775 971 830 ‘de
998 790 1059 829 60,
1092 776 1211 817 66163
1238 790 1434 830 praesen-

94 833 150 874 tis
182 832 391 874 nefarium
423 835 465 873 et
497 834 831 875 consceleratum
863 834 1030 875 vultum
1063 835 1354 888 intuebantur,
1385 835 1435 876 de

95 906 157 946 60,
183 907 307 946 quem
334 891 513 933 oderant
538 894 716 947 propter
744 893 978 947 audaciam,
1011 893 1061 934 de
1083 907 1143 947 eo,
1171 908 1297 947 quem
1318 893 1434 934 omni

95 951 303 1005 supplicio
343 950 521 1006 dignum
559 965 651 992 esse
696 951 926 1006 ducebant,
967 952 1199 993 audiebant
1231 953 1283 993 ab
1317 967 1434 994 accu-

41 1021 73 1045 15
95 1010 329 1063 satoribus,
368 1009 600 1051 audiebant
631 1010 761 1051 verba
792 1011 1026 1052 multorum
1058 1011 1254 1065 testium,
1293 1011 1433 1052 audie—

93 1069 215 1122 bant,
253 1083 348 1110 cum
379 1083 464 1109 una
497 1083 662 1123 quaque
696 1069 745 1110 de
777 1084 822 1110 re
855 1084 880 1111 a
911 1069 956 1111 P.
989 1068 1221 1124 Cannutio,
1259 1070 1432 1111 homine

94 1127 465 1181 eloquentissimo,
514 1128 704 1182 graviter
754 1130 796 1169 et
847 1128 917 1169 diu
968 1128 1190 1170 diceretur.
1265 1128 1323 1170 Et
1368 1131 1433 1170 est

95 1186 338 1241 quisquam,
380 1186 451 1240 qui
483 1201 580 1227 cum
611 1186 715 1228 haec
747 1187 1014 1242 cognoverit,
1054 1187 1263 1241 suspicari
1295 1188 1434 1242 possit

95 1244 376 1300 Oppianicum
413 1244 568 1286 iudicio
608 1259 861 1300 oppressum
900 1248 942 1286 et
975 1246 1310 1287 circumventum
1343 1261 1434 1288 esse

42 1314 74 1339 20
93 1303 393 1345 innocentem?

183 1362 430 1404 Acervatim
461 1362 548 1404 iam
579 1363 761 1417 reliqua,
799 1363 978 1417 iudices,
1014 1363 1170 1417 dicam,
1207 1366 1256 1405 ut
1288 1364 1340 1404 ad
1373 1379 1433 1417 66,

96 1435 203 1475 quae
252 1421 456 1475 propiora
504 1421 678 1462 huiusce
730 1436 880 1463 causae
924 1425 966 1463 et
1011 1422 1275 1463 adiunctiora
1323 1425 1433 1474 sunt,

94 1479 351 1533 perveniam.
405 1478 496 1520 Vos
545 1494 700 1533 quaeso
739 1481 946 1521 memoria
983 1480 1164 1520 teneatis
1203 1495 1288 1522 non
1326 1481 1433 1521 mihi

95 1538 175 1579 hoc
201 1551 292 1578 esse
312 1538 593 1591 propositum,
618 1540 666 1578 ut
687 1552 879 1579 accusem
900 1538 1181 1592 Oppianicum
1202 1541 1431 1593 mortuum,

0 1622 1 1626 =
43 1607 75 1632 25
97 1597 181 1650 sed,
214 1610 309 1638 66111
334 1595 416 1637 1106
441 1595 695 1649 persuadere
721 1596 844 1637 vobis
870 1597 1011 1650 velim,
1042 1597 1244 1638 iudicium
1271 1598 1324 1639 ab
1350 1598 1431 1640 hoc

93 1669 180 1696 non
211 1669 301 1696 esse
334 1657 593 1708 corruptum,
624 1654 706 1696 1106
736 1655 801 1695 uti
831 1655 956 1697 initio
984 1670 1032 1696 ac
1056 1655 1333 1698 fundamento
1361 1657 1430 1697 de-

94 1713 318 1766 fensionis,
362 1711 661 1767 Oppianicum,
704 1713 922 1754 hominem
966 1714 1342 1756 sceleratissimum
1387 1718 1430 1757 et

94 1772 463 1825 nocentissimum,
521 1785 612 1812 esse
669 1771 928 1813 damnatum.
1015 1771 1096 1821 Qui
1151 1774 1274 1815 uxori
1329 1789 1430 1816 suae

96 1830 333 1881 Cluentiae,
380 1844 487 1884 quae
529 1830 662 1871 amita
704 1830 830 1871 huius
870 1830 1021 1872 Habiti
1060 1831 1160 1885 fuit,
1202 1847 1297 1874 cum
1338 1833 1429 1888 ipse

41 1900 75 1925 30
94 1890 295 1944 poculum
327 1889 532 1942 (ledisset,
565 1889 707 1930 subito
739 1889 815 1929 illa
846 1890 888 1929 in
918 1889 1056 1931 media
1086 1891 1260 1944 potione
1293 1893 1430 1933 excla-

94 1949 230 1989 mavit
262 1962 306 1989 se
338 1947 524 1988 maximo
557 1962 651 1990 cum
685 1947 830 1988 dolore
858 1948 990 1989 emori
1020 1963 1097 1990 nec
1127 1949 1284 1991 diutius
1311 1950 1430 2004 vixit,

95 2021 223 2060 quam
253 2007 398 2048 locuta
424 2010 504 2059 est3
536 2021 637 2047 nam
669 2006 714 2046 in
738 2007 832 2060 ipso
866 2021 1059 2048 sermone
1090 2008 1171 2049 hoc
1203 2011 1246 2049 et
1278 2009 1430 2050 vocife-

94 2066 261 2106 ratione
294 2067 465 2106 mortua
497 2067 572 2105 est.
633 2064 692 2105 Et
725 2065 777 2105 ad
808 2065 916 2106 hanc
947 2068 1128 2107 mortem
1160 2070 1251 2108 tam
1283 2081 1429 2120 repen-

94 2123 229 2165 tinam
250 2138 457 2177 vocesque
484 2123 704 2165 morientis
732 2123 875 2164 omnia
894 2127 1127 2179 praeterea,
1154 2139 1261 2179 quae
1288 2125 1428 2166 solent

40 2191 74 2217 35
95 2196 186 2222 esse
218 2181 375 2222 indicia
406 2184 449 2222 et
479 2182 664 2237 vestigia
695 2182 857 2236 veneni,
888 2183 932 2223 in
963 2183 1080 2224 illius
1113 2186 1306 2225 mortuae
1339 2198 1428 2224 cor-

1459 1133 1503 1164 30

93 2255 195 2295 pore
233 2239 417 2280 fuerunt.
477 2239 726 2294 Eodemque
759 2255 920 2281 veneno
953 2241 997 2283 C.
1030 2241 1312 2296 Oppianicum
1345 2242 1426 2283 fra·
1444 2264 1493 2306 11
1536 2292 1539 2293 ⁷

93 2301 203 2341 trem
240 2298 419 2340 necavit.
479 2297 627 2353 Neque
665 2302 731 2340 est
766 2299 847 2341 hoc
886 2300 1008 2354 satis;
1045 2299 1219 2342 tametsi
1256 2300 1301 2340 in
1332 2300 1425 2355 ipso
1441 2316 1483 2346 31
