1619 2542
540 94 640 129 CAP.
667 98 728 137 27,
756 98 800 129 28
827 98 846 135 ξ
872 97 1020 129 71—77.
1361 94 1450 136 215

107 191 246 247 capite
294 194 423 246 atque
478 191 712 232 cervicibus
767 190 927 232 nostris
984 190 1153 245 possint
1207 190 1449 232 collocare‘.>

107 250 171 291 Tu
215 265 301 292 non
343 249 538 302 definias,
583 264 665 304 quo
711 250 919 304 colonias,
964 249 1009 290 in
1058 263 1165 303 quae
1210 250 1320 302 loca,
1365 264 1448 304 quo

106 323 283 350 numero
324 309 572 350 colonorum
623 308 771 350 deduci
813 308 940 361 velis,
981 310 1031 349 tu
1074 322 1254 362 occupes
1295 308 1448 362 locum,

110 382 234 422 quem
271 367 470 409 idoneum
509 367 562 409 ad
594 367 681 408 vim
719 370 838 408 tuam
869 366 1088 421 iudicaris,
1125 366 1342 421 compleas
1374 381 1449 408 nu·

72 437 89 463 5
109 441 245 480 mero,
283 426 507 468 confirmes
539 425 770 479 praesidio,
809 440 892 480 quo
925 425 1051 478 velis,
1081 425 1231 480 populi
1262 425 1448 467 Romani

108 485 392 539 vectigalibus
443 487 570 538 atque
622 485 820 525 omnibus
871 484 1006 538 copiis
1056 484 1198 539 ipsum
1241 484 1447 539 populum

109 544 349 585 Romanum
377 547 583 596 coerceas,
610 543 841 598 opprimas,
867 543 1036 598 redigas
1062 544 1107 583 in
1131 543 1260 583 istam
1288 543 1447 584 decem·
1461 577 1516 618 2Q

107 602 285 643 viralem
332 602 539 643 dicionem
591 616 639 643 ac
689 603 980 656 potestatem?
1054 600 1114 642 Ut
1157 616 1257 643 vero
1307 604 1447 643 totam
1474 604 1519 660 ᾗ,

107 661 280 702 Italiam
307 660 394 702 suis
420 660 643 716 praesidiis
671 660 865 702 obsidere
892 663 1019 714 atque
1046 674 1252 714 occupare
1273 661 1448 716 cogitet,

56 730 89 755 10
110 734 280 774 quaeso,
313 719 511 773 Quirites,
544 719 802 786 cognoscite.
863 719 1084 760 Permittit
1112 718 1374 772 decemviris,
1400 722 1449 760 ut

109 779 153 819 in
190 778 335 819 omnia
373 778 622 833 municipia,
659 778 705 819 in
736 778 875 819 omnis
908 778 1096 819 colonias
1129 778 1263 819 totius
1295 753 1448 819 Italiae

108 837 280 878 colonos
327 836 553 890 deducant,
598 851 703 891 quos
748 837 899 889 velint,
942 836 1079 890 iisque
1118 836 1280 877 colonis
1320 850 1448 891 agros

109 896 200 936 dari
230 896 360 937 iubet.
405 895 520 936 Num
554 895 731 937 obscure
757 895 940 937 maiores
968 909 1083 949 opeS,
1116 910 1243 949 quam
1270 895 1448 937 libertas

108 957 252 996 vestra
293 954 384 1008 pati
428 957 589 1008 potest,
633 957 675 995 et
722 955 885 996 maiora
923 953 1136 1008 praesidia
1174 957 1448 1008 quaeruntur,

56 1024 88 1049 15
108 1027 211 1054 num
238 1013 415 1054 obscure
435 1028 614 1068 regnum
635 1013 921 1066 constituitur,
945 1027 1048 1054 num
1069 1013 1247 1054 obscure
1268 1012 1448 1054 libertas

107 1074 252 1113 vestra
293 1072 490 1113 tollitur‘?
557 1071 670 1113 Nam
713 1087 808 1114 cum
854 1071 968 1112 idem
1005 1086 1176 1112 omnem
1213 1071 1449 1125 pecuniam,

108 1130 339 1172 maximam
378 1130 698 1171 multitudinem
717 1129 768 1155 ἧς*
794 1130 837 1171 id
870 1133 935 1172 est
973 1132 1112 1171 totam
1150 1129 1324 1171 Italiam
1360 1131 1448 1171 suis

108 1189 260 1243 opibus
316 1189 589 1237 obsidebunt,
647 1189 760 1230 idem
814 1191 1001 1230 vestram
1058 1188 1304 1229 libertatem
1361 1189 1448 1230 suis

108 1247 333 1301 praesidiis
365 1250 407 1288 et
438 1247 616 1289 coloniis
648 1248 927 1289 interclusam
958 1248 1178 1300 tenebunt,
1211 1261 1317 1301 quae
1351 1262 1448 1302 spes

55 1317 90 1342 20
109 1306 302 1360 tandem,
333 1320 442 1361 quae
473 1306 656 1348 facultas
688 1306 1001 1361 recuperandae
1033 1308 1200 1347 vestrae
1234 1305 1447 1347 libertatis

109 1365 404 1418 relinquetur‘.>

197 1424 258 1463 At
295 1424 409 1464 enim
448 1437 550 1479 ager
576 1422 819 1476 Campanus
858 1422 939 1464 hac
976 1423 1071 1478 lege
1110 1423 1321 1464 dividetur
1354 1423 1448 1464 orbi
1476 1435 1519 1465 76

109 1484 249 1522 terrae
292 1481 622 1534 pulcherrimus,
677 1484 718 1521 et
763 1480 952 1534 Capuam
997 1481 1163 1522 colonia
1207 1481 1448 1533 deducetur,

111 1539 261 1580 urbem
287 1539 599 1593 amplissimam
626 1542 753 1593 atque
780 1539 1113 1580 ornatissimam.
1139 1543 1166 1591 ’ἴ
1193 1540 1328 1594 Atqui
1348 1540 1449 1594 quid

57 1609 91 1634 25
111 1597 164 1639 ad
194 1597 298 1638 haec
330 1612 556 1651 possumus
590 1597 753 1638 dicere?
803 1597 866 1638 De
899 1598 1119 1639 commodo
1152 1598 1270 1651 prius
1303 1601 1447 1640 vestro

112 1656 261 1708 dicam,
287 1655 492 1709 Quirites3
520 1655 668 1697 deinde
695 1655 747 1696 ad
774 1656 1100 1711 amplitudinem
1127 1660 1169 1697 et
1190 1656 1448 1710 dignitatem

109 1716 170 1756 rei
200 1717 409 1768 revertar,
449 1719 512 1767 ut,
551 1714 587 1755 si
619 1714 712 1768 quis
746 1714 840 1769 agri
871 1718 945 1756 aut
977 1715 1123 1769 oppidi
1155 1715 1350 1756 bonitate
1382 1715 1448 1756 de-

111 1774 305 1827 lectetur,
335 1787 387 1814 ne
421 1773 522 1828 quid
553 1775 781 1827 exspectet,
814 1773 849 1813 si
883 1788 1008 1827 quem
1034 1773 1096 1814 rei
1123 1773 1310 1828 dignitas
1338 1788 1448 1815 com-

111 1835 268 1885 movet,
287 1834 336 1872 ut
354 1832 453 1872 huic
473 1832 699 1872 simulatae
720 1831 941 1886 largitioni
959 1833 1145 1874 resistat.
1177 1832 1241 1874 Ac
1261 1832 1448 1886 primum

59 1901 94 1926 30
112 1890 162 1931 de
195 1890 350 1945 oppido
383 1890 530 1943 dicam,
563 1890 599 1930 si
625 1889 718 1943 quis
746 1893 812 1930 est
835 1890 957 1944 forte,
983 1905 1108 1944 quem
1135 1889 1283 1946 Capua
1308 1891 1447 1946 magis

113 1963 240 2002 quam
272 1947 408 1990 Roma
446 1948 638 1989 delectet.
700 1947 892 2003 Quinque
934 1949 1053 1990 milia
1091 1949 1339 1990 colonorum
1373 1949 1448 1990 Ca-

111 2020 239 2059 puam
277 2007 404 2048 scribi
441 2007 576 2061 iubet;
615 2006 666 2048 ad
698 2006 810 2047 hunc
839 2022 1062 2049 numerum
1095 2008 1331 2063 quingenos
1365 2008 1448 2048 sibi

113 2064 271 2119 singuli
297 2069 482 2106 sumunt.
521 2064 701 2117 Quaeso,
725 2065 858 2106 nolite
878 2068 1045 2107 vosmet
1070 2066 1188 2121 ipsos
1216 2066 1447 2118 consolari3
1475 2077 1517 2107 77

113 2136 211 2163 vere
242 2125 284 2163 et
316 2123 542 2178 diligenter
574 2123 849 2165 considerate.
910 2123 1026 2165 Num
1057 2125 1178 2165 vobis
1212 2128 1286 2165 aut
1317 2124 1449 2164 vestri

61 2190 95 2216 35
117 2180 329 2222 similibus
366 2181 564 2237 integris,
603 2181 775 2236 quietiS,
814 2182 964 2224 otiosis
1001 2183 1249 2224 hominibus
1286 2183 1331 2222 in
1368 2182 1448 2223 hoc

112 2252 287 2279 numero
333 2239 473 2281 locum
512 2240 605 2282 fore
646 2240 840 2293 putatis?
902 2240 947 2282 Si
988 2244 1053 2282 est
1091 2241 1287 2283 omnibus
1326 2240 1448 2281 vobis

113 2296 312 2338 maiorive
342 2300 533 2339 vestrum
571 2298 705 2353 parti,
745 2313 1003 2353 quamquam
1040 2314 1107 2340 me
1138 2301 1280 2341 vester
1311 2298 1448 2340 honos
