1619 2542
99 1356 137 1386 11

173 137 256 178 278
492 136 543 170 IN
568 136 606 171 L.
633 135 898 172 CATILINAM
925 135 1099 170 ORATIO
1125 135 1186 170 111.

171 233 349 274 nimium
380 233 423 273 id
455 233 631 288 longum
653 232 875 273 videretur.
925 231 988 272 Ac
1018 245 1071 272 ne
1103 231 1280 287 longum
1306 231 1375 285 sit,
1407 231 1504 281 Qui-

172 292 295 345 rites,
326 291 508 332 tabellas
540 290 723 346 proferri
754 291 972 343 iussimus,
1005 304 1111 344 quae
1143 305 1168 331 a
1199 305 1366 345 quoque
1398 291 1503 333 dice-

172 351 328 391 bantur
375 350 510 391 datae.
583 349 727 390 Primo
773 349 1035 390 ostendimus
1079 347 1288 404 Cetheg03
1332 349 1503 405 signum

173 409 382 464 cognovit.
443 408 698 449 Nos-linum
730 407 966 460 incidimus,
992 407 1187 461 legimus.
1235 407 1342 449 Erat
1375 409 1502 463 scrip-

171 470 263 508 tum
293 468 427 521 ipsius
461 482 590 508 manu
623 466 909 521 Allobrogum
942 466 1107 507 senatui
1140 468 1181 507 et
1212 467 1372 521 populo
1399 481 1501 520 sese,

171 540 278 580 quae
305 541 451 567 eorum
477 526 632 581 legatis
660 525 965 577 confirmasset,
996 525 1207 566 facturum
1234 539 1343 580 esse3
1369 540 1502 579 orare,

169 587 217 625 ut
254 585 355 625 item
394 585 456 625 illi
486 584 692 636 facerent,
731 598 838 637 quae
870 583 952 624 sibi
984 597 1130 624 eorum
1161 584 1292 637 legati
1324 585 1502 638 recepis-

170 647 273 684 sent.
335 643 442 684 Tum
481 642 714 698 Cethegus,
755 642 826 696 qui
862 642 991 696 paulo
1029 645 1124 683 ante
1163 642 1324 696 aliquid
1360 646 1502 684 tamen

170 702 219 742 de
246 702 400 756 gladiis
429 717 477 743 ac
503 702 613 755 sicis7
646 715 752 755 quae
780 700 890 754 apud
915 700 1054 754 ipsum
1081 703 1203 741 erant
1229 701 1502 755 deprehensa,

168 761 457 813 respondisset
506 760 764 814 dixissetque
815 773 857 800 se
908 773 1074 813 semper
1122 759 1331 800 bonorum
1375 760 1502 801 ferra-

170 823 412 860 mentorum
439 819 678 860 studiosum
696 818 840 871 fuisse,
866 818 1053 859 recitat-is
1077 817 1232 858 litteris
1254 818 1500 860 debilitatus

169 880 296 931 atque
342 878 530 919 abiectus
575 877 834 918 conscientia
870 879 1043 930 repente
1083 877 1298 918 conticuit.
1363 876 1502 918 Intro-

169 936 319 977 ductus
358 939 423 977 est
461 935 678 989 Statilius3
719 935 920 990 cognovit
958 938 1000 976 et
1041 935 1208 990 signum
1249 939 1291 976 et
1328 951 1501 977 manum

169 1009 300 1035 suam.
344 995 563 1036 Recitatae
596 996 696 1034 sunt
726 994 912 1035 tabellae
944 993 988 1034 in
1020 993 1196 1034 eandem
1222 994 1309 1034 fere
1336 997 1501 1035 senten-

167 1054 290 1107 tiam3
323 1053 539 1094 confessus
573 1055 649 1094 est.
698 1051 806 1093 Tum
839 1052 1005 1093 ostendi
1037 1052 1218 1093 tabellas
1250 1052 1431 1094 Lentulo
1458 1056 1501 1093 et

169 1112 376 1165 quaesivi,
407 1113 736 1165 cognosceretne
768 1111 949 1165 signum.
993 1109 1165 1151 Adnuit.
1211 1110 1316 1151 ‘Est
1347 1111 1500 1165 vero'‚

166 1171 357 1223 inquam,
391 1170 583 1211 ‘notum
617 1170 815 1224 quidem
848 1169 1067 1223 signum,
1099 1169 1263 1224 imago
1297 1170 1375 1210 avi
1406 1170 1499 1221 tui,

167 1228 447 1269 clarissimi
485 1228 598 1282 viri,
644 1228 730 1282 qui
775 1227 964 1268 amavit
1006 1227 1155 1268 unice
1193 1229 1411 1280 patriam
1451 1231 1499 1268 et

167 1287 301 1328 cives
355 1301 491 1339 suosg
544 1301 667 1341 qua-e
717 1286 912 1341 quidem
956 1288 1003 1326 te
1048 1300 1073 1326 a
1115 1289 1260 1327 tanto
1306 1287 1498 1327 scelere

169 1347 320 1386 etiam
364 1349 501 1387 muta
544 1360 781 1386 revocare
826 1343 1029 1385 debuit?
1095 1343 1313 1398 Leguntur
1353 1345 1533 1386 eadem-s

166 1405 331 1445 ratione
365 1405 417 1445 ad
449 1406 644 1445 senatum
677 1403 964 1458 Allobrogum
996 1403 1282 1457 populumque
1315 1403 1498 1444 litterae.

167 1462 211 1503 Si
248 1463 349 1517 quid
387 1464 436 1504 de
473 1463 540 1503 his
578 1463 704 1503 rebus
744 1462 881 1503 dicere
919 1462 1068 1511 vellet,
1110 1461 1190 1502 feci
1227 1464 1499 1515 potestatem.

165 1522 308 1575 Atque
333 1522 405 1563 ille
425 1521 562 1575 primo
585 1521 754 1575 quidem
772 1520 962 1575 negavit3
983 1523 1080 1574 post
1103 1523 1246 1561 autem
1266 1520 1497 1574 aliquanto,

165 1583 257 1621 toto
289 1581 374 1621 iam
406 1580 560 1621 indicio
594 1580 786 1634 exposito
820 1583 946 1632 atque
979 1579 1111 1632 edito,
1143 1579 1342 1632 surrexit3
1375 1593 1498 1633 quae-

1522 770 1555 795 19

1522 1063 1553 1088 15

167 1638 266 1678 sivit
299 1654 323 1680 a
355 1638 511 1692 Gallis,
543 1638 641 1693 quid
675 1638 757 1678 sibi
789 1640 900 1678 esset
932 1652 1026 1678 cum
1058 1637 1129 1689 iis,
1162 1652 1287 1691 quam
1320 1637 1374 1678 ob
1406 1652 1497 1678 rem
1518 1647 1550 1673 25

166 1697 338 1737 domum
383 1712 502 1738 suam
551 1697 782 1749 venissent,
826 1697 1010 1749 itemque
1055 1710 1079 1736 a
1115 1694 1350 1736 Volturcio.
1417 1694 1497 1743 Qui
1555 1735 1559 1738 .

166 1769 259 1795 cum
309 1755 375 1795 illi
425 1755 610 1796 breviter
660 1758 989 1808 constanterque
1038 1755 1372 1808 respondissent,
1421 1768 1496 1807 per

166 1827 290 1867 quem
317 1813 369 1854 ad
395 1827 488 1854 eum
517 1814 796 1868 quotiensque
821 1812 1048 1862 venissent,
1075 1812 1422 1866 quaesissentque
1442 1812 1495 1852 ab

167 1885 228 1922 eo,
253 1871 413 1912 nihilne
440 1886 581 1912 secum
608 1875 720 1913 esset
747 1872 796 1912 de
820 1871 922 1912 fatis
950 1870 1172 1924 Sibyllinis
1196 1871 1377 1922 locutus,
1402 1873 1495 1911 tum

165 1930 238 1970 ille
281 1929 423 1970 subito
469 1931 625 1971 scelere
670 1931 859 1984 demens,
902 1931 1062 1983 quanta
1104 1928 1387 1970 conscientiae
1431 1928 1494 1969 vis

166 1990 291 2040 esset,
323 1988 519 2029 ostendit.
569 1988 694 2040 Nam,
727 2003 822 2029 cum
852 1988 895 2029 id
924 1989 1071 2041 posset
1102 1986 1289 2040 infitiari,
1321 1989 1494 2041 repente

164 2049 334 2101 praeter
375 2046 615 2100 opinionem
657 2047 847 2087 omnium
887 2045 1104 2087 confessus
1146 2048 1221 2086 est.
1288 2045 1358 2086 Ita
1398 2059 1494 2086 eum

164 2119 250 2146 non
288 2104 412 2146 modo
452 2104 670 2159 ingenium
701 2105 809 2146 illud
841 2107 883 2146 et
914 2103 1076 2144 dicendi
1109 2102 1374 2156 exercitatio,
1412 2118 1495 2158 qua

166 2178 333 2217 semper
370 2162 522 2215 valuit,
561 2163 633 2203 sed
672 2164 801 2204 etiam
837 2164 1011 2216 propter
1041 2160 1127 2201 vim
1160 2162 1329 2202 sceleris
1361 2162 1495 2202 mani-

164 2221 264 2262 festi
291 2225 416 2275 atque
437 2220 687 2274 deprehensi
706 2221 966 2275 inpudentia,
992 2233 1074 2273 qua
1093 2220 1323 2273 superabat
1344 2220 1493 2271 omnis,

97 2290 138 2320 12
165 2280 486 2334 inprobitasque
524 2278 688 2320 defecit.
731 2278 978 2320 Volturcius
1011 2291 1109 2318 vero
1148 2278 1289 2319 subito
1325 2278 1493 2319 litteras

165 2337 346 2391 proferri
384 2342 510 2391 atque
548 2336 702 2391 aperiri
742 2337 876 2387 iubet,
915 2349 1018 2390 quas
1059 2335 1141 2376 sibi
1173 2351 1196 2377 a
1227 2336 1409 2377 Lentulo
1442 2336 1495 2377 ad

1514 1939 1548 1964 30

1513 2230 1546 2256 35
