1687 2533
162 157 183 194 1

166 205 184 236 1

213 72 300 114 340
607 71 700 107 PRO
727 72 766 107 P.
795 71 947 107 sULLA
973 69 1177 106 ORATIO.-

299 168 485 211 Maxime
511 169 680 223 vellem,
711 168 883 221 iudices,
908 169 957 208 ut
982 165 1028 209 P.
1049 165 1171 208 Sulla
1196 168 1240 208 et
1266 168 1391 208 antea
1417 166 1556 221 digni-

213 229 317 270 tatis
357 243 457 270 suae
496 228 769 283 splendorem
810 226 1003 281 optinere
1042 227 1085 266 et
1121 227 1223 280 post
1261 225 1554 266 calamitatem

213 289 432 341 acceptam
464 286 707 328 ‘modestiae
744 285 932 326 fructum
971 284 1157 339 aliquem
1183 284 1401 339 percipere
1431 285 1554 338 potu-

211 347 336 399 isset3
369 346 442 387 sed
475 345 677 400 quoniam
709 344 772 385 ita
803 343 904 384 tulit
935 357 1058 385 casus
1090 343 1287 396 infestus,
1317 344 1366 384 ut
1397 345 1441 384 et
1465 357 1554 383 am-

212 405 408 459 plissimo
434 404 601 446 honore
623 419 719 445 cum
746 402 962 444 communi
989 401 1237 443 ambitionis
1262 400 1435 455 invidia,
1460 403 1553 442 tum
1573 412 1589 438 5

214 463 425 519 singulari
457 463 643 504 Autroni
677 462 772 503 odio
807 463 1069 503 everteretur
1101 463 1144 501 et
1174 460 1219 502 in
1250 459 1318 502 his
1345 459 1554 514 pristinae

211 522 409 564 fortunae
447 521 636 575 reliquiis
679 519 847 562 miseris
886 523 928 561 et
967 519 1149 561 adflictis
1187 521 1334 560 tamen
1374 518 1555 560 haberet

214 581 439 636 quosdam,
483 595 665 635 quorum
709 580 875 621 animos
918 593 971 620 ne
1019 577 1230 632 supplicio
1269 577 1438 632 quidem
1477 591 1554 618 suo

214 640 371 681 satiare
409 642 578 694 posset,
618 653 877 693 quamquam
918 652 967 678 ex
998 636 1125 678 huius
1157 636 1437 678 incommodis
1469 650 1555 677 ma-

215 713 344 753 gnam
383 699 526 740 animo
559 698 806 739 molestiam
837 697 972 751 capio,
1004 698 1149 737 tamen
1174 695 1220 736 in
1245 695 1398 737 ceteris
1425 694 1552 736 malis
1574 705 1606 731 10

214 758 339 799 facile
371 757 514 811 patior
546 757 740 799 oblatum
773 755 881 797 mihi
911 758 1079 809 tempus
1112 769 1221 807 esse,
1258 754 1304 795 in
1336 768 1419 808 quo
1451 753 1556 795 boni

213 816 296 857 viri
321 816 546 857 lenitatem
573 830 710 856 meam
732 813 1150 867 misericordiamque
1170 815 1321 854 notam
1341 812 1556 867 quondam

215 875 425 926 omnibus,
456 889 568 915 nunc
595 873 718 928 quasi
743 873 1031 915 intermissam
1059 874 1353 926 agnoscerent,
1383 870 1556 925 inprobi

215 949 262 975 ac
300 934 458 988 perditi
495 934 608 974 cives
640 932 840 973 redomiti
872 933 1000 985 atque
1031 931 1134 972 victi
1165 931 1477 985 praecipitante
1509 943 1554 970 re

216 993 386 1047 publica
423 992 718 1033 vehementem
750 1005 817 1031 me
849 990 978 1031 fuisse
1012 992 1140 1043 atque
1172 990 1350 1043 fortem,
1389 1002 1552 1030 conser—
1574 998 1607 1024 15

215 1054 317 1093 vata
348 1051 497 1092 mitem
530 1065 577 1092 ac
609 1048 928 1091 misericordem
954 1048 1205 1089 faterentur.
1249 1047 1320 1100 Et,
1352 1048 1555 1101 quoniam

213 1110 258 1151 L.
291 1109 555 1163 Torquatus,
587 1123 704 1149 meus
736 1107 961 1148 familiaris
994 1121 1042 1148 ac
1073 1106 1352 1160 necessarius,
1383 1105 1556 1159 iudices,

214 1168 495 1220 existimavit,
535 1167 570 1208 si
606 1171 802 1208 nostram
833 1166 878 1207 in
911 1165 1183 1207 accusatione
1217 1180 1294 1206 sua
1324 1164 1555 1205 necessitu-

216 1227 358 1268 dinem
383 1225 810 1279 familiaritatemque
837 1224 1055 1278 violasset,
1082 1223 1245 1278 aliquid
1275 1238 1318 1264 se
1340 1222 1390 1264 de
1411 1225 1557 1264 aucto-

213 1287 342 1327 ritate
386 1300 505 1326 meae
550 1284 808 1325 defensionis
846 1298 972 1337 posse
1011 1282 1253 1337 detrahere,
1297 1296 1393 1323 cum
1431 1280 1591 1322 huius?

214 1345 393 1400 periculi
435 1344 758 1399 propulsatione
805 1343 1061 1397 coniungam
1100 1341 1390 1383 defensionem
1428 1338 1558 1381 officii

215 1404 310 1445 mei.
355 1402 447 1452 Quo
475 1402 646 1457 quidem
674 1416 828 1457 genere
856 1401 1064 1442 orationis
1091 1415 1179 1441 non
1204 1401 1360 1453 uterer,
1386 1398 1557 1452 iudices,

215 1463 296 1504 hoc
333 1464 545 1517 tempore,
589 1461 626 1502 si
664 1476 759 1502 mea
796 1460 935 1501 solum
973 1459 1218 1510 interesset3
1257 1457 1405 1500 multis
1445 1458 1557 1498 enim

215 1520 319 1563 locis
359 1524 402 1562 et
440 1520 542 1561 data
578 1519 684 1561 mihi
721 1519 904 1560 facultas
945 1522 1010 1559 est
1049 1520 1091 1559 et
1129 1532 1256 1572 saepe
1295 1516 1469 1558 dabitur
1506 1515 1557 1557 de

215 1594 310 1621 mea
340 1580 465 1620 laude
498 1578 679 1632 dicendi3
712 1578 796 1632 sed,
827 1576 874 1618 ut
900 1577 974 1617 ille
999 1577 1117 1630 vidit,
1151 1577 1359 1631 quantum
1386 1574 1436 1616 de
1462 1588 1556 1616 mea
1575 1585 1606 1610 2·

217 1638 472 1679 auctoritate
505 1637 779 1691 deripuisset,
814 1639 983 1677 tantum
1017 1650 1060 1676 se
1094 1635 1143 1676 de
1174 1634 1300 1676 huius
1332 1632 1556 1689 praesidiis

216 1697 544 1749 deminuturum,
571 1697 632 1737 sic
657 1696 737 1737 hoc
763 1709 841 1750 ego
869 1694 1019 1748 sentio,
1045 1695 1081 1735 si
1106 1693 1190 1735 mei
1215 1692 1320 1734 facti
1344 1691 1556 1733 rationem

216 1755 339 1796 vobis
371 1754 744 1809 constantiamque
775 1754 902 1795 huius
936 1753 1066 1795 officii
1099 1767 1147 1794 ac
1178 1750 1435 1793 defensionis
1460 1764 1556 1805 pro·

216 1815 341 1866 baro,
372 1828 543 1854 causam
576 1827 742 1867 quoque
775 1827 842 1853 me
873 1812 918 1853 P.
952 1810 1094 1852 Sullae
1125 1811 1418 1865 probaturum.

306 1872 369 1913 Ac
387 1872 572 1925 primum
593 1872 669 1912 abs
690 1875 733 1912 te
752 1871 872 1925 illud,
891 1870 936 1911 L.
951 1869 1179 1923 Torquate,
1200 1882 1372 1923 quaem,
1394 1882 1467 1908 cur
1487 1881 1554 1908 me
1575 1877 1610 1902 30
1664 1886 1668 1890 -

219 1947 243 1972 a
263 1930 414 1972 ceteris
441 1930 690 1971 clarissimis
718 1930 821 1970 viris
849 1944 897 1971 ac
915 1928 1179 1983 principibus
1201 1926 1390 1968 civitatis
1410 1925 1457 1967 in
1474 1925 1557 1967 hoc

219 1989 360 2032 officio
393 1990 522 2042 atque
553 1989 598 2028 in
630 1987 887 2029 defensionis
919 1988 1009 2028 iure
1041 2000 1248 2027 secernas.
1301 1983 1411 2033 Quid
1443 1985 1556 2025 enim

220 2051 303 2101 est,
335 2062 462 2103 quam
495 2046 548 2087 ob
581 2060 672 2087 rem
704 2047 780 2087 abs
813 2051 855 2087 te
888 2045 935 2094 Q.
967 2044 1172 2086 Hortensi
1203 2044 1378 2095 factum,
1413 2042 1555 2084 claris-

221 2106 318 2148 simi
350 2106 431 2147 viri
463 2107 590 2159 atque
624 2104 899 2155 ornatissimi,
930 2118 1016 2145 non
1041 2102 1387 2157 reprehendatur,
1419 2115 1556 2155 repre-

219 2165 430 2206 hendatur
474 2163 644 2204 meum?
711 2162 842 2216 Nam,
893 2163 930 2203 si
971 2164 1036 2203 est
1078 2161 1233 2201 initum
1281 2176 1305 2201 a
1348 2160 1393 2202 P.
1438 2158 1556 2200 Sulla
1577 2168 1608 2194 3·

221 2223 447 2266 consilium
478 2221 804 2263 inflammandae
838 2221 962 2262 huius
995 2219 1133 2273 urbis,
1172 2217 1453 2274 extinguendi
1483 2217 1558 2258 im-

220 2282 346 2337 perii,
395 2280 594 2322 delendae
644 2279 850 2333 civitatis,
899 2279 1058 2320 mihine
1111 2278 1316 2319 maiorem
1365 2277 1446 2318 hae
1490 2290 1557 2317 res
