1687 2533
517 85 616 121 CAP.
646 89 781 120 14—17
810 89 828 128 s
854 89 1005 122 38—43.
1337 87 1426 127 473

87 182 320 224 amentiam
362 180 453 207 *²³*
492 197 567 236 per
612 197 735 223 suum
778 182 1048 223 tribunatum
1087 180 1282 224 Caesaris
1322 184 1428 225 actis

85 241 292 296 inligatus
323 244 550 282 teneretur.
602 239 646 282 Si
679 243 721 282 et
753 255 971 282 sacrorum
1003 241 1094 282 iure
1126 242 1350 295 pontifices
1386 246 1428 283 et
1454 253 1496 284 41

87 300 372 354 auspiciorum
411 300 617 354 religione
657 313 838 354 augures
877 301 1019 340 totum
1058 302 1258 341 evertunt
1296 300 1429 342 tribu-

86 362 236 400 natum
262 361 397 412 tuum,
430 359 529 413 quid
557 358 725 413 quaeris
753 358 968 412 amplius?
1001 372 1055 399 an
1082 359 1211 399 etiam
1239 360 1427 413 apertius

51 429 67 454 5
88 417 260 471 aliquod
292 418 358 459 ius
391 417 539 472 populi
572 420 699 471 atque
731 417 906 472 legum?
950 416 1071 458 Hora
1095 417 1280 459 fortasse
1307 421 1428 459 sexta
1446 419 1498 460 16

88 476 171 517 diei
204 481 379 530 questus
413 491 504 517 sum
536 476 581 516 in
612 476 780 529 iudicio,
815 491 909 517 cum
943 474 988 517 C.
1019 475 1270 530 Antonium,
1303 477 1428 518 colle-

87 549 187 590 gam
221 550 375 588 meum,
408 534 688 585 defenderem,
714 535 919 588 quaedam
955 534 1005 575 de
1032 549 1076 575 re
1103 535 1288 589 publiea,
1320 551 1428 591 quae

87 593 193 634 mihi
237 594 330 635 visa
381 596 479 634 sunt
529 594 581 634 ad
630 594 746 634 illius
796 592 941 634 miseri
987 607 1159 634 causam
1203 595 1427 647 pertinere.

86 652 203 693 Haec
234 652 428 694 homines
460 652 646 707 improbi
677 652 730 693 ad
763 652 968 706 quosdam
995 652 1111 693 viros
1138 652 1271 694 fortes
1298 653 1428 708 longe

37 723 70 748 10
90 711 227 764 aliter,
254 714 381 766 atque
414 726 439 752 a
470 726 537 752 me
564 711 676 752 dicta
703 714 836 764 erant,
868 711 1126 765 detulerunt.
1169 711 1288 753 Hora
1313 727 1429 754 nona

86 770 162 811 illo
208 770 302 824 ipso
347 770 414 811 die
451 772 499 810 tu
538 784 581 811 es
621 770 863 824 adoptatus
933 768 996 823 Si,
1040 769 1154 835 quod
1191 770 1235 811 in
1276 772 1427 812 ceteris

86 828 256 884 legibus
283 829 444 870 trinum
469 828 705 869 nundinum
733 843 824 869 esse
852 831 1034 882 oportet,
1060 828 1139 869 id
1127 843 1172 869 ln
1199 829 1428 883 adoptione

88 889 192 929 satis
232 890 296 928 est
333 887 464 928 trium
502 902 594 929 esse
632 887 854 941 horarum,
892 887 1001 927 nihil
1039 887 1320 941 reprehendo;
1361 889 1428 929 sin

87 946 234 987 eadem
283 946 548 987 observanda
586 948 703 999 sunt,
747 946 952 987 iudicavit
990 948 1165 986 senatus
1203 946 1259 987 M.
1296 945 1428 988 Drusi

33 1015 66 1040 15
86 1005 267 1059 legibus,
300 1020 407 1059 quae
439 1008 588 1046 contra
619 1005 759 1059 legem
787 1004 1017 1046 Caeciliam
1044 1008 1087 1045 et
1112 1004 1286 1046 Didiam
1312 1005 1427 1046 latae

88 1066 247 1117 essent,
296 1064 504 1129 populum
552 1078 639 1105 non
689 1063 838 1104 teneri.
912 1062 1004 1104 Iam
1048 1062 1266 1118 intellegis
1313 1064 1426 1105 omni
1453 1075 1497 1106 42

87 1136 239 1188 genere
270 1122 398 1175 iuris,
436 1122 549 1176 quod
580 1123 625 1163 in
659 1122 808 1175 sacris,
841 1122 963 1175 quod
985 1122 1030 1162 in
1062 1122 1281 1176 auspiciis,
1315 1123 1428 1176 quod

85 1181 130 1222 in
167 1180 335 1235 legibus
374 1181 448 1234 sit,
484 1184 527 1222 te
566 1181 786 1222 tribunum
825 1181 880 1235 pl.
918 1195 1005 1222 non
1042 1180 1184 1221 fuisse.
1247 1180 1308 1221 At
1347 1195 1426 1235 ego

85 1239 166 1281 hoc
197 1242 336 1280 totum
367 1253 449 1281 non
481 1239 572 1280 sine
604 1254 731 1281 causa
757 1239 964 1305 relinquo.
1002 1238 1138 1280 Video
1166 1239 1278 1280 enim
1305 1254 1427 1293 quos-

33 1308 68 1333 20
88 1298 184 1339 dam
219 1298 480 1339 clarissimos
513 1298 626 1338 viros
659 1298 872 1352 principes
906 1297 1093 1339 civitatis
1127 1297 1291 1363 aliquot
1323 1298 1426 1339 locis

86 1356 295 1398 iudicasse
326 1359 369 1397 te
402 1371 496 1397 cum
528 1356 652 1410 plebe
685 1356 774 1396 iure
808 1369 933 1409 agere
958 1355 1167 1409 potuisse3
1200 1356 1271 1410 qui
1298 1357 1426 1398 etiam

87 1415 137 1456 de
180 1429 248 1455 me
289 1415 403 1468 ipso,
448 1429 543 1456 cum
579 1418 654 1455 tua
690 1414 915 1469 rogatione
951 1414 1099 1454 funere
1138 1414 1296 1455 elatam
1336 1429 1426 1456 rem

86 1473 303 1527 publicam
335 1487 427 1514 esse
460 1473 659 1526 dicerent,
690 1475 835 1514 tamen
866 1472 910 1513 id
940 1471 1082 1525 funus,
1115 1472 1195 1512 etsi
1222 1474 1426 1514 miserum

87 1534 215 1585 atque
253 1532 452 1572 acerbum
489 1531 664 1585 fuisset,
701 1532 791 1572 iure
829 1530 1037 1572 indictum
1077 1544 1168 1571 esse
1207 1531 1426 1586 dicebant3

33 1600 66 1626 25
88 1590 200 1645 quod
245 1590 294 1630 de
334 1604 402 1631 me
445 1590 526 1631 civi
569 1590 631 1631 ita
669 1589 717 1631 de
755 1604 800 1630 re
837 1589 1012 1643 publica
1049 1589 1201 1630 merito
1240 1590 1426 1643 tulisses,

85 1649 212 1690 funus
251 1651 293 1689 te
332 1648 536 1689 indixisse
568 1648 631 1689 rei
660 1648 875 1702 publicae,
914 1648 1026 1702 quod
1058 1647 1189 1688 salvis
1223 1648 1425 1703 auspiciis

85 1708 272 1760 tulisses,
297 1707 388 1748 iure
414 1706 552 1762 egisse
579 1706 788 1748 dicebant.
833 1705 971 1754 Quare
997 1705 1156 1757 licebit,
1187 1709 1235 1747 ut
1261 1707 1426 1761 opinor,

84 1766 210 1807 nobis
238 1780 308 1807 eas
335 1765 526 1807 actiones
552 1780 638 1806 non
663 1766 893 1818 infirmare,
919 1764 1072 1819 quibus
1098 1765 1163 1805 illi
1184 1765 1422 1807 actionibus

86 1825 367 1866 constitutum
398 1824 662 1865 tribunatum
696 1827 810 1865 tuum
842 1823 1241 1878 comprobaverunt.

32 1894 67 1918 30
173 1881 206 1923 F
209 1883 320 1924 ueris
376 1897 477 1924 sane
527 1882 724 1923 tribunus
774 1882 849 1936 pl.,
897 1885 986 1922 tam
1035 1881 1186 1934 fueris,
1236 1882 1424 1935 inquam,
1449 1893 1493 1924 43

86 1941 198 1996 lege,
242 1956 370 1995 quam
414 1941 496 1982 fuit
537 1941 607 1982 hic
646 1940 737 1994 ipse
774 1940 821 1981 P.
854 1938 1077 1994 Servilius,
1121 1941 1186 1981 vir
1224 1940 1422 1981 omnibus

84 2000 209 2040 rebus
251 1999 511 2041 clarissimus
551 2001 678 2053 atque
718 1999 1025 2053 amplissimus3
1070 2013 1152 2052 quo
1191 1998 1299 2051 iure,
1340 2013 1421 2052 quo

85 2072 219 2111 more,
257 2072 340 2111 quo
382 2058 574 2111 exemplo
608 2058 747 2112 legem
779 2057 1032 2098 nominatim
1065 2057 1114 2098 de
1147 2057 1286 2110 capite
1319 2056 1423 2097 civis

85 2115 320 2156 indemnati
357 2116 524 2157 tulisti?
586 2115 748 2156 Vetant
778 2116 894 2171 leges
928 2118 1139 2169 sacratae,
1179 2117 1329 2155 vetant
1359 2127 1423 2156 XII
1440 2116 1491 2156 17

31 2183 65 2209 35
85 2174 258 2214 tabulae
284 2174 403 2228 leges
428 2174 608 2228 privatis
635 2174 879 2215 hominibus
904 2174 1113 2228 inrogari3
1145 2173 1186 2213 id
1215 2175 1281 2213 est
1307 2173 1422 2214 enim

85 2230 403 2286 ‘privilegium'.
446 2231 583 2274 Nemo
608 2247 810 2287 umquam
836 2233 955 2287 tulit3
980 2232 1086 2273 nihil
1115 2234 1179 2272 est
1200 2230 1423 2284 crudelius,

82 2290 190 2331 nihil
224 2290 515 2345 perniciosius,
545 2290 667 2345 nihil,
700 2291 812 2345 quod
839 2291 977 2331 minus
1004 2291 1109 2331 haec
1135 2288 1285 2330 civitas
1311 2289 1421 2330 ferre
