1687 2533
170 1092 212 1123 ¹78

242 108 328 150 486
431 111 493 145 DE
519 110 656 145 DOMO
685 110 775 146 sUA
802 111 865 145 AD
892 110 1172 146 PONTIFICES
1201 111 1390 148 ORATIO.

244 204 435 246 damnati
472 220 654 261 poenam
693 207 901 247 sustinere
940 206 1238 248 indemnatus?
1283 211 1350 249 est
1387 208 1466 250 hoc
1505 209 1577 250 tri-

243 263 471 317 bunicium,
503 268 567 306 est
599 265 834 319 populare?
891 263 1157 319 Quamquam
1189 266 1263 307 ubi
1295 270 1341 307 tu
1373 270 1415 308 te
1446 282 1577 322 popu-

242 322 387 376 larem,
417 322 501 364 nisi
532 338 627 364 cum
646 337 725 376 pro
750 323 909 378 populo
937 323 1087 377 fecisti,
1120 327 1242 378 potes
1269 324 1434 366 dicere?
1484 324 1578 379 Sed,

244 395 339 422 cun:
377 356 460 422 lioc
504 381 607 422 iuris
653 397 677 422 a
721 382 955 423 maioribus
999 357 1214 436 proditum
1253 383 1325 433 sit,
1369 386 1416 424 ut
1453 399 1576 426 nemo

243 439 346 480 civis
372 438 590 480 Romanus
619 441 692 480 aut
719 440 784 481 sui
809 443 1068 495 potestatem
1097 444 1170 482 aut
1196 442 1413 483 civitatem
1439 443 1577 496 possit
1596 454 1611 479 5

243 498 458 552 amittere,
502 499 598 539 nisi>
631 498 721 552 ipse
766 501 913 540 auctor
957 499 1094 540 factus
1135 500 1208 553 sit,
1252 501 1363 555 quod
1400 503 1448 542 tu
1485 502 1576 556 ipse

241 556 422 610 potuisti
452 556 497 597 in
528 559 602 598 tua
634 571 761 598 causa
792 557 952 598 discere
984 557 1125 611 (credo
1160 559 1282 613 enim,
1318 574 1575 614 quamquam

242 615 287 655 in
325 615 401 656 illa
439 615 716 668 adoptatione
755 616 945 671 legitime
976 616 1137 658 factum
1171 620 1236 658 est
1266 618 1393 672 nihil,
1431 622 1576 660 tamen

241 676 284 714 te
329 687 420 714 esse
464 673 795 730 interrogatum,
843 678 1044 716 auctorne
1090 690 1222 729 esses,
1265 679 1313 717 ut
1356 677 1401 717 in
1444 680 1487 718 te
1530 677 1575 718 P.

242 731 444 772 Fonteius
496 733 609 774 vitae
659 733 857 787 necisque
907 736 1168 787 potestatem
1219 735 1396 777 haberet
1440 738 1487 776 ut
1531 737 1576 776 in
1597 747 1629 772 10

240 788 362 846 filio),
396 805 564 844 quaero,
597 791 633 832 si
666 794 739 832 aut
770 806 972 847 negasses
1006 796 1079 834 aut
1111 793 1330 846 tacuisses,
1364 794 1400 835 si
1431 797 1577 836 tamen

240 848 283 889 id
314 861 409 890 XXX
441 849 580 891 curiae
612 850 848 903 iussissent,
882 865 983 892 num
1009 851 1051 892 id
1078 851 1240 892 iussum
1268 856 1379 894 esset
1405 853 1576 894 ratum?

241 906 365 948 Certe
397 922 493 949 non.
555 908 664 957 Quid
695 909 785 950 ita?
847 908 955 957 Quia
986 910 1050 951 ius
1084 925 1108 950 a
1139 911 1372 952 maioribus
1404 912 1576 963 nostris,

241 966 313 1019 qui
361 980 447 1007 non
496 967 593 1008 ficte
638 970 680 1008 et
723 967 936 1008 fallaciter
980 969 1224 1022 populares,
1275 970 1346 1010 sed
1392 984 1488 1011 vere
1532 973 1574 1011 et

240 1024 454 1079 sapienter
484 1025 668 1079 fuerunt,
699 1026 760 1067 ita
792 1029 1072 1081 conparatum
1105 1030 1182 1081 est,
1213 1031 1260 1068 ut
1291 1028 1395 1069 civis
1421 1028 1574 1070 Roma·
1595 1040 1626 1065 15

239 1097 319 1124 nus
366 1083 611 1124 libertatem
650 1099 773 1125 nemo
810 1085 949 1139 possit
986 1085 1146 1126 invitus
1187 1087 1394 1127 amittere.
1464 1086 1575 1135 Quin

239 1142 386 1195 etiam,
430 1142 465 1182 si
514 1142 740 1183 decemviri
784 1146 1097 1184 sacramentum
1141 1145 1185 1185 in
1228 1145 1472 1186 libertatem
1516 1146 1575 1186 in-

238 1200 398 1240 iustum
424 1200 693 1253 iudicassent,
724 1203 879 1254 tamen,
906 1202 1284 1256 quotienscumque
1310 1204 1441 1244 vellet
1467 1204 1573 1258 quis,

238 1258 318 1299 hoc
349 1259 393 1299 in
425 1273 577 1314 genere
610 1259 701 1301 solo
734 1273 823 1300 rem
856 1260 1087 1301 iudicatam
1120 1261 1268 1302 referri
1299 1276 1424 1316 posse
1455 1263 1573 1303 volu-

239 1320 378 1371 erunt,
435 1317 654 1358 civitatem
710 1332 808 1360 vero
859 1333 982 1359 nemo
1033 1334 1234 1373 umquam
1285 1320 1373 1361 ullo
1423 1321 1573 1375 populi
1593 1333 1625 1357 ‘20

170 1375 226 1416 30
240 1375 358 1416 iussu
397 1375 568 1416 amittet
604 1375 778 1417 invitus.
840 1375 920 1425 Qui
952 1378 1062 1419 cives
1096 1377 1279 1420 Romani
1311 1378 1353 1420 in
1385 1380 1571 1420 colonias

169 1795 210 1826 79

238 1433 416 1475 Latinas
465 1434 862 1488 proficiscebantur,
912 1436 1004 1476 fieri
1046 1451 1132 1477 non
1175 1439 1375 1491 poterant
1419 1437 1572 1490 Latini,

236 1492 320 1533 nisi
346 1495 466 1533 erant
493 1495 686 1535 auctores
713 1493 817 1534 facti
843 1509 1080 1548 nomenque
1107 1495 1327 1549 dederant3
1354 1496 1425 1550 qui
1451 1500 1572 1537 erant

237 1565 378 1591 rerum
404 1551 650 1604 capitalium
677 1552 956 1605 condemnati,
983 1568 1068 1594 non
1087 1554 1204 1607 prius
1225 1554 1334 1595 hanc
1352 1555 1570 1596 civitatem

238 1610 504 1663 amittebant,
538 1625 666 1664 quam
698 1614 820 1651 erant
851 1612 895 1651 in
927 1626 1019 1652 eam
1052 1612 1223 1666 recepti,
1256 1627 1337 1666 quo
1364 1613 1570 1666 vertendi,
1590 1624 1622 1649 ‘25

236 1667 317 1708 hoc
355 1671 420 1708 est
457 1668 667 1722 mutandi,
707 1669 786 1710 soli
825 1684 953 1710 causa
990 1674 1203 1711 venerant.
1265 1669 1313 1711 Id
1352 1674 1491 1712 autem
1522 1675 1570 1712 ut

238 1728 349 1766 esset
373 1725 633 1781 faciundum,
664 1742 750 1768 non
776 1727 1045 1782 ademptione
1072 1729 1271 1783 civitatis,
1303 1729 1376 1771 sed
1401 1729 1502 1770 tecti
1529 1732 1570 1770 et

239 1798 373 1838 aquae
423 1786 464 1825 et
514 1785 626 1840 ignis
675 1785 973 1827 interdictione
1017 1787 1311 1843 adigebantur.
1382 1787 1569 1842 Populus

237 1842 456 1884 Romanus
477 1841 522 1883 L.
544 1842 664 1884 Sulla
690 1844 899 1886 dictatore
924 1822 1114 1886 ferent?
1111 1846 1295 1887 comitiis
1321 1847 1567 1887 centuriatis

236 1901 478 1955 municipiis
505 1901 723 1943 civitatem
750 1902 922 1956 ademit,
951 1903 1110 1944 ademit
1136 1904 1293 1945 eisdem
1318 1917 1456 1958 agiffos
1505 1904 1568 1946 De
1588 1917 1621 1941 30

236 1959 352 2015 agris
378 1962 519 2000 ratum
548 1962 629 2014 est3
662 1960 744 2001 fuit
771 1961 883 2001 enim
909 1961 1057 2015 populi
1082 1965 1290 2016 potestas3
1322 1962 1372 2003 de
1399 1962 1568 2004 civitate

234 2033 288 2059 ne
327 2016 489 2058 tamdiu
527 2018 696 2072 quidem
736 2019 887 2071 valuit,
926 2019 1128 2073 quamdiu
1158 2020 1234 2061 illa
1266 2018 1430 2061 Sullani
1461 2024 1566 2062 tem-

235 2076 350 2130 poris
396 2090 514 2117 arma
558 2076 793 2118 valuerunt.
861 2077 931 2118 An
973 2092 1073 2118 vero
1116 2077 1428 2132 Volaterranis,
1472 2094 1567 2121 cum

237 2134 365 2175 etiam
398 2138 487 2175 tum
520 2138 662 2175 essent
692 2135 736 2175 in
768 2136 910 2188 armis,
941 2134 986 2176 L.
1007 2134 1126 2177 Sulla
1157 2138 1291 2179 victor
1321 2152 1365 2178 re
1396 2138 1568 2191 publica

236 2193 473 2247 reciperata
516 2193 699 2234 comitiis
744 2195 993 2235 centuriatis
1031 2194 1247 2236 civitatem
1285 2196 1444 2250 eripere
1482 2211 1568 2237 non
1586 2208 1619 2232 35

235 2252 389 2305 potuit,
414 2251 621 2306 hodieque
641 2250 917 2292 Volaterrani
943 2266 1029 2293 non
1048 2254 1174 2294 modo
1195 2255 1319 2307 cives,
1346 2254 1416 2294 sed
1437 2255 1566 2295 etiam

238 2309 389 2365 optimi
434 2310 546 2351 cives
590 2309 789 2350 fruuntur
833 2310 1054 2351 nobiscum
1099 2312 1225 2353 simul
1262 2312 1340 2353 hac
1377 2312 1565 2366 civitate3
