1687 2533
507 80 607 116 CAP.
633 85 771 116 35—37
798 85 817 124 g
843 85 993 116 94—99.
1336 83 1422 124 493

84 178 277 220 recreari.
344 177 519 232 Accepi,
556 177 798 232 pontifices,
837 192 1041 233 magnum
1080 180 1206 232 atque
1249 179 1424 220 incredi-

84 237 216 278 bilem
256 236 465 289 dolorem;
504 251 590 277 non
626 249 735 290 nego
767 250 901 291 neque
933 236 1062 278 istam
1095 237 1201 278 mihi
1234 237 1422 279 adscisco

86 296 362 350 sapientiam,
402 310 530 349 quam
567 309 653 336 non
690 294 798 335 nulli
835 295 880 336 in
916 309 983 336 me
1023 297 1314 350 requirebant,
1353 297 1424 350 qui

85 368 151 395 me
178 354 319 395 animo
345 354 473 395 nimis
500 353 636 395 fracto
663 367 754 395 esse
781 355 908 408 atque
935 353 1104 396 adflicto
1125 354 1423 409 loquebantur.

48 423 65 450 5
87 413 157 453 An
195 426 274 468 ego
312 415 527 467 poteram,
574 426 668 453 cum
708 427 732 453 a
769 414 837 453 tot
874 427 1016 454 rerum
1054 415 1177 454 tanta
1213 413 1423 454 varietate

85 471 317 524 divellerer,
344 485 448 525 quas
475 470 631 512 idcirco
658 472 890 524 praetereo,
918 471 1028 525 quod
1048 486 1101 512 ne
1121 486 1232 514 nunc
1253 472 1424 526 quidem

85 530 175 571 sine
205 530 308 571 fietu
341 543 674 571 commemorare
705 544 893 584 possum,
925 530 1102 571 infitiari
1133 545 1200 571 me
1234 545 1325 572 esse
1351 531 1424 572 ho-

84 589 243 630 minem
270 592 313 629 et
339 602 606 630 communem
630 590 808 629 naturae
831 602 1001 630 sensum
1022 589 1274 643 repudiare?
1313 589 1423 631 Tum

84 662 184 689 vero
228 662 363 701 neque
408 646 514 688 illud
553 661 693 688 meum
729 646 892 688 factum
930 648 1146 688 laudabile
1184 662 1261 689 nec
1299 648 1424 689 bene-

31 717 65 742 10
83 706 228 748 ficium
272 706 408 747 ullum
452 721 476 747 a
519 719 585 746 me
622 706 666 746 in
703 720 793 746 rem
831 706 1048 760 publicam
1086 706 1325 761 profectum
1366 707 1424 748 di-

84 779 240 818 cerem,
285 764 493 819 siquidem
537 779 586 805 ea
630 764 690 805 rei
734 764 930 818 publicae
971 779 1101 806 causa
1141 766 1423 819 reliquissem,

83 823 238 878 quibus
271 837 406 877 aequo
438 823 580 864 animo
613 837 811 877 carerem,
844 838 1022 878 eamque
1055 824 1187 865 animi
1219 824 1423 865 duritiam

83 882 193 924 sicut
225 881 427 936 corporis,
460 882 570 936 quod
602 896 697 923 cum
728 882 878 936 uritur,
909 897 996 924 non
1029 883 1171 937 sentit,
1203 886 1423 937 stuporem

83 941 226 995 potius
283 955 410 994 quam
465 941 668 981 virtutem
717 943 924 995 putarem.
1006 940 1227 995 Suscipere
1277 944 1422 983 tantos
1438 927 1491 969 37

30 1009 64 1035 15
84 999 215 1040 animi
260 999 427 1040 dolores
473 1001 600 1053 atque
644 1013 712 1052 ea,
757 1013 863 1053 quae
908 1002 1035 1054 capta
1078 1000 1182 1041 urbe
1227 1000 1423 1042 accidunt

82 1058 225 1111 victis,
270 1060 410 1099 stante
453 1057 558 1098 urbe
602 1072 735 1098 unum
778 1059 946 1112 perpeti
993 1061 1035 1099 et
1075 1059 1161 1100 iam
1199 1073 1243 1100 se
1281 1059 1424 1100 videre

83 1116 262 1157 distrahi
306 1131 331 1158 a
368 1117 574 1170 conplexu
613 1131 805 1170 suorum,
849 1117 1083 1158 disturbari
1120 1120 1252 1171 tecta,
1297 1117 1424 1172 diripi

82 1174 296 1228 fortunas,
336 1175 501 1229 patriae
542 1175 720 1229 denique
754 1189 881 1216 causa
911 1176 1098 1230 patriam
1130 1171 1270 1230 ipsam
1303 1177 1425 1217 amit-

82 1236 193 1287 tere,
237 1233 414 1288 spoliari
457 1233 605 1288 populi
649 1233 835 1275 Romani
877 1234 1092 1276 beneficiis
1133 1234 1424 1289 amplissimis,

30 1303 65 1328 20
83 1292 358 1347 praecipitari
391 1306 440 1333 ex
467 1292 679 1333 altissimo
707 1292 932 1347 dignitatis
959 1293 1106 1347 gradu,
1137 1293 1279 1334 videre
1306 1308 1425 1347 prae·

83 1353 272 1391 textatos
309 1350 504 1391 inimicos
544 1350 732 1391 nondum
769 1353 905 1391 morte
947 1351 1212 1405 complorata
1245 1352 1424 1392 arbitria

84 1409 269 1464 petentis
296 1408 457 1449 funeris
488 1433 536 1438 —
565 1408 670 1450 haec
697 1408 840 1450 omnia
867 1409 1008 1450 subire
1035 1410 1424 1451 conservandorum

84 1467 239 1508 civium
277 1480 405 1508 causa
442 1469 570 1521 atque
608 1468 669 1508 ita
692 1468 804 1521 pati,
841 1470 889 1508 ut
923 1467 1115 1509 dolenter
1145 1468 1258 1508 feras
1291 1471 1334 1509 et
1366 1469 1423 1509 sis

83 1540 170 1567 non
200 1528 291 1566 tam
324 1525 492 1579 sapiens
525 1540 653 1580 quam
685 1526 734 1579 ii,
777 1526 849 1579 qui
879 1526 987 1567 nihil
1020 1529 1188 1579 curant,
1228 1526 1301 1567 sed
1333 1529 1423 1568 tam

30 1595 65 1621 25
85 1598 233 1626 amans
266 1586 438 1625 tuorum
471 1598 518 1625 ac
549 1584 624 1637 tui,
657 1599 784 1638 quam
816 1585 1053 1626 communis
1080 1585 1325 1626 humanitas
1351 1600 1423 1640 po-

85 1643 235 1696 stulat,
277 1657 326 1684 ea
356 1643 448 1683 laus
481 1643 701 1696 praeclara
733 1645 859 1697 atque
892 1643 1035 1684 divina
1068 1646 1142 1684 est.
1203 1642 1318 1684 Nam
1351 1644 1421 1698 qui

86 1716 152 1755 ea,
203 1715 310 1755 quae
354 1715 586 1754 numquam
632 1715 730 1742 cara
775 1716 823 1742 ac
866 1702 1048 1743 iucunda
1092 1701 1229 1756 duxit,
1279 1702 1421 1744 animo

87 1774 221 1814 aequo
246 1759 309 1801 rei
333 1759 529 1814 publicae
556 1773 683 1800 causa
709 1759 878 1813 deserit,
902 1760 1068 1802 nullam
1088 1760 1422 1802 benivolentiam

84 1818 300 1874 insignem
342 1818 387 1858 in
430 1832 520 1858 rem
563 1818 778 1872 publicam
823 1817 1030 1872 declarat;
1075 1819 1146 1874 qui
1186 1822 1330 1860 autem
1374 1834 1422 1861 ea

33 1887 68 1912 30
87 1876 289 1931 relinquit
331 1876 394 1918 rei
437 1876 633 1931 publicae
674 1891 821 1930 causa,
867 1891 891 1917 a
929 1878 1082 1931 quibus
1121 1891 1215 1919 eum
1255 1893 1421 1919 summo

86 1934 231 1976 dolore
276 1935 511 1987 divellitur,
558 1935 594 1975 ei
639 1949 738 1976 cara
781 1935 924 1989 patria
961 1938 1040 1989 est,
1084 1936 1202 1978 cuius
1241 1937 1421 1977 salutem

86 1992 255 2034 caritati
301 1993 522 2047 anteponit
567 2007 751 2034 suorum.
818 1992 975 2048 Quare,
1013 1994 1283 2049 dirumpatur
1322 1995 1421 2035 licet

86 2050 171 2092 ista
200 2051 313 2092 furia
339 2054 466 2105 atque
481 2049 539 2105 *ἦ
572 2051 718 2093 audiat
743 2051 847 2093 haec
872 2066 922 2093 ex
949 2067 1027 2106 me,
1060 2053 1262 2107 quoniam
1288 2053 1420 2094 laces-

88 2109 208 2150 sivit:
256 2108 331 2150 Bis
370 2110 534 2151 servavi
570 2124 654 2151 rem
683 2110 909 2163 publicam,
948 2112 1019 2166 qui
1058 2111 1205 2152 consul
1243 2114 1419 2166 togatus

33 2176 68 2204 35
88 2170 277 2208 armatos
301 2167 486 2222 vicerim,
516 2168 707 2222 privatus
734 2169 978 2211 consulibus
1007 2170 1182 2210 armatis
1209 2169 1420 2210 cesserim.

87 2224 320 2279 Utriusque
352 2227 556 2280 temporis
582 2226 765 2268 fructum
792 2227 873 2268 tuli
898 2228 1143 2280 maximum,
1176 2227 1419 2281 superioris,

89 2283 201 2338 quod
227 2297 276 2324 ex
304 2286 473 2325 senatus
501 2285 755 2326 auctoritate
782 2288 824 2326 et
851 2290 1044 2328 senatum
1065 2288 1107 2327 et
1127 2285 1263 2327 omnis
1284 2285 1417 2326 bonos

1451 190 1493 221 97

1450 979 1493 1010 98

1447 2005 1489 2036 99
