1619 2542
85 1461 113 1543 0210

129 89 217 131 300
503 89 594 125 PRO
620 90 661 125 L.
687 88 891 124 MURENA
918 88 1095 124 ORATIO

131 185 403 240 cordiamque
435 185 613 227 adferat.
664 184 824 233 Quodsi
849 184 926 225 illa
953 183 1172 225 sollemnis
1200 183 1471 225 comitiorum

131 244 322 298 precatio
349 244 643 286 consularibus
665 243 865 297 auspiciis
887 245 1136 284 consecrata
1155 244 1320 283 tantam
1341 241 1472 283 habet

131 304 176 345 in
202 317 246 344 se
272 303 359 344 vim
386 306 429 344 et
455 303 717 357 religionem,
743 304 948 356 quantam
975 302 1037 342 rei
1063 301 1258 355 publicae
1284 300 1470 354 dignitas

132 362 335 416 postulat,
367 362 479 403 idem
513 375 593 416 ego
627 376 719 401 sum
746 363 957 414 precatus,
988 363 1036 401 ut
1061 360 1120 401 eis
1148 373 1314 414 quoque
1339 359 1472 400 homi-

132 421 279 473 nibus,
318 420 471 474 quibus
503 420 573 461 hic
605 419 851 460 consulatus
883 433 950 460 me
981 421 1161 473 rogante
1194 417 1317 459 datus
1349 420 1472 468 esset,
1491 428 1508 454 5

135 493 184 520 ea
227 493 294 521 res
338 479 495 533 fauste,
539 477 723 519 feliciter
765 491 1052 532 prospereque
1089 478 1288 518 eveniret.
1356 474 1472 524 Quae

137 552 232 579 cum
271 537 333 579 ita
366 537 470 589 sint,
507 536 682 590 iudices,
721 539 764 577 et
795 551 890 577 cum
923 535 1061 577 omnis
1094 535 1269 577 deorum
1299 534 1473 577 immor-

136 597 291 638 talium
334 599 528 649 potestas
574 598 648 636 aut
687 595 900 636 translata
944 594 1001 635 sit
1045 593 1098 635 ad
1135 609 1210 636 vos
1249 598 1324 635 aut
1360 596 1473 635 certe

136 655 449 697 communicata
487 654 727 706 vobiscum,
770 653 882 694 idem
919 653 1136 694 consulem
1174 655 1339 694 vestrae
1377 652 1474 693 fidei

137 713 418 767 commendat,
450 713 523 767 qui
555 715 682 754 antea
712 712 776 753 dis
808 712 1123 753 immortalibus
1150 710 1473 764 commendavit,
1494 723 1527 747 10

136 775 185 813 ut
223 772 410 813 eiusdem
447 772 635 813 hominis
673 785 773 812 voce
806 773 848 812 et
880 770 1119 811 declaratus
1152 770 1299 812 consul
1332 772 1375 811 et
1406 769 1473 810 de-

136 831 280 872 fensus
326 830 576 872 beneficium
619 829 768 884 populi
805 829 988 870 Romani
1032 843 1126 870 cum
1166 831 1310 870 vestra
1346 830 1474 883 atque

136 889 327 932 omnium
359 889 514 931 civium
547 889 685 930 salute
717 890 899 930 tueatur.

223 947 283 990 Et
327 948 529 1002 quoniam
572 947 617 988 in
653 947 734 988 hoc
771 946 911 988 officio
950 946 1139 987 studium
1177 960 1296 987 meae
1336 945 1474 986 defen-

138 1007 272 1049 sionis
317 1006 372 1047 ab
417 1005 736 1047 accusatoribus
780 1007 908 1059 atque
952 1004 1079 1046 etiam
1122 1005 1218 1058 ipsa
1261 1005 1474 1059 susceptio
1495 1013 1529 1041 15

137 1079 290 1107 causae
322 1065 578 1118 reprehensa
603 1067 679 1116 est,
711 1067 940 1118 antequam
966 1077 1043 1118 pro
1070 1062 1116 1104 L.
1135 1063 1314 1104 Murena
1339 1063 1477 1104 dicere

136 1123 332 1176 instituo,
376 1137 454 1176 pro
500 1137 566 1163 me
611 1123 704 1176 ipso
750 1136 884 1176 pauca
929 1121 1084 1171 dicam,
1127 1136 1213 1163 non
1250 1136 1333 1175 quo
1371 1121 1477 1162 mihi

137 1183 280 1237 potior
325 1181 406 1223 hoe
444 1181 613 1235 quidem
650 1181 695 1221 in
732 1184 925 1234 tempore
963 1181 1021 1221 sit
1057 1179 1188 1221 officii
1226 1180 1310 1221 mei
1348 1194 1476 1235 quam

136 1242 311 1282 huiusce
343 1240 495 1281 salutis
528 1239 736 1293 defensio,
774 1239 846 1280 sed
878 1242 925 1280 ut
956 1252 1050 1280 meo
1082 1238 1196 1280 facto
1229 1238 1351 1280 vobis
1382 1253 1476 1292 pro-

137 1300 240 1341 bato
302 1298 463 1340 maiore
520 1299 775 1340 auctoritate
830 1298 883 1339 ab
939 1297 1065 1339 huius
1121 1297 1299 1350 honore,
1361 1297 1477 1338 fama
1496 1308 1532 1334 2⁰

137 1357 408 1412 fortunisque
452 1357 651 1399 omnibus
696 1357 964 1398 inimieorum
1002 1355 1188 1411 impetus
1225 1355 1477 1411 propulsare

137 1416 311 1472 possim.

227 1474 286 1516 Et
325 1474 510 1528 primum
549 1474 605 1515 M.
638 1472 791 1516 Catoni
829 1475 962 1515 vitam
1004 1473 1056 1515 ad
1097 1475 1257 1515 certam
1295 1472 1475 1514 rationis

139 1548 335 1575 normam
374 1533 585 1588 derigenti
627 1536 670 1574 et
707 1532 1038 1588 diligentissime
1074 1531 1353 1587 perpendenti
1389 1545 1476 1573 mo-

140 1595 286 1634 menta
325 1591 562 1633 officiorum
596 1592 785 1632 omnium
818 1591 868 1631 de
900 1590 1041 1632 officio
1074 1605 1168 1632 meo
1200 1589 1478 1645 respondebo.
1497 1601 1532 1628 25

139 1649 284 1703 Negat
327 1649 460 1691 fuisse
498 1652 661 1691 rectum
703 1649 810 1691 Cato
848 1664 914 1690 me
953 1652 996 1690 et
1036 1649 1251 1691 consulem
1289 1651 1332 1689 et
1368 1648 1477 1703 legis

141 1708 328 1749 ambitus
354 1708 534 1750 latorem
564 1711 606 1749 et
631 1711 721 1749 tam
747 1722 893 1749 severe
919 1711 1042 1763 gesto
1062 1707 1284 1749 consulatu
1304 1721 1476 1748 causam

139 1766 186 1808 L.
217 1766 420 1807 Murenae
464 1766 689 1821 attingere.
758 1765 887 1808 Cuius
931 1766 1206 1821 reprehensio
1249 1779 1316 1806 me
1353 1765 1476 1807 vehe-

141 1828 307 1866 menter
344 1827 506 1878 movet,
543 1839 630 1866 non
667 1825 805 1866 solum
846 1827 892 1866 ut
928 1824 1070 1878 vobis,
1107 1824 1285 1877 iudices,
1323 1824 1476 1878 quibus

141 1883 325 1925 maxime
364 1883 513 1934 debeo,
551 1897 697 1924 verum
735 1883 865 1925 etiam
903 1885 951 1924 ut
990 1883 1072 1937 ipsi
1105 1881 1276 1935 Catoni,
1318 1882 1477 1937 gravis·
1496 1893 1532 1920 30

143 1943 252 1984 simo
285 1943 412 1995 atque
444 1941 722 1996 integerrimo
753 1941 857 1995 viro,
890 1941 1098 1982 rationem
1130 1939 1235 1981 facti
1267 1941 1350 1981 mei
1381 1955 1476 1995 pro—

141 2001 253 2042 bem.
314 2000 353 2041 A
386 2013 470 2053 quo
502 2000 696 2053 tandem,
728 1999 782 2041 M.
804 1999 924 2052 Cato,
956 2001 1021 2040 est
1052 1998 1228 2052 aequius
1260 2000 1477 2041 consulem

143 2058 311 2100 defendi
355 2072 481 2112 quam
525 2072 550 2098 a
594 2058 799 2100 consule?
861 2056 963 2106 Quis
1001 2057 1105 2098 mihi
1142 2056 1186 2098 in
1224 2071 1270 2098 re
1305 2057 1478 2112 publiea

143 2119 290 2172 potest
334 2118 408 2158 aut
451 2116 578 2157 debet
615 2129 706 2157 esse
745 2116 1011 2158 coniunctior
1046 2129 1173 2168 quam
1210 2115 1265 2169 is,
1307 2116 1374 2158 eui
1409 2130 1477 2158 res

142 2175 317 2231 publica
337 2189 362 2215 a
380 2188 448 2215 me
468 2174 513 2215 in
534 2188 705 2215 manum
727 2175 911 2215 traditur
927 2173 1175 2215 sustinenda
1188 2174 1356 2229 magnis
1370 2175 1476 2215 meis
1495 2183 1530 2210 35

144 2233 365 2275 laboribus
398 2235 441 2274 et
470 2232 670 2288 periculis
703 2232 972 2274 sustentata?
1015 2230 1175 2280 Quodsi
1202 2232 1248 2273 in
1272 2232 1325 2274 iis
1350 2233 1477 2273 rebus

143 2291 404 2347 repetendis,
447 2305 553 2345 quae
598 2290 785 2344 mancipi
828 2293 943 2344 sunt,
985 2290 1022 2331 is
1065 2290 1298 2344 periculum
1335 2290 1478 2332 iudicii
