1687 2533
191 1049 233 1081 72

261 121 349 163 416
635 120 728 156 PRO
755 121 795 155 L.
820 119 1005 156 FLACCO
1033 119 1219 156 ORATIO.

261 221 304 259 et
348 218 474 259 multi
519 218 631 260 cives
670 217 856 259 Romani
900 219 999 258 sunt
1038 219 1081 259 et
1117 217 1184 259 ius
1221 232 1246 258 a
1282 220 1431 260 nostro
1469 217 1603 273 magi·

262 280 402 318 stratu
428 277 610 318 dicitur?
657 276 803 317 Otium
823 279 866 316 te
887 275 1081 329 delectat,
1106 276 1216 329 lites,
1240 276 1405 330 turbae,
1431 279 1603 331 praetor

261 336 358 378 odio
391 338 468 389 est,
501 335 763 377 Graecorum
795 335 995 376 libertate
1029 334 1200 390 gaudes.
1249 333 1335 376 Cur
1365 348 1467 390 ergo
1493 349 1604 377 unus

261 397 309 435 tu
342 394 698 448 Apollonidenses
737 393 1058 435 amantissimos
1090 392 1241 447 populi
1272 392 1471 445 Romani,
1502 393 1603 435 fide-

261 453 452 495 lissimos
491 453 653 506 socios,
692 453 934 493 miseriores
972 452 1128 504 habes,
1167 466 1296 506 quam
1327 454 1403 494 aut
1433 451 1638 493 Mithri-5

262 512 382 552 dates
417 514 490 553 aut
523 512 655 552 etiam
686 514 810 565 pater
836 513 935 552 tuus
961 511 1114 552 habuit
1139 511 1373 565 umquam?
1424 509 1510 552 Cur
1534 511 1602 552 his

261 585 337 624 per
369 573 412 611 te
444 570 529 611 frui
556 570 757 610 libertate
785 584 872 622 sua,
904 584 978 611 cur
1004 570 1185 623 denique
1212 583 1304 610 esse
1330 569 1490 611 liberos
1515 584 1603 611 non

262 629 390 670 licet?
431 628 638 670 Homines
666 630 765 669 sunt
790 631 884 669 tota
910 643 960 669 ex
980 627 1088 670 Asia
1106 627 1401 683 frugalissimi,
1428 629 1602 669 sanctis-

262 687 376 741 simi,
421 702 446 728 a
490 686 750 728 Gra-ecorum
794 687 963 728 luxuria
1006 690 1049 728 et
1090 687 1268 728 levitate
1312 686 1602 741 remotissimi,

260 749 403 800 patres
434 745 623 787 familias
651 760 726 787 suo
755 746 952 800 contenti,
984 748 1189 798 aratores,
1220 745 1447 799 rusticani3
1473 759 1600 800 agros
1622 757 1655 782 10

260 805 422 846 habent
464 807 507 846 et
549 808 704 846 natura
746 805 957 858 perbonos
1003 807 1046 845 et
1091 804 1316 859 diligentia
1353 804 1602 859 culturaque

261 863 473 906 meliores,
534 863 584 905 In
623 863 738 905 hisce
777 864 894 919 agris
931 865 979 904 tu
1017 863 1193 916 praedia
1225 863 1383 904 habere
1414 863 1602 905 voluisti.

262 922 447 963 Omnino
481 922 666 975 mallem,
699 924 742 963 et
773 921 910 976 magis
944 926 1036 962 erat
1061 924 1194 975 tuum,
1227 922 1263 962 si
1287 922 1374 963 iam
1399 924 1443 963 te
1470 921 1603 963 crassi

263 981 356 1036 agri
401 981 687 1033 delectabant,
730 980 800 1021 hic
845 981 1002 1021 alicubi
1046 981 1091 1021 in
1129 979 1402 1022 Crustumino
1446 983 1522 1022 aut
1556 980 1602 1022 in

262 1039 471 1094 Capenati
501 1040 757 1094 paravisses.
806 1037 968 1080 Verum
1001 1041 1111 1093 est03
1146 1037 1322 1080 Catonis
1348 1042 1416 1080 est
1441 1039 1602 1081 dictum
1621 1050 1654 1077 15

261 1097 497 1153 ‘pedibus
531 1098 853 1151 compensari
884 1096 1184 1152 pecuniam.'
1246 1097 1394 1153 Longe
1427 1098 1600 1140 omnino

262 1172 286 1197 a
317 1156 463 1197 Tiberi
501 1156 554 1197 ad
587 1155 779 1210 Caicum,
819 1171 901 1211 quo
937 1156 982 1197 in
1013 1156 1105 1197 loco
1139 1156 1270 1197 etiam
1303 1157 1600 1211 Agamemnon

260 1230 356 1256 culn
383 1215 570 1256 exercitu
596 1218 794 1267 errasset,
819 1214 904 1256 nisi
930 1215 1078 1256 ducem
1097 1214 1335 1269 Telephum
1355 1215 1600 1256 invenisset.

262 1272 344 1314 Sed
376 1273 559 1314 concedo
592 1273 636 1314 id
668 1287 853 1327 quoque3
884 1274 1046 1327 placuit
1072 1273 1288 1327 oppidum,
1319 1273 1438 1328 regio
1465 1273 1600 1315 delec-

190 1332 245 1373 30
261 1332 383 1374 tavit.
444 1331 647 1373 Emisses.
708 1332 923 1385 Amyntas
957 1335 1022 1373 est
1053 1346 1220 1387 genere,
1250 1332 1424 1385 honore,
1456 1332 1599 1373 existi·
1620 1344 1653 1369 20

189 1751 232 1782 73

189 2334 232 2366 74

259 1391 465 1444 matione,
503 1390 683 1445 pecunia
720 1392 917 1445 princeps
955 1391 1070 1432 illius
1103 1391 1302 1432 civitatis.
1363 1390 1501 1432 Huius
1535 1405 1599 1432 so-

260 1464 395 1503 crum,
439 1449 662 1490 mulierem
705 1449 911 1490 imbecilli
956 1449 1140 1503 consilii,
1186 1449 1291 1491 satis
1330 1450 1599 1504 locupletem,

259 1507 435 1563 pellexit
467 1508 679 1549 Decianus
712 1508 765 1549 ad
798 1522 889 1549 sese
922 1511 976 1560 et,
1009 1523 1104 1550 cum
1135 1508 1223 1562 illa,
1256 1508 1356 1562 quid
1389 1511 1599 1564 ageretur,

258 1567 454 1620 nesciret,
477 1566 523 1607 in
548 1567 819 1621 possessione
845 1567 1118 1621 praediorum
1139 1568 1227 1607 eius
1248 1566 1456 1608 familiam
1477 1580 1598 1608 suam

259 1625 503 1678 collocavit3
542 1639 716 1666 uxorem
757 1625 934 1666 abduxit
972 1626 1024 1667 ab
1056 1626 1245 1680 Amynta
1276 1628 1597 1680 praegnantem,
1618 1637 1651 1662 25

259 1698 367 1737 quae
410 1684 577 1737 peperit
616 1684 728 1738 apud
765 1683 1001 1725 Decianum
1038 1684 1191 1737 filiam,
1236 1683 1448 1737 hodieque
1486 1684 1599 1739 apud

259 1741 493 1783 Decianum
533 1745 599 1783 est
636 1746 678 1783 et
714 1757 820 1784 uxor
853 1743 1068 1797 Amyntae
1107 1745 1149 1783 et
1186 1742 1286 1784 filia.
1348 1741 1464 1784 Num
1496 1742 1598 1797 quid

257 1800 411 1841 harum
449 1815 591 1841 rerum
629 1815 655 1842 a
692 1801 992 1855 me'fingitur,
1031 1800 1244 1842 Deciane‘?
1306 1799 1456 1842 Sciunt
1492 1800 1598 1843 haec

259 1872 403 1899 omnes
435 1859 613 1913 nobiles,
646 1860 787 1900 sciunt
818 1860 919 1900 boni
950 1859 1043 1913 viri,
1075 1860 1216 1900 sciunt
1247 1859 1427 1914 denique
1458 1860 1597 1901 nostri

256 1916 470 1969 homines,
513 1918 667 1959 sciunt
723 1918 954 1959 mediocres
1003 1919 1308 1973 negotiatores.
1386 1917 1592 1973 Exsurge,
1612 1930 1648 1955 3⁰

257 1975 459 2029 Amynta,
490 1978 633 2028 repete
661 1991 685 2017 a
710 1975 896 2018 Deciano
922 1991 1008 2018 non
1033 1976 1269 2031 pecuniam,
1294 1990 1382 2018 non
1406 1977 1592 2031 praedia,

259 2047 428 2075 socrum
460 2033 638 2087 denique
671 2035 754 2076 sibi
784 2035 962 2089 habeat3
994 2036 1195 2076 restituat
1227 2049 1414 2089 uxorem,
1445 2035 1594 2076 reddat

257 2092 413 2133 misero
452 2092 565 2144 patri
601 2092 747 2134 filiam.
815 2092 1026 2148 Membra,
1063 2106 1168 2147 quae
1207 2093 1453 2135 debilitavit
1489 2094 1595 2148 lapi-

258 2150 400 2201 dibus,
437 2150 640 2203 fustibus,
677 2151 810 2204 ferro,
842 2166 1010 2206 manus,
1043 2165 1149 2205 quas
1182 2153 1392 2206 contudit,
1424 2152 1595 2208 digitos,

258 2223 364 2262 quos
397 2208 627 2262 confregit,
663 2223 835 2263 nervos,
873 2224 980 2264 quos
1012 2209 1212 2264 concidit,
1250 2211 1476 2252 restituere
1506 2225 1594 2252 non
1612 2221 1646 2247 ³5

258 2268 419 2322 potest3
439 2267 585 2321 filiam,
604 2267 751 2320 filiam,
772 2269 958 2323 inquam,
978 2282 1233 2310 aerumnoso
1249 2270 1374 2323 patri,
1394 2269 1592 2322 Deciane,

259 2325 396 2367 redde.
458 2325 574 2367 Haec
606 2325 756 2367 Flacco
794 2341 882 2368 non
917 2327 1123 2381 probasse
1160 2329 1203 2367 te
1242 2327 1441 2369 miraris?
1503 2325 1594 2381 Cui,
