1687 2533
171 268 213 302 88

167 1032 211 1064 89

166 1617 209 1648 90

241 103 328 145 490
430 103 494 138 DE
520 103 658 139 DOMO
686 103 775 139 SUA
802 104 868 139 AD
895 104 1176 141 PONTIFICES
1203 106 1392 142 ORATIO.

242 199 413 241 consule
456 200 700 254 reducente,
745 201 879 242 altero
920 203 1117 255 praetore
1156 202 1416 257 quiescente,
1459 206 1580 246 tuum

241 258 379 300 scelus
405 273 546 299 meum
571 259 776 312 probrum
801 262 928 313 putas
956 274 1047 300 esse
1074 261 1300 314 oportere?
1350 262 1425 315 Ac,
1451 262 1487 303 si
1512 277 1579 305 me

240 317 423 371 populus
468 316 686 359 Romanus
727 317 929 359 incitatus
975 318 1194 360 iracundia
1238 322 1312 361 aut
1355 320 1514 362 invidia
1558 336 1579 363 e

241 376 413 417 civitate
440 376 632 417 eiecisset
658 376 853 430 idemque
878 379 1030 431 postea
1057 392 1151 419 mea
1176 378 1220 418 in
1245 393 1333 419 rem
1359 379 1577 433 publicam

240 434 444 475 beneficia
476 434 725 475 recordatus
758 449 803 476 se
835 435 1095 490 collegisset,
1129 437 1415 478 temeritatem
1448 441 1577 493 atque
1596 449 1612 475 5

239 493 440 533 iniuriam
473 507 598 533 suam-
624 493 897 535 restitutione
930 508 1024 535 mea
1048 495 1402 550 reprehendisset,
1434 500 1579 538 tamen

239 551 431 605 profecto
464 565 588 592 nemo
622 555 710 593 tam
744 555 858 594 esset
890 567 1047 606 amens,
1081 554 1153 607 qui
1185 554 1291 595 mihi
1316 555 1403 596 tale
1429 556 1577 610 populi

240 610 440 651 iudicium
479 624 566 651 non
604 610 806 665 dignitati
844 611 986 664 potius
1020 626 1147 665 quam
1181 613 1374 655 dedecori
1405 617 1578 668 putaret

241 682 332 709 esse
365 671 574 722 oportere.
623 669 748 711 Nunc
779 684 877 711 vero
911 684 1006 711 cum
1037 685 1104 712 me
1129 671 1174 711 in
1201 671 1402 713 iudicium
1427 673 1577 727 populi

238 741 363 768 nemo
396 727 585 768 omnium
619 728 793 781 vocarit,
826 728 1098 770 condemnari
1130 743 1216 771 non
1248 730 1472 785 potuerim,
1505 731 1575 786 qui
1597 744 1629 768 10

240 788 463 827 accusatus
495 800 582 828 non
615 786 707 840 sim,
739 787 919 841 denique
945 802 997 829 ne
1023 788 1172 842 pulsus
1199 788 1367 842 quidem
1394 789 1456 831 ita
1483 790 1576 844 sim,

239 847 303 898 ut,
343 844 378 886 si
410 845 726 899 contenderem,
765 860 963 900 superare
994 860 1080 888 non
1111 861 1301 901 possem,
1342 851 1576 902 contraque

240 918 264 944 a
295 904 452 957 populo
486 903 679 945 Romano
713 918 879 959 semper
912 905 991 945 sim
1024 904 1238 960 defensus,
1277 906 1576 961 amplificatus,

239 965 426 1016 ornatus,
459 962 559 1016 quid
591 965 667 1016 est,
699 977 828 1017 quare
859 963 1082 1018 quisquam
1114 964 1219 1005 mihi
1253 979 1296 1005 se
1322 965 1417 1018 ipsa
1441 980 1574 1020 popu-

239 1021 320 1061 lari
361 1020 526 1062 ratione
565 1021 829 1076 anteponat?
897 1021 966 1062 An
1003 1024 1050 1063 tu
1087 1023 1295 1076 populum
1332 1023 1574 1065 Romanum
1596 1035 1627 1060 15

239 1093 330 1120 esse
362 1079 486 1120 illum
518 1083 657 1133 putas,
690 1080 761 1133 qui
794 1082 962 1121 constat
993 1080 1134 1134 exiis,
1167 1081 1239 1134 qui
1264 1082 1454 1123 mercede
1481 1097 1574 1124 con-

239 1138 466 1190 ducuntur,
504 1138 577 1192 qui
609 1139 892 1192 inpelluntur,
923 1141 971 1179 ut
1002 1139 1088 1180 vim
1123 1139 1317 1181 adferant
1349 1141 1574 1196 magistra·

237 1196 372 1250 tibus,
414 1198 462 1236 ut
499 1196 723 1238 obsideant
760 1199 973 1250 senatum,
1012 1200 1163 1252 optent
1200 1199 1353 1240 cotidie
1391 1199 1573 1253 caedem,

237 1254 442 1308 incendia,
462 1255 664 1309 rapinas?
687 1270 810 1309 quem
830 1258 878 1296 tu
898 1258 1039 1296 tamen
1060 1257 1266 1310 populum
1287 1257 1368 1298 nisi
1383 1257 1572 1298 tabernis

238 1313 394 1354 clausis
443 1312 713 1367 frequentare
763 1329 849 1355 non
894 1318 1084 1368 poteras,
1135 1315 1201 1356 cui
1243 1316 1402 1370 populo
1447 1316 1572 1358 duces
1592 1328 1626 1353 20

238 1371 469 1425 Lentidios,
500 1371 677 1426 Lollios,
708 1372 967 1428 Plaguleios,
999 1371 1171 1428 Sergios
1204 1374 1481 1427 praefeceras.
1537 1374 1572 1416 O

237 1430 421 1484 speciem
467 1430 802 1485 dignitatemque
840 1432 988 1486 populi
1026 1431 1226 1486 Romani,
1271 1447 1399 1487 quam
1436 1447 1572 1489 reges,

238 1503 365 1542 quam
396 1489 592 1530 nationes
620 1492 800 1540 exteiffae
833 1505 960 1544 quam
994 1492 1143 1545 gentes
1170 1491 1348 1533 ultimae
1373 1493 1572 1546 pertime-

237 1550 372 1600 scant,
402 1548 720 1589 multitudinem
752 1549 972 1590 hominum
999 1563 1048 1589 ex
1081 1550 1226 1603 servis,
1259 1564 1307 1591 ex
1340 1550 1572 1604 conductis,

238 1620 288 1647 ex
325 1606 595 1661 facinerosis,
632 1622 682 1648 ex
719 1607 942 1662 egentibus
982 1609 1309 1663 congregatam!
1370 1608 1452 1650 Illa
1488 1609 1570 1650 fuit
1590 1619 1623 1644 25

236 1664 509 1717 pulchritudo
535 1666 682 1720 populi
708 1665 902 1718 Romani,
928 1666 1005 1707 illa
1030 1666 1179 1720 forma,
1208 1681 1334 1721 quam
1355 1667 1399 1708 in
1420 1682 1569 1721 campo

236 1722 380 1763 vidisti
419 1726 528 1777 tum,
566 1738 661 1765 cum
693 1724 823 1765 etiam
855 1724 936 1765 tibi
968 1727 1117 1766 contra
1149 1727 1321 1766 senatus
1355 1726 1570 1780 totiusque

235 1780 388 1822 Italiae
428 1783 727 1824 auctoritatem
766 1785 809 1824 et
841 1783 1027 1824 studium
1060 1783 1224 1824 dicendi
1254 1786 1445 1837 potestas
1476 1784 1569 1825 fuit.

235 1838 315 1880 Ille
342 1840 527 1894 populus
548 1844 612 1882 est
632 1841 827 1882 dominus
848 1856 1007 1896 regum,
1033 1841 1169 1883 victor
1190 1845 1317 1896 atque
1336 1842 1570 1896 imperator

235 1898 424 1938 omnium
457 1899 667 1953 gentium,
705 1914 829 1954 quem
861 1900 934 1941 illo
968 1900 1203 1941 clarissimo
1237 1900 1320 1954 die,
1352 1900 1570 1955 scelerate,
1588 1912 1622 1937 30

234 1956 381 1997 vidisti
412 1959 516 2010 tum,
549 1972 642 1998 cum
676 1972 822 2000 omnes
854 1958 1065 2013 principes
1099 1958 1298 2011 civitatis,
1330 1973 1475 2000 omnes
1506 1973 1570 2001 or-

235 2014 379 2055 dinum
419 2017 547 2069 atque
586 2018 775 2057 aetatum
816 2017 1003 2058 omnium
1043 2017 1292 2071 suffragium
1327 2031 1370 2058 se
1401 2032 1488 2059 non
1519 2017 1570 2059 de

234 2073 355 2127 civis,
408 2073 481 2114 sed
524 2073 574 2114 de
618 2074 804 2115 civitatis
848 2075 985 2116 salute
1029 2075 1137 2116 ferre
1182 2075 1429 2129 censebant,
1474 2090 1569 2118 cum

235 2131 414 2185 denique
446 2131 639 2173 homines
672 2133 716 2173 in
748 2147 944 2187 campum
975 2147 1060 2174 non
1091 2133 1300 2187 tabernis,
1332 2134 1403 2175 sed
1437 2134 1569 2175 muni-

163 2176 219 2216 34
234 2190 355 2244 cipiis
388 2190 542 2232 clausis
575 2194 792 2232 venerunt.
842 2191 935 2233 Hoc
967 2205 1046 2246 ego
1078 2192 1251 2247 populo,
1283 2192 1320 2233 si
1351 2196 1442 2233 tum
1473 2207 1567 2234 con·
1587 2202 1621 2228 35

190 2228 348 2289 lsules
400 2251 473 2290 aut
522 2248 703 2290 fuissent
752 2249 797 2290 in
846 2264 890 2290 re
934 2249 1105 2303 publica
1149 2252 1223 2290 aut
1267 2251 1439 2292 omnino
1482 2265 1568 2292 non

232 2306 428 2361 fuissent,
453 2307 572 2349 nullo
599 2307 746 2349 labore
774 2311 848 2349 tuo
875 2307 1099 2362 praecipiti
1124 2307 1259 2350 fur·01i
1286 2309 1444 2363 atque
1434 2309 1567 2364 impio
