1687 2533
212 82 298 124 354
604 82 698 117 PRO
724 82 763 118 P.
791 82 942 118 SULLA
969 82 1160 118 ORATIO.

211 193 306 220 meo
339 178 511 234 ingenio
545 179 656 231 dare,
688 181 736 219 ut
767 181 835 220 tot
866 193 933 220 res
966 181 1124 231 tantas,
1156 181 1246 220 tam
1278 180 1430 233 varias,
1461 182 1552 221 tam

210 238 458 292 repentinas
496 238 541 278 in
578 238 656 278 illa
696 237 1069 278 turbulentissima
1099 240 1355 291 tempestate
1386 238 1448 279 rei
1479 254 1552 293 pu-

212 297 350 338 blicae
388 311 484 337 mea
523 299 674 350 sponte
714 295 988 351 dispexerim)
1027 311 1103 337 vos
1135 296 1328 350 profecto
1361 298 1551 338 animum

212 370 354 396 meum
379 358 471 396 tum
499 355 813 396 conservandae
840 355 1005 408 patriae
1032 355 1265 409 cupiditate
1290 356 1552 410 incendistis,

212 428 288 455 vos
326 429 392 455 me
432 414 485 454 ab
526 413 723 455 omnibus
762 414 915 455 ceteris
954 414 1290 469 cogitationibus
1332 414 1385 456 ad
1422 425 1588 456 unam5

214 473 397 514 salutem
429 472 490 513 rei
522 472 719 526 publicae
752 473 1034 525 convertistis,
1065 487 1141 514 vos
1175 473 1354 528 denique
1384 473 1430 514 in
1460 476 1552 514 tan—

212 532 269 572 tis
308 531 496 572 tenebris
536 531 693 572 erroris
732 534 774 572 et
805 531 1057 573 inscientiae
1089 532 1376 573 clarissimum
1407 533 1552 573 lumen

141 601 184 630 41
213 590 347 631 menti
386 604 503 631 meae
541 590 820 644 praetulistis.
870 589 970 631 Vidi
1008 604 1086 645 ego
1125 590 1225 645 hoc,
1256 591 1432 644 iudices,
1468 591 1551 632 nisi

213 648 373 690 recenti
420 649 627 690 memoria
672 651 844 690 senatus
890 651 1192 690 auctoritatem
1236 649 1361 691 huius
1405 649 1550 690 indicii

212 708 501 748 monumentis
527 708 711 762 publicis
738 709 922 749 testatus
950 722 1099 761 essem,
1130 708 1221 749 fore
1247 710 1295 749 ut
1321 708 1549 763 aliquando
1572 720 1607 745 10

211 781 299 807 non
325 766 567 820 Torquatus
600 781 736 820 neque
764 766 972 821 Torquati
1004 766 1216 820 quispiam
1250 766 1402 808 similis
1432 765 1551 823 (nam

212 826 255 865 id
305 840 371 866 me
422 826 605 866 multum
654 825 848 878 fefellit),
900 825 972 866 sed
1015 828 1062 865 ut
1107 825 1261 879 aliquis
1302 825 1553 879 patrimonii

212 884 469 938 naufragus,
505 884 701 925 inimicus
744 884 838 937 otii,
880 884 1086 925 bonorum
1119 884 1258 925 hostis
1292 885 1418 926 aliter
1447 885 1552 925 indi-

213 946 309 984 cata
346 943 451 984 haec
490 957 581 983 esse
623 943 796 996 diceret,
836 957 918 996 quo
956 942 1125 983 facilius
1158 946 1285 984 vento
1328 943 1468 997 aliquo
1507 943 1552 984 in

214 1002 423 1055 optimum
451 1015 658 1055 quemque
687 1001 870 1042 excitato
896 1005 1044 1055 posset
1063 1001 1108 1042 in
1128 1001 1252 1042 malis
1272 1002 1334 1043 rei
1354 1002 1551 1056 publicae
1572 1012 1605 1039 15

212 1063 386 1113 portum
431 1060 616 1113 aliquem
661 1074 835 1100 suorum
882 1060 1092 1101 malorum
1136 1060 1339 1101 invenire.
1400 1060 1551 1114 Itaque

213 1119 469 1160 introductis
507 1119 552 1159 in
593 1121 788 1159 senatum
826 1118 1035 1159 indicibus
1076 1119 1280 1160 constitui
1321 1121 1552 1173 senatores,

214 1178 286 1231 qui
325 1178 468 1218 omnia
505 1177 691 1218 indicum
730 1177 861 1230 dicta,
899 1177 1183 1231 interrogata,
1221 1191 1428 1231 responsa
1458 1192 1551 1232 per-

141 1245 185 1275 42
215 1236 461 1277 scriberent.
523 1235 584 1276 At
611 1250 717 1289 quos
748 1236 882 1277 viros!
913 1250 1000 1277 non
1031 1236 1170 1277 solum
1197 1250 1363 1277 summa
1393 1236 1551 1277 virtute

214 1298 256 1335 et
288 1294 382 1346 fide,
415 1294 533 1336 cuius
568 1295 736 1349 generis
770 1296 862 1335 erat
895 1295 939 1335 in
965 1297 1114 1336 senatu
1140 1295 1325 1336 facultas
1352 1295 1551 1349 maxima,
1571 1307 1607 1332 20

214 1353 287 1394 sed
319 1354 450 1394 etiam
483 1367 587 1407 quos
622 1353 808 1394 sciebam
840 1353 1064 1406 memoria,
1104 1354 1298 1407 scientia,
1335 1354 1552 1395 celeritate

214 1412 424 1454 scribendi
466 1411 685 1463 facillime,
731 1426 838 1466 quae
877 1412 1134 1465 dicerentur,
1179 1412 1378 1466 persequi
1415 1426 1552 1466 posse,

214 1469 258 1512 C.
293 1470 568 1523 Cosconium,
606 1470 678 1524 qui
716 1472 807 1511 tum
846 1473 938 1512 erat
979 1474 1168 1524 praetor,
1207 1471 1261 1511 M.
1294 1470 1552 1524 Messallam,

214 1530 286 1583 qui
317 1532 408 1570 tum
442 1532 687 1583 praeturam
719 1529 912 1583 petebat,
943 1528 990 1572 Ρ.
1021 1529 1254 1585 Nigidium,
1286 1530 1398 1584 App.
1414 1528 1552 1570 “Clau-

215 1588 343 1628 dium.
411 1586 546 1629 Credo
593 1602 685 1629 esse
721 1588 953 1641 neminem,
999 1588 1070 1642 qui
1109 1588 1176 1629 his
1215 1588 1460 1629 hominibus
1499 1588 1552 1629 ad
1571 1598 1605 1624 25

216 1661 313 1687 vere
340 1646 607 1687 referendum
636 1648 709 1687 aut
734 1647 861 1687 fidem
880 1649 1004 1701 putet
1024 1649 1098 1688 aut
1117 1647 1335 1701 ingenium
1356 1646 1552 1688 defuisse.

148 1703 355 1752 15Quid?
400 1705 549 1746 deinde
594 1705 695 1759 quid
737 1705 847 1746 fec-i?
911 1704 1017 1747 Cum
1062 1705 1214 1746 scirem
1257 1705 1320 1746 ita
1364 1719 1454 1746 esse
1490 1705 1552 1745 in-

217 1763 371 1804 dicium
410 1764 595 1804 relatum
632 1764 678 1804 111
715 1764 886 1804 tabulas
918 1764 1129 1818 publicas,
1166 1766 1214 1804 ut
1245 1764 1347 1804 illae
1378 1763 1552 1804 tabulae

214 1822 386 1876 privata
423 1825 567 1862 tamen
606 1823 801 1863 custodia
832 1837 949 1863 more
981 1822 1192 1863 maiorum
1224 1822 1552 1874 continerentur,

214 1894 302 1921 non
334 1880 556 1933 occultavi,
586 1895 672 1921 non
704 1881 897 1921 continui
928 1881 1054 1935 domi,
1086 1881 1160 1921 sed
1191 1881 1338 1921 statim
1371 1880 1553 1921 describi
1570 1891 1606 1918 30

217 1939 270 1980 ab
299 1938 496 1979 omnibus
522 1939 722 1992 librariis,
749 1939 879 1980 dividi
903 1939 1066 1994 passim
1092 1941 1134 1980 et
1158 1938 1404 1992 pervulgari
1424 1941 1552 1993 atque

217 1997 283 2038 edi
330 1997 492 2062 populo
542 1996 737 2038 Romano
787 1998 1008 2063 imperavi.
1080 1996 1219 2038 Divisi
1268 1999 1363 2038 tota
1411 1996 1551 2050 Italia,

219 2056 340 2097 emisi
371 2056 414 2095 in
447 2069 593 2096 omnes
627 2055 883 2109 provincias3
917 2056 1006 2097 eius
1032 2055 1188 2108 indicii,
1219 2069 1269 2096 ex
1295 2070 1378 2109 quo
1405 2056 1552 2097 oblata

219 2114 335 2154 salus
381 2116 493 2154 esset
532 2113 747 2167 omnibus,
794 2117 1009 2169 expertem
1047 2128 1138 2155 esse
1174 2113 1386 2155 neminem
1423 2114 1552 2156 volui.

145 2183 190 2213 43
218 2171 370 2226 Itaque
403 2172 494 2213 dico
527 2171 667 2212 locum
699 2172 743 2212 111
776 2173 877 2213 orbe
902 2175 1113 2214 terrarum
1140 2186 1232 2213 0330
1257 2173 1433 2226 nullum,
1466 2187 1549 2226 quo
1569 2182 1604 2209 35

217 2232 263 2271 in
301 2232 395 2272 loco
434 2230 583 2285 populi
614 2230 799 2270 Romani
836 2245 989 2272 nomeu
1028 2231 1101 2283 sit,
1140 2231 1243 2284 quin
1281 2231 1426 2272 eodem
1459 2245 1551 2285 per-

217 2289 425 2344 scriptum
461 2289 543 2331 hoc
579 2288 783 2329 indicium
819 2289 1071 2343 pervenerit.
1131 2287 1183 2329 In
1221 2303 1303 2343 quo
1343 2302 1421 2344 ego
1459 2292 1551 2331 tam
