1619 2542
521 124 622 161 CAP.
649 129 765 160 8—10
791 128 810 167 §
837 129 986 162 22-27.
1374 127 1461 169 243

120 221 371 278 imaginem,
415 237 544 277 quam
586 221 738 275 habes,
781 221 1011 275 inveneris3
1061 236 1163 263 nam
1208 221 1299 264 Sex.
1345 223 1461 266 Titio

121 282 324 323 damnato
350 281 423 335 qui
447 281 578 322 istam
603 280 761 321 habere
788 281 974 335 auderet,
1005 280 1204 323 inventus
1228 284 1298 325 *est
1323 297 1460 325 nemo.

121 340 243 389 Quod
269 343 316 381 tu
343 341 379 381 si
406 340 596 381 audisses
624 342 698 380 aut
724 339 760 380 si
784 354 861 394 per
887 341 1070 381 aetatem
1098 340 1206 384 scire
1233 341 1462 396 potuisses,

120 414 353 453 numquam
384 399 577 454 profecto
610 398 740 439 istam
765 398 1011 453 imaginem,
1043 413 1150 452 quae
1178 399 1292 441 domi
1317 401 1460 455 posita

85 469 101 494 5
120 460 286 513 pestem
325 460 452 511 atque
485 457 657 498 exilium
689 455 783 498 Sex.
815 457 929 499 Titio
963 457 1197 512 attulisset,
1234 458 1279 500 in
1316 462 1460 501 rostra

121 520 249 571 atque
281 516 326 557 in
357 516 598 558 contionem
631 516 849 558 attulisses
881 531 959 558 nec
990 518 1087 558 tuas
1113 532 1316 572 umquam
1342 520 1458 560 rates

121 576 173 617 ad
200 590 271 617 eos
299 576 497 630 scopulos
523 575 775 629 appulisses,
801 575 853 616 ad
880 589 986 629 quos
1013 574 1104 617 Sex.
1125 575 1215 616 Titi
1242 577 1458 619 adflictam

119 649 272 676 navem
299 637 342 675 et
367 634 412 675 in
438 634 591 688 quibus
619 632 664 675 C.
685 633 862 675 Deciani
886 633 1162 689 naufragium
1186 635 1459 677 fortunarum

120 693 296 735 videres.
348 691 430 734 Sed
455 694 500 734 in
524 693 592 734 his
612 693 740 734 rebus
762 691 960 734 omnibus
979 693 1268 747 imprudentia
1287 695 1460 736 laberis.

67 763 101 788 10
120 751 305 794 Causam
356 752 467 793 enim
516 752 741 806 suscepisti
792 751 1078 806 antiquiorem
1122 753 1330 794 memoria
1372 756 1460 807 tua,

122 826 229 865 quae
268 825 395 852 causa
433 812 530 852 ante
568 813 738 852 mortua
776 813 857 864 est,
897 825 1025 864 quam
1062 813 1107 852 tu
1146 814 1274 853 natus
1314 827 1379 866 es3
1417 815 1460 853 et

121 885 204 925 qua
247 870 293 910 in
335 884 463 911 causa
505 871 598 910 tute
642 868 834 924 profecto
872 869 1045 923 fuisses,
1087 870 1123 911 si
1159 885 1235 925 per
1273 873 1458 912 aetatem

120 943 212 970 esse
255 929 487 983 potuisses,
531 943 625 970 eam
663 943 835 970 causam
866 928 912 969 in
948 928 1149 969 iudicium
1188 944 1326 972 vocas.
1390 930 1494 971 An·

119 1002 205 1029 non
234 987 474 1042 intellegis,
505 987 692 1042 primum
725 1002 830 1041 quos
861 987 1057 1028 homines
1090 990 1133 1028 et
1166 989 1310 1042 quales
1342 989 1458 1030 viros

68 1057 101 1082 15
121 1048 313 1088 mortuos
352 1046 508 1087 summi
545 1046 717 1087 sceleris
757 1060 932 1112 arguas,
975 1046 1124 1088 deinde
1163 1050 1268 1101 quot
1299 1062 1349 1089 ex
1379 1048 1460 1101 his,

120 1105 191 1159 qui
234 1105 402 1159 vivunt,
455 1104 603 1146 eodem
655 1105 832 1147 crimine
876 1105 919 1145 in
964 1119 1178 1146 summum
1221 1106 1459 1159 periculum

120 1163 274 1217 capitis
307 1163 527 1205 arcessas?
588 1162 713 1218 Nam,
753 1164 788 1205 si
815 1162 858 1205 C.
885 1163 1087 1205 Rabirius
1119 1164 1312 1206 fraudem
1346 1167 1458 1220 capi-

118 1223 251 1263 talem
285 1222 470 1277 admisit,
503 1223 615 1276 quod
647 1237 768 1264 arma
799 1225 948 1264 contra
974 1222 1019 1264 L.
1041 1222 1320 1265 Saturninum
1347 1225 1458 1276 tulit,

124 1281 222 1322 huic
261 1281 430 1335 quidem
468 1281 632 1323 adferet
671 1281 860 1335 aliquam
899 1281 1241 1336 deprecationem
1281 1283 1459 1336 periculi

67 1351 100 1376 20
121 1343 239 1381 aetas
275 1340 370 1394 illa,
414 1354 498 1394 qua
534 1342 627 1380 tum
663 1339 762 1393 fuit,
807 1340 853 1388 Q.
887 1355 986 1381 vero
1026 1339 1245 1395 Catulum,
1289 1344 1458 1396 patrem

120 1398 262 1451 huius,
293 1400 338 1439 in
370 1413 453 1452 quo
486 1413 654 1440 summa
686 1398 914 1452 sapientia,
947 1398 1103 1439 eximia
1134 1399 1284 1451 virtus,
1316 1400 1457 1453 singu-

119 1457 222 1498 laris
254 1457 501 1498 humanitas
531 1457 632 1509 fuit,
669 1456 725 1498 M.
752 1455 975 1510 Scaurum,
1006 1457 1083 1497 illa
1116 1458 1348 1511 gravitate,
1379 1458 1456 1499 illo

120 1515 318 1568 consilio,
349 1515 427 1556 illa
457 1515 703 1570 prudentia,
736 1515 841 1556 duos
872 1515 1049 1568 Mucios,
1081 1514 1124 1556 L.
1160 1514 1375 1569 Crassum,
1401 1516 1458 1560 M.

121 1574 374 1627 Antonium,
413 1574 485 1627 qui
524 1576 616 1614 tum
659 1576 779 1614 extra
810 1574 959 1614 urbem
991 1588 1086 1615 cum
1117 1574 1330 1628 praesidio
1361 1574 1457 1629 fuit,

68 1643 101 1669 25
122 1646 301 1686 quorum
338 1632 384 1673 in
419 1633 500 1673 hac
539 1632 710 1673 civitate
740 1633 867 1686 longe
899 1632 1086 1672 maxima
1117 1633 1297 1674 consilia
1329 1636 1457 1688 atque

119 1691 294 1746 ingenia
330 1691 520 1743 fuerunt,
559 1693 721 1731 ceteros
759 1690 855 1744 pari
893 1690 1103 1745 dignitate
1134 1692 1352 1744 praeditos
1390 1707 1457 1734 cu-

121 1749 263 1791 stodes
297 1749 689 1804 gubernatoresque
720 1748 782 1789 rei
812 1749 1008 1803 publicae
1041 1763 1166 1803 quem
1198 1750 1251 1791 ad
1282 1751 1456 1792 modum

121 1811 312 1849 mortuos
340 1807 641 1849 defendemus?
692 1806 800 1855 Quid
827 1807 876 1848 de
901 1807 988 1848 illis
1014 1807 1327 1850 honestissimis
1353 1810 1456 1851 viris

124 1870 251 1921 atque
278 1867 453 1922 optimis
480 1866 654 1920 civibus,
680 1865 894 1919 equitibus
914 1865 1132 1921 Romanis,
1159 1867 1358 1922 dicemus,
1384 1870 1457 1922 qui

70 1936 104 1961 30
122 1927 214 1966 tum
240 1940 325 1967 una
349 1940 445 1966 cum
472 1927 622 1966 senatu
649 1925 831 1965 salutem
851 1924 913 1965 rei
931 1925 1128 1979 publicae
1148 1925 1455 1968 defenderunt?

123 1983 223 2048 quid
265 1984 315 2025 de
352 1983 535 2025 tribunis
577 1983 752 2024 aerariis
791 1985 1111 2038 ceterorumque
1144 1984 1338 2026 ordinum
1370 2000 1456 2027 om-

121 2042 239 2082 nium
264 2042 521 2097 hominibus,
548 2043 620 2096 qui
646 2044 738 2082 tum
766 2056 885 2083 arma
909 2057 988 2097 pro
1014 2044 1228 2084 communi
1254 2043 1455 2084 libertate

1483 1820 1526 1852 27

123 2101 352 2154 ceperunt?
414 2099 496 2142 Sed
534 2100 634 2155 quid
672 2114 751 2155 ego
784 2100 834 2141 de
864 2099 917 2141 iis
949 2101 1164 2155 omnibus,
1204 2101 1277 2155 qui
1308 2102 1527 2162 consu-10

122 2158 203 2199 lari
233 2158 412 2213 imperio
444 2161 690 2214 paruerunt,
697 2136 903 2212 ὃ10110019
935 2159 985 2201 de
1016 2160 1208 2214 ipsorum
1235 2160 1455 2201 consulum

72 2226 105 2252 35
124 2216 241 2257 fama
273 2217 373 2271 quid
402 2216 595 2259 futurum
627 2217 722 2258 est?
783 2216 829 2258 L.
854 2216 1071 2272 Flaccum,
1109 2218 1327 2259 hominem
1359 2233 1456 2260 cum

125 2289 290 2329 semper
321 2275 366 2316 in
395 2290 441 2317 re
471 2276 661 2331 publica,
691 2278 783 2316 tum
814 2275 860 2317 in
890 2277 1213 2331 magistratibus
1247 2277 1456 2331 gerendis,

123 2333 168 2374 in
200 2333 434 2375 sacerdot-io
467 2334 828 2389 caerimoniisque,
860 2335 1013 2389 quibus
1038 2337 1245 2390 praeerat,
1278 2335 1455 2391 diligen-

1175 2403 1244 2436 16*
