1687 2533
233 102 319 143 534
447 100 510 135 DE
537 101 848 137 HARUSPICUM
873 100 1121 136 RESPONSO
1150 101 1342 138 ORATio,

232 197 405 240 flamma
448 197 620 239 illorum
665 199 907 251 temporum
952 197 1253 239 coniciebatur.
1326 197 1486 254 Excepi
1529 203 1573 242 et

232 271 309 311 pro
343 256 483 310 patria
517 256 633 297 solus
667 256 816 310 exarsi,
850 256 909 297 sic
941 258 1097 310 tamen,
1129 259 1177 297 ut
1202 270 1278 298 vos
1304 256 1440 299 isdem
1464 257 1571 315 igni-

232 316 312 356 bus
355 315 654 368 circumsaepti
693 329 759 356 me
792 315 977 368 primum
1008 315 1141 356 ictum
1172 329 1250 369 pro
1282 315 1405 357 vobis
1437 319 1480 357 et
1509 317 1571 358 fu-

161 360 218 446 {62
233 376 423 415 mantem
469 374 681 414 videretis,
754 372 853 414 Non
898 373 1158 415 sedabantur
1202 374 1454 428 discordiae,
1498 376 1572 417 sed

161 1617 206 1648 47

235 434 364 474 etiam
403 433 620 474 crescebat
659 432 703 472 in
742 446 812 473 eos
853 431 1014 485 odium,
1053 447 1077 473 a
1110 432 1262 486 quibus
1292 447 1371 474 nos
1404 432 1608 475 defendit>

231 492 501 545 putabamur.
551 490 659 532 Ecce
691 490 825 531 isdem
853 491 1109 544 auctoribus,
1141 490 1345 545 Pompeio
1372 492 1572 547 principe,

234 551 304 604 qui
333 550 573 604 cupientem
600 548 785 603 Italiam,
810 549 1056 604 flagitantes
1081 564 1170 603 vos,
1191 550 1397 603 populum
1417 550 1573 592 Roma-

232 623 335 649 num
362 608 672 649 desiderantem
692 622 778 649 non
800 608 1054 649 auctoritate
1076 622 1153 650 sua
1173 609 1323 662 solum,
1349 609 1422 650 sed
1443 609 1572 651 etiam

231 667 428 721 precibus
469 667 519 708 ad
552 681 692 707 meam
725 667 906 707 salutem
939 667 1159 721 excitavit,
1197 667 1385 708 restituti
1417 682 1571 710 sumus.

234 726 298 766 Sit
336 725 644 767 discordiarum
682 725 779 766 finis
819 725 1065 780 aliquando,
1104 741 1128 767 a
1166 725 1378 767 diuturnis
1413 726 1572 768 dissen-
1592 739 1627 763 10

233 784 424 826 sionibus
458 785 819 839 conquiescamus.
875 783 971 825 Non
1007 784 1109 826 sinit
1141 784 1286 825 eadem
1317 784 1403 826 ista
1433 785 1570 839 labes3

233 858 303 884 eas
336 843 467 884 habet
499 843 736 896 contioneS,
769 857 818 884 ea
850 843 1000 884 miscet
1033 857 1080 885 ac
1112 843 1277 897 turbat,
1309 845 1357 884 ut
1387 844 1503 886 modo
1533 858 1574 886 se

231 902 306 957 leis,
339 902 465 943 modo
497 902 652 943 vendat
677 901 776 953 illis,
807 916 884 943 nec
916 905 1060 943 tamen
1086 902 1158 955 ita,
1190 905 1238 942 ut
1265 916 1308 943 se
1336 902 1573 957 quisquam,

233 961 269 1001 si
302 961 354 1002 ab
387 961 471 1002 isto
504 961 702 1002 laudatus
737 960 804 1012 sit,
836 960 1120 1001 laudatiorem
1152 963 1284 1014 putet,
1317 960 1390 1002 sed
1415 964 1463 1002 ut
1488 975 1573 1015 eos,

233 1034 337 1074 quos
364 1034 450 1060 non
475 1023 632 1073 amant,
658 1019 711 1060 ab
733 1018 879 1059 eodem
901 1019 1115 1072 gaudeant
1136 1020 1383 1073 vituperari.
1427 1019 1572 1073 Atque
1592 1030 1626 1057 15

233 1092 312 1133 ego
350 1077 463 1119 hunc
500 1092 586 1119 non
625 1077 756 1118 mirol
797 1076 915 1131 (quid
947 1078 1059 1117 enim
1091 1076 1221 1118 faciat
1254 1077 1450 1143 aliud?);
1472 1078 1572 1119 illos

232 1136 428 1177 homines
455 1136 797 1190 sapientissimos
825 1135 1188 1190 gravissimosque
1216 1136 1360 1189 miror,
1385 1136 1573 1189 primum

234 1194 345 1249 quod
377 1209 634 1248 quemquam
666 1195 827 1235 clarum
860 1194 1077 1235 hominem
1109 1196 1236 1248 atque
1263 1194 1424 1248 optime
1450 1195 1501 1236 de
1526 1208 1572 1235 re

232 1253 404 1306 publica
435 1267 560 1306 saepe
592 1253 792 1294 meritum
825 1252 1103 1306 impurissimi
1134 1266 1236 1293 voce
1268 1252 1454 1294 hominis
1486 1252 1572 1294 vio—

232 1312 312 1352 lari
344 1311 468 1353 facile
500 1311 741 1365 patiuntur,
782 1311 931 1352 deinde
964 1311 1000 1352 si
1033 1311 1281 1352 existimant
1311 1311 1468 1365 perditi
1497 1311 1572 1353 ho·
1592 1323 1627 1349 20

234 1371 360 1412 minis
393 1370 694 1424 profligatique
727 1369 965 1411 maledictis
996 1384 1140 1423 posse,
1179 1369 1222 1410 id
1254 1369 1366 1423 quod
1399 1369 1572 1411 minime

234 1429 431 1470 conducit
462 1429 584 1482 ipsis,
616 1429 865 1483 cuiusquam
898 1429 1082 1483 gloriam
1115 1428 1455 1483 dignitatemque
1486 1428 1572 1470 vio-

234 1489 327 1542 lari,
357 1490 577 1542 postremo
611 1487 723 1541 quod
747 1502 834 1528 non
860 1487 1061 1539 sentiunt,
1085 1486 1128 1527 id
1160 1486 1272 1541 quod
1296 1489 1442 1528 tamen
1467 1486 1574 1528 mihi

233 1547 319 1588 iam
352 1546 558 1600 suspicari
589 1546 800 1599 videntur,
831 1545 948 1586 illius
979 1545 1160 1586 furentis
1188 1559 1237 1586 ac
1262 1545 1470 1587 volaticos
1496 1545 1573 1586 im-

234 1608 357 1659 petus
389 1605 433 1645 in
465 1619 509 1646 se
541 1604 657 1659 ipsos
689 1619 816 1659 posse
847 1604 1049 1646 converti.
1091 1603 1234 1658 Atque
1261 1618 1311 1645 ex
1336 1604 1417 1645 hac
1440 1603 1574 1645 nimia
1593 1615 1627 1641 25

234 1678 319 1705 non
350 1664 566 1704 nullorum
594 1663 850 1704 alienatione
877 1678 901 1704 a
926 1662 1180 1717 quibusdam
1206 1662 1383 1703 haerent
1409 1677 1459 1704 ea
1483 1663 1573 1704 tela

233 1722 278 1764 in
316 1736 360 1763 re
398 1722 588 1776 publica,
634 1737 739 1777 quae
778 1721 979 1776 quamdiu
1016 1721 1251 1762 haerebant
1288 1721 1334 1761 in
1371 1734 1455 1762 uno
1493 1735 1573 1774 me,

236 1780 425 1836 graviter
467 1781 678 1834 equidem,
717 1780 789 1821 sed
822 1781 1040 1834 aliquanto
1074 1779 1208 1820 levius
1239 1779 1442 1821 ferebam.
1502 1778 1573 1820 An

235 1840 316 1880 iste
342 1838 424 1879 nisi
450 1839 589 1893 primo
617 1854 660 1880 se
687 1839 871 1880 dedisset
896 1838 962 1892 iis,
987 1852 1167 1892 quorum
1193 1838 1359 1879 animos
1385 1852 1410 1878 a
1429 1839 1572 1879 vestra

236 1897 492 1939 auctoritate
519 1897 730 1939 seiunctos
758 1912 850 1939 esse
877 1897 1180 1949 arbitrabatur,
1205 1896 1288 1936 nisi
1316 1910 1386 1937 eos
1413 1896 1458 1936 in
1483 1910 1572 1937 cae·
1591 1907 1627 1933 30

235 1957 324 1997 lum
369 1956 456 1997 suis
500 1955 697 1997 laudibus
737 1956 980 2010 praeclarus
1019 1959 1166 1996 auctor
1205 1954 1448 2008 extolleret,
1490 1953 1574 1995 nisi

237 2015 470 2056 exercitum
503 2012 546 2055 C.
567 2012 760 2055 Caesaris
795 2013 858 2068 (in
891 2028 973 2068 quo
1002 2013 1195 2066 fallebat,
1228 2012 1301 2053 sed
1327 2027 1422 2054 eum
1448 2026 1572 2053 nemo

237 2073 563 2128 redarguebat),
594 2073 678 2113 nisi
711 2087 823 2126 eum,
855 2073 1048 2126 inquam,
1081 2071 1314 2113 exercitum
1347 2070 1482 2124 signis
1513 2071 1573 2112 in-

237 2131 359 2172 festis
397 2131 443 2172 in
481 2131 642 2173 curiam
682 2145 725 2171 se
762 2131 1038 2172 inmissurum
1077 2130 1366 2183 minitaretur,
1408 2129 1491 2170 nisi
1529 2143 1573 2169 se

239 2189 313 2232 Cn.
333 2189 536 2243 Pompeio
559 2189 761 2242 adiutore,
787 2189 841 2230 M.
863 2189 1018 2231 Crasso
1040 2192 1225 2241 auctore,
1251 2202 1358 2242 quae
1377 2187 1573 2240 faciebat,
1593 2197 1627 2222 35

237 2247 377 2289 facere
428 2249 651 2301 clamaret,
706 2247 789 2288 nisi
839 2248 1032 2289 consules
1085 2261 1256 2289 causam
1307 2245 1573 2287 coniunxisse

239 2320 392 2360 secum,
424 2307 467 2347 in
500 2321 582 2361 quo
615 2320 698 2347 uno
728 2320 814 2347 non
840 2306 1138 2359 mentiebatur,
1171 2304 1453 2358 confirmaret,
1484 2306 1574 2344 tam
