1687 2533
259 76 345 118 386
629 78 723 114 PRO
752 79 790 113 L.
820 78 1004 114 FLACCO
1033 78 1224 114 ORATIO.

261 173 335 214 sed
363 173 516 229 sagina
541 174 727 228 tenebat,
760 189 805 216 se
832 175 941 216 velle
967 175 1085 228 dixit,
1111 175 1152 216 id
1179 177 1345 216 sutores
1373 178 1414 217 et
1440 175 1602 217 zonarii

261 232 596 274 conclamarunt.
657 232 752 274 Hoc
789 233 1085 274 testimonium
1124 237 1189 275 est
1227 234 1444 276 civitatis?
1504 233 1600 289 Ego

260 292 394 331 testes
435 306 460 332 a
491 289 633 333 Sicilia
664 292 830 345 publice
863 292 1032 344 deduxi3
1070 307 1217 334 verum
1250 295 1372 334 erant
1402 307 1452 334 ea
1481 293 1600 334 testi-

261 349 406 390 monia
448 364 534 391 non
578 351 820 391 concitatae
865 351 1094 403 contionis,
1138 351 1211 392 sed
1249 351 1378 392 iurati
1415 353 1599 392 senatus.

195 420 234 451 18
263 406 400 455 Quare
439 408 525 449 iam
562 423 650 449 non
688 411 753 449 est
794 409 901 450 mihi
938 409 1155 451 contentio
1187 424 1282 451 cum
1314 412 1441 464 teste,
1478 409 1636 451 vobis5

262 466 491 507 videndum
525 470 606 520 est,
635 467 776 508 sintne
808 467 912 509 haec
943 468 1192 509 testimonia
1222 469 1424 523 putanda.

209 527 233 568 8
350 525 612 567 Adulescens
657 526 812 579 bonus,
861 526 1042 568 honesto
1087 527 1181 568 loco
1225 530 1371 581 natus,
1414 528 1599 569 disertus

261 598 356 624 cum
383 584 569 625 maximo
591 585 949 639 ornatissimoque
970 586 1176 627 comitatu
1196 587 1313 627 venit
1332 587 1376 627 in
1395 586 1600 641 oppidum

261 641 541 696 Graecorum,
584 644 779 698 postulat
822 644 1082 698 contionem,
1127 645 1361 699 locupletes
1404 645 1598 686 homines

261 703 303 741 et
330 714 496 755 graves,
522 716 575 742 ne
603 702 685 743 sibi
706 702 994 756 adversentur,
1020 703 1259 744 testimonii
1279 703 1599 745 denuntiatione
1620 714 1654 740 10

260 759 462 813 deterret,
508 763 680 813 egentes
725 763 767 802 et
811 762 925 802 leves
970 776 1043 815 spe
1086 762 1315 817 legationis
1360 765 1403 804 et
1441 762 1598 804 viatico

260 818 444 872 publico,
475 819 645 872 privata
678 820 809 861 etiam
842 820 1106 875 benignitate
1138 821 1363 875 prolectat.
1416 820 1598 875 Opifices

262 879 304 916 et
342 877 609 919 tabernarios
649 881 776 933 atque
814 879 935 920 illam
973 893 1142 920 omnem
1180 879 1342 921 faecem
1377 880 1598 921 civitatum

262 935 364 988 quid
408 938 473 976 est
515 937 679 991 negotii
724 937 953 990 concitare,
996 938 1040 977 in
1078 952 1174 978 eum
1210 938 1483 992 praesertim,
1526 939 1599 994 qui

260 1008 396 1048 nuper
436 1009 602 1036 summo
641 1010 735 1036 cum
774 996 953 1049 imperio
991 996 1140 1049 fuerit,
1180 1011 1345 1038 summo
1379 1000 1522 1038 autem
1554 997 1599 1038 in
1618 1007 1651 1033 15

261 1067 405 1093 amore
444 1067 535 1093 esse
575 1057 750 1107 propter
788 1055 929 1108 ipsum
967 1054 1135 1109 imperii
1167 1070 1322 1096 nomen
1359 1070 1446 1097 non
1477 1058 1598 1111 potu-

193 1123 232 1154 19
261 1111 373 1152 erit?
436 1110 677 1152 Mirandum
717 1127 815 1153 vero
855 1116 919 1153 est
955 1113 1148 1154 homines
1182 1128 1272 1167 eos,
1314 1114 1468 1168 quibus
1500 1115 1597 1156 odio

261 1172 360 1209 sunt
384 1171 557 1210 nostrae
584 1184 763 1224 secures,
789 1185 946 1212 nomen
967 1172 1205 1224 acerbitati,
1231 1173 1453 1226 scriptura,
1479 1173 1598 1215 decu-

260 1242 372 1281 mae,
415 1229 654 1282 portorium
699 1230 846 1281 morti,
890 1230 1074 1270 libenter
1118 1231 1305 1285 arripere
1348 1231 1597 1273 facultatem

260 1286 470 1339 laedendi,
503 1301 792 1342 quaecumque
825 1288 964 1329 detur!
1025 1288 1285 1330 Mementote
1316 1290 1468 1344 igitur,
1501 1305 1596 1332 cum
1617 1303 1651 1327 20

260 1344 441 1385 audietis
467 1345 774 1400 psephismata,
799 1361 885 1388 non
906 1347 1049 1388 audire
1069 1362 1145 1388 vos
1166 1348 1425 1402 testimonia,
1452 1349 1597 1390 audire

259 1404 548 1444 temeritatem
592 1405 729 1458 vulgi,
774 1405 919 1446 audire
957 1420 1104 1447 vocem
1140 1406 1348 1447 levissimi
1385 1407 1598 1462 cuiusque,

259 1462 405 1503 audire
427 1462 654 1515 strepitum
668 1463 978 1518 imperitorum,
999 1464 1144 1506 audire
1159 1465 1400 1506 contionem
1415 1467 1597 1508 concita-

258 1523 348 1561 tam
381 1520 624 1562 levissimae
649 1523 849 1563 nationis.
894 1522 1044 1577 Itaque
1070 1524 1401 1578 perscrutamini
1424 1526 1595 1579 penitus

257 1582 457 1620 naturam
504 1580 800 1635 rationemque
845 1582 1088 1635 criminum3
1137 1583 1223 1623 iam
1267 1583 1375 1623 nihil
1424 1586 1596 1638 praeter
1615 1595 1649 1621 25

258 1637 460 1691 speciem,
497 1638 606 1679 nihil
643 1642 815 1693 praeter
852 1642 1059 1680 terrorem
1098 1655 1147 1681 ac
1186 1641 1322 1682 minas
1363 1642 1596 1696 reperietis.

186 1682 231 1764 „g
346 1694 425 1720 Ἠ*
445 1695 495 1736 In
521 1699 684 1738 aerario
710 1697 819 1738 nihil
845 1698 1006 1739 habent
1032 1699 1241 1754 civitates,
1266 1699 1374 1741 nihil
1400 1700 1445 1740 in
1470 1703 1596 1742 vecti-

189 1755 205 1763 ”
257 1754 440 1808 galibus.
513 1754 632 1796 Duae
682 1757 871 1797 rationes
921 1757 1203 1798 conficiendae
1253 1758 1474 1812 pecuniae,
1523 1762 1597 1800 aut

256 1826 433 1853 versura
470 1816 545 1854 aut
580 1814 759 1868 tributo3
801 1829 878 1856 nec
915 1816 1089 1856 tabulae
1121 1816 1342 1857 creditoris
1373 1817 1596 1870 proferun-

257 1874 349 1923 tur,
389 1885 466 1911 nec
506 1872 658 1913 tributi
693 1873 902 1914 confectio
937 1874 1025 1915 ulla
1059 1874 1273 1915 recitatur.
1327 1873 1462 1923 Quam
1493 1891 1594 1919 vero
1615 1889 1650 1914 30

257 1928 385 1970 facile
410 1928 545 1970 falsas
571 1931 760 1972 rationes
787 1931 943 1973 inferre
965 1935 1007 1973 et
1026 1932 1071 1973 in
1090 1933 1275 1982 tabulas,
1301 1933 1595 1990 quodcumque

257 1987 527 2029 commodum
555 1991 631 2039 est,
662 1989 820 2030 referre
847 1990 1026 2040 soleant,
1058 2005 1108 2031 ex
1135 1989 1208 2032 Cn.
1234 1991 1412 2046 Pompei
1439 1993 1594 2035 litteris

258 2046 311 2087 ad
337 2045 584 2101 Hypsaeum
611 2050 652 2087 et
677 2047 867 2102 Hypsaei
894 2049 946 2089 ad
972 2048 1222 2103 Pompeium
1244 2050 1400 2104 missis,
1425 2066 1594 2105 quaeso,

257 2104 514 2159 cognoscite.
576 2104 814 2147 LITTERAE
847 2106 1023 2149 POMPEI
1055 2119 1114 2148 ET
1147 2107 1363 2149 HYPSAEI.
1426 2108 1594 2152 Satisne

257 2163 380 2204 vobis
413 2177 643 2218 coarguere
675 2163 742 2204 his
776 2166 1019 2206 auctoribus
1053 2165 1307 2207 dissolutam
1334 2166 1593 2210 Graecorum
1613 2180 1647 2206 35

258 2221 607 2262 consuetudinem
674 2222 974 2277 licentiamque
1028 2223 1318 2277 impudentem
1374 2225 1593 2268 videmur?

256 2279 351 2321 Nisi
390 2279 521 2335 forte,
560 2280 632 2335 qui
670 2279 745 2323 Cn.
777 2281 1047 2335 Pompeium,
1088 2282 1158 2336 qui
1196 2286 1483 2339 praesentem,
1521 2287 1594 2339 qui
