1619 2542
100 1056 141 1087 11

119 2082 145 2122 6

102 2133 144 2164 12

167 129 253 171 266
490 128 541 163 IN
569 129 608 164 L.
635 128 901 164 CATILINAM
929 127 1105 163 ORATlO
1132 128 1176 163 11.

167 224 267 267 Non
293 225 405 266 enim
431 225 516 266 iam
543 227 642 266 sunt
668 224 900 265 mediocres
926 224 1146 265 hominum
1171 224 1394 280 lubidines,
1419 240 1506 268 non

167 284 378 325 humanae
416 298 465 325 ac
502 283 747 325 tolerandae
788 283 1006 337 audaciae3
1043 283 1151 324 nihil
1190 283 1384 339 cogitant
1419 284 1505 326 nisi

168 343 358 396 caedem,
395 343 478 383 nisi
515 342 727 395 incendia,
765 341 847 382 nisi
887 341 1072 395 rapinas,
1132 341 1398 384 Patrimonia
1429 357 1506 384 sua

167 401 470 456 profuderunt,
501 400 696 442 fortunas
729 414 827 442 suas
860 400 1176 455 obligaverunt,
1214 415 1281 443 res
1314 416 1386 443 eos
1417 402 1503 443 iam

168 460 332 514 pridem
347 460 544 513 deseruit,
564 459 668 500 fides
682 473 816 513 nuper
831 459 1007 500 deficere
1022 459 1179 514 coepit3
1199 459 1345 501 eadem
1359 464 1505 502 tamen
1523 473 1540 500 5

169 519 256 572 illa,
272 533 379 573 quae
399 520 491 559 erat
508 518 553 559 in
575 517 846 570 abundantia,
866 517 1011 559 lubido
1025 520 1259 572 permanet.
1286 518 1447 568 Quodsi
1460 519 1506 560 in

169 577 268 618 vino
302 580 345 618 et
371 577 465 618 alea
490 576 813 618 comissationes
840 576 979 618 solum
1007 581 1048 617 et
1074 579 1215 618 scorta
1241 581 1505 632 quaererent,

170 638 313 677 essent
333 636 397 676 illi
420 635 590 690 quidem
611 634 874 690 desperandi,
901 634 975 676 sed
994 637 1140 676 tamen
1160 638 1302 678 essent
1319 636 1503 689 ferendi3

168 695 248 736 hoc
280 709 378 736 vero
413 694 506 748 quis
537 694 646 735 ferre
673 693 821 748 possit,
852 694 1011 735 inertes
1036 694 1231 736 homines
1255 694 1504 736 fortissimis

169 753 272 795 viris
316 753 528 806 insidiari,
579 752 855 794 stultissimos
899 752 1262 808 prudentissimis,
1313 753 1504 796 ebriosos
1525 768 1560 793 10

170 812 342 865 sobriis,
381 811 632 853 dormientis
664 811 974 865 vigilantibus?
1007 812 1079 865 qui
1111 812 1216 853 mihi
1249 813 1504 854 accubantes

169 871 213 911 in
244 870 449 912 conviviis
481 870 675 925 conplexi
701 869 900 911 mulieres
925 869 1147 924 inpudicas
1174 871 1272 912 vino
1299 870 1504 927 languidi,

170 929 350 970 conferti
382 929 495 983 cibo,
528 929 652 969 sertis
684 928 889 981 redimiti,
919 929 1149 983 unguentis
1182 929 1325 984 obliti,
1357 929 1504 971 debili-

169 988 252 1028 tati
284 988 443 1042 stupris
470 989 667 1028 eructant
692 987 958 1027 sermonibus
985 988 1072 1028 suis
1099 988 1270 1029 caedem
1295 989 1505 1030 bonorum

172 1049 297 1100 atque
334 1046 452 1086 urbis
489 1045 694 1087 incendia.
756 1043 917 1092 Quibus
950 1059 1029 1100 ego
1062 1046 1228 1087 confido
1260 1047 1504 1102 impendere
1525 1059 1559 1085 15

169 1105 307 1145 fatum
340 1104 522 1158 aliquod,
555 1107 598 1145 et
628 1118 810 1158 poenam
842 1103 926 1144 iam
954 1103 1025 1145 diu
1049 1104 1331 1159 improbitati,
1360 1105 1506 1160 nequi-

169 1163 272 1217 tiae,
311 1162 476 1215 sceleri,
517 1162 686 1203 libidini
724 1162 914 1203 debitam
952 1165 1026 1203 aut
1062 1163 1223 1204 instare
1261 1164 1346 1204 iam
1378 1165 1505 1218 pla-ne

170 1224 244 1262 aut
288 1224 401 1262 certe
439 1221 791 1276 adpropinquare.
859 1220 973 1269 Quos
1014 1222 1050 1262 si
1088 1236 1206 1263 meus
1246 1223 1505 1276 consulatus,

170 1280 370 1334 quoniam
392 1294 542 1320 sanare
561 1294 647 1320 non
667 1282 821 1333 potest,
848 1279 1082 1334 sustulerit,
1107 1295 1195 1321 non
1213 1280 1341 1322 breve
1361 1281 1503 1322 nescio

170 1338 282 1392 quod
313 1341 495 1393 tempus,
528 1338 601 1379 sed
632 1338 767 1379 multa
799 1339 966 1379 saecula
996 1339 1249 1394 propagarit
1279 1339 1340 1380 rei
1366 1339 1503 1393 publi·
1524 1352 1559 1377 20

170 1412 253 1439 cac.
327 1396 460 1438 Nulla
510 1399 575 1437 est
625 1396 737 1437 enim
783 1397 919 1450 natio,
970 1411 1098 1450 quam
1140 1397 1506 1452 pertimescamus,

168 1456 313 1497 nullus
344 1470 436 1508 rex,
474 1455 547 1510 qui
578 1455 736 1496 bellum
769 1456 927 1510 populo
958 1455 1153 1497 Romano
1184 1456 1324 1497 facere
1355 1456 1505 1511 possit.

170 1514 325 1555 Omnia
363 1517 462 1555 sunt
502 1517 677 1555 externa
714 1514 837 1554 unius
876 1514 1033 1556 virtute
1064 1517 1180 1555 terra
1211 1515 1402 1569 marique
1433 1529 1506 1570 pa-

170 1575 284 1626 cata,
322 1572 603 1614 domesticum
644 1573 805 1614 bellum
837 1576 998 1626 manet,
1036 1573 1151 1614 intus
1184 1573 1360 1614 insidiae
1393 1576 1505 1627 sunt,

168 1631 283 1672 intus
314 1631 525 1672 inclusum
555 1631 791 1685 periculum
825 1633 906 1685 est,
943 1631 1058 1672 intus
1092 1635 1156 1672 est
1188 1632 1336 1674 hostis.
1399 1631 1505 1673 Cum
1524 1643 1558 1669 25

169 1690 338 1730 luxuria
374 1690 517 1743 nobis,
558 1705 653 1731 cum
691 1690 896 1743 amentia,
934 1705 1029 1731 cum
1068 1691 1223 1731 scelere
1256 1691 1504 1732 certandum

171 1750 247 1788 est.
315 1747 427 1789 Huic
465 1762 544 1803 ego
580 1763 647 1789 me
685 1749 799 1789 bello
840 1748 987 1789 ducem
1028 1749 1250 1803 profiteor,
1296 1747 1503 1802 Quirites3

171 1806 356 1859 suscipio
388 1806 633 1847 inimicitias
666 1807 886 1848 hominum
912 1807 1193 1861 perditorum3
1227 1821 1334 1860 quae
1361 1807 1504 1848 sanari

169 1866 389 1918 poterunt,
427 1879 690 1919 quacumque
721 1866 886 1906 ratione
919 1866 1097 1916 sanabo,
1138 1879 1244 1919 quae
1275 1865 1505 1906 resecanda

171 1924 306 1974 erunt,
325 1936 410 1963 non
430 1923 571 1976 patiar
591 1924 642 1964 ad
662 1924 893 1977 perniciem
913 1924 1098 1965 civitatis
1114 1938 1295 1964 manere.
1320 1923 1504 1965 Proinde
1523 1935 1559 1961 30

171 1983 245 2021 aut
271 1982 422 2021 exeant
449 1983 522 2021 aut
549 1981 768 2034 quiescant
794 1985 878 2036 aut,
907 1983 944 2023 si
970 1984 1013 2022 et
1040 1982 1084 2022 in
1109 1982 1213 2022 urbe
1234 1984 1275 2022 et
1294 1982 1338 2022 in
1358 1982 1505 2023 eadem

172 2041 312 2079 mente
343 2042 610 2093 permanent,
643 2055 702 2093 ea,
735 2055 842 2094 quae
875 2042 1100 2093 merentur,
1130 2043 1364 2094 expectent.

259 2097 320 2138 At
352 2097 481 2137 etiam
515 2100 626 2149 sunt,
658 2099 729 2151 qui
761 2099 913 2151 dicant,
946 2097 1142 2152 Quirites,
1175 2113 1199 2139 a
1232 2113 1298 2139 me
1325 2099 1504 2140 eiectum

171 2156 215 2196 in
253 2155 426 2197 exilium
466 2169 558 2196 esse
591 2154 834 2198 Catilinam.
896 2156 1016 2205 Quod
1048 2169 1127 2211 ego
1161 2156 1197 2197 si
1227 2157 1357 2198 verbo
1390 2157 1506 2199 adse-

172 2214 243 2267 qui
280 2228 467 2268 possem,
511 2213 618 2254 istos
658 2214 775 2268 ipsos
814 2216 1008 2267 eicerem,
1047 2215 1117 2269 qui
1155 2215 1260 2256 haec
1298 2216 1503 2257 locuntur.
1523 2226 1558 2251 35

169 2271 311 2313 Homo
350 2272 461 2313 enim
496 2272 692 2312 videlicet
729 2273 903 2314 timidus
942 2275 1015 2314 aut
1048 2273 1177 2314 etiam
1208 2274 1504 2328 permodestus

171 2345 316 2371 vocem
354 2330 539 2371 consulis
576 2329 686 2371 ferre
723 2346 809 2372 non
846 2331 1005 2386 potuit3
1043 2331 1170 2372 simul
1210 2334 1336 2386 atque
1367 2333 1429 2373 ire
1460 2333 1506 2372 in
