1687 2533
161 327 216 369 21

163 380 206 410 49

162 1175 206 1205 50

163 1936 205 1965 51

232 68 319 111 408
603 67 696 103 PRO
724 69 763 103 L.
790 67 975 103 FLACCO
1002 67 1187 103 ORATIO.

234 165 543 207 audacissimus
575 164 810 220 pertimuit,
841 164 1171 218 loquacissimus
1204 163 1432 206 obmutuit.
1484 163 1570 206 Ita-

234 238 314 278 que
351 226 674 278 recuperatores
713 225 860 264 contra
898 224 1030 264 istum
1068 237 1158 263 rem
1190 222 1365 264 minime
1397 222 1569 264 dubiam

233 283 373 336 prima
393 283 558 324 actione
577 282 882 323 iudicaverunt.
914 280 1022 323 Cum
1042 281 1278 323 iudicatum
1296 296 1384 323 non
1397 281 1570 335 faceret,

235 341 428 383 addictus
460 339 698 395 Hermippo
734 343 777 381 et
809 340 862 381 ab
894 340 974 382 hoc
1006 340 1156 381 ductus
1190 343 1265 382 est.
1314 340 1498 382 Habetis
1529 343 1572 382 et

233 400 506 441 honestatem
561 399 748 441 hominis
799 402 840 440 et
889 399 1190 441 auctoritatem
1239 398 1478 441 testimonii
1528 401 1570 440 et

234 473 406 500 causam
453 473 621 500 omnem
665 457 910 499 simultatis.
981 457 1123 512 Atque
1166 459 1202 499 is
1241 458 1296 500 ab
1334 458 1568 512 Hermippo

232 518 406 569 missus,
445 532 540 558 cum
578 518 616 558 ei
653 531 789 570 pauca
829 516 1042 572 mancipia
1072 516 1350 570 vendidisset,
1387 516 1569 558 Romam

234 591 278 617 se
319 576 519 629 contulit,
557 575 705 617 deinde
743 575 788 616 in
820 575 973 617 Asiam
1010 575 1156 629 rediit,
1195 590 1290 616 cum
1319 575 1407 617 iam
1436 575 1570 616 frater

234 650 352 676 meus
384 634 537 676 Flacco
571 633 858 676 successisset.
920 634 987 675 Ad
1019 648 1143 689 quem
1177 634 1281 676 adiit
1313 648 1569 689 causamque

232 694 293 735 ita
333 694 503 747 detulit,
547 696 868 748 recuperatores
906 693 950 734 vi
986 692 1128 734 Flacci
1166 696 1336 735 coactos
1374 696 1417 734 et
1453 695 1569 734 metu

232 752 389 794 falsum
426 752 586 794 invitos
623 752 890 793 iudicavisse.
952 750 1104 792 Frater
1136 766 1255 793 meus
1286 766 1364 806 pro
1397 766 1474 793 sua
1505 766 1570 793 ae-

233 811 396 865 quitate
422 810 733 876 prudentiaque
760 810 958 861 decrevit,
983 813 1041 864 ut,
1068 810 1105 851 si
1129 810 1363 852 iudicatum
1382 812 1573 865 negaret,

232 870 277 911 in
309 870 485 924 duplum
516 870 616 923 ir·et
648 869 684 910 si
716 872 833 911 metu
865 871 1034 910 coactos
1068 868 1243 922 dicei-‚et
1274 869 1452 911 haberet
1483 883 1571 911 eos-

233 929 329 970 dem
372 931 706 983 lwecupelatmffles
774 927 1004 969 Recusavit
1048 930 1108 980 et,
1153 928 1275 982 quasi
1311 928 1419 969 nihil
1457 931 1570 969 esset

233 990 388 1039 actum,
413 987 520 1028 nihil
545 986 790 1039 iudicatum,
817 987 870 1028 ab
895 985 1131 1040 Hermippo
1157 986 1316 1028 ibidem
1342 987 1565 1041 mancipia,

234 1061 341 1100 quae
378 1045 470 1100 ipse
504 1045 542 1086 ei
573 1045 839 1099 vendiderat,
875 1047 1018 1098 petere
1050 1044 1202 1100 coepit.
1262 1044 1318 1086 M.
1351 1044 1570 1087 Gratidius

231 1105 420 1159 legatus,
459 1104 512 1145 ad
551 1118 677 1158 quem
715 1106 780 1145 est
819 1103 998 1157 aditum,
1037 1104 1249 1145 actionem
1287 1118 1332 1145 se
1371 1104 1569 1145 daturum

233 1163 426 1217 negavit3
469 1177 513 1203 re
556 1162 744 1203 iudicata
787 1162 893 1203 stari
937 1163 1124 1204 ostendit
1160 1163 1339 1216 placere.
1407 1161 1569 1204 Iterum

234 1222 328 1275 iste,
356 1221 422 1263 cui
446 1221 591 1262 nullus
619 1223 731 1262 esset
750 1236 929 1275 usquam
951 1221 1209 1263 consistendi
1228 1221 1359 1275 locus,
1385 1220 1568 1263 Romam

234 1295 277 1321 sc
327 1280 513 1333 rettulit3
568 1279 839 1334 persequitur
887 1279 1166 1335 Hermippus,
1217 1281 1289 1334 qui
1336 1294 1569 1334 numquam

232 1339 356 1380 istius
389 1338 677 1392 impudentiae
709 1338 848 1380 cessit.
892 1337 1008 1379 Petit
1033 1338 1279 1380 Heraclides
1313 1353 1338 1380 a
1363 1337 1407 1380 C.
1428 1338 1569 1380 Plotio

234 1401 449 1451 senatore,
486 1397 578 1438 viro
617 1397 837 1451 primario,
878 1397 951 1452 qui
991 1397 1161 1453 legatus
1198 1397 1242 1438 iu
1274 1396 1381 1438 Asia
1416 1396 1570 1452 fuerat,

234 1456 447 1511 mancipia
478 1456 702 1510 quaedam,
736 1470 843 1510 quae
875 1470 938 1509 se,
970 1471 1066 1497 cum
1096 1455 1306 1497 iudicatus
1339 1459 1463 1508 esset,
1493 1470 1570 1511 per

231 1515 320 1556 vim
364 1514 604 1556 vendidisse
648 1515 826 1556 dicebat.
889 1513 936 1563 Q.
967 1514 1104 1568 Naso,
1147 1514 1213 1556 vir
1256 1514 1568 1568 ornatissimus,

233 1574 306 1628 qui
343 1576 517 1627 praetor
552 1573 711 1626 fuerat,
748 1573 873 1614 iudex
906 1572 1099 1614 sumitur.
1161 1571 1242 1622 Qui
1274 1587 1369 1615 cum
1402 1576 1568 1615 senten-

231 1634 339 1673 tiam
371 1632 602 1674 secundum
626 1631 816 1673 Plotium
843 1645 887 1673 se
914 1632 1127 1673 dicturum
1153 1631 1405 1685 ostenderet,
1437 1631 1491 1673 ab
1518 1645 1566 1673 eo

232 1691 367 1731 iudice
401 1690 509 1731 abiit
541 1694 601 1745 et,
632 1690 745 1744 quod
775 1690 978 1732 iudicium
1009 1691 1104 1746 lege
1134 1705 1222 1732 non
1253 1692 1362 1743 erat,
1394 1704 1566 1731 causam

232 1751 371 1790 totam
403 1749 589 1804 reliquit.
651 1747 819 1790 Satisne
851 1749 992 1803 vobis,
1022 1749 1193 1801 iudices,
1224 1748 1370 1790 videor
1400 1747 1454 1790 ad
1486 1748 1568 1789 sin-

234 1807 358 1863 gulos
395 1809 526 1848 testes
566 1807 761 1849 accedere
797 1822 952 1862 neque,
990 1810 1038 1848 ut
1075 1808 1214 1862 primo
1247 1807 1567 1862 constitueram,

232 1869 404 1907 tantum
436 1865 561 1906 modo
595 1881 690 1907 cum
722 1866 920 1907 universo
953 1880 1107 1921 genere
1139 1865 1397 1920 confligere?

322 1923 459 1965 Venio
498 1924 550 1964 ad
581 1923 815 1978 Lysaniam
847 1924 1032 1966 eiusdem
1066 1924 1272 1976 civitatis,
1308 1924 1568 1978 peculiarem

233 1986 368 2036 tuum,
399 1982 596 2036 Deciane,
627 1985 799 2036 testem3
833 1997 960 2037 quem
990 1987 1037 2024 tu
1063 1997 1159 2024 cum
1185 1982 1394 2037 ephebum
1419 1982 1568 2024 Temni

234 2055 482 2096 cognosseS,
534 2040 635 2093 quia
683 2043 776 2082 tum
823 2043 867 2082 te
915 2041 1054 2081 nudus
1099 2040 1352 2093 delectarat‚
1401 2055 1568 2096 semper

232 2100 393 2141 nudum
425 2113 517 2141 esse
548 2099 733 2140 voluisti.
790 2100 1019 2141 Abduxisti
1050 2098 1211 2140 Temno
1243 2099 1564 2153 Apollonidem3

233 2158 457 2212 pecuniam
495 2157 815 2199 adulescentulo
855 2157 1007 2213 grandi
1036 2157 1200 2210 fenore,
1236 2158 1392 2199 fiducia
1423 2160 1567 2199 tamen

234 2219 426 2271 accepta,
464 2215 736 2270 occupavisti.
797 2216 920 2258 Hanc
957 2215 1157 2257 fiduciam
1182 2215 1455 2257 commissam
1486 2215 1567 2257 tibi

234 2275 354 2325 dicis;
394 2278 514 2316 tenes
552 2273 677 2316 hodie
715 2288 764 2316 ac
798 2274 1003 2329 possides.
1063 2273 1174 2315 Eum
1213 2277 1262 2316 tu
1298 2277 1454 2316 testem
1491 2288 1567 2328 spe

1588 410 1605 436 5

1589 706 1623 731 10

1591 998 1623 1025 15

1589 1289 1624 1315 20

1588 1581 1622 1608 25

1587 1876 1622 1901 30

1586 2167 1620 2194 35
