1687 2533
219 88 304 129 526
437 90 500 124 DE
526 90 835 126 HARUSPICUM
861 90 1108 126 RESPONSO
1136 91 1327 128 ORATIO.

219 186 335 226 omni
375 185 542 239 flagitio
584 187 815 240 pollueres,
860 187 1060 229 dedecore
1101 188 1356 243 maculares,
1400 190 1555 231 scelere

149 255 192 287 28
220 244 463 299 obligares‘?
527 244 609 286 Sed
636 245 737 299 quid
763 260 842 300 ego
869 246 911 286 id
938 246 1153 287 admiror?
1186 247 1257 300 qui
1284 250 1460 303 accepta
1484 263 1554 303 pe-

144 1136 187 1167 29

218 303 342 344 cunia
362 303 660 344 Pessinuntem
685 304 839 358 ipsum,
866 304 1007 345 sedem
1034 305 1383 360 domiciliumque
1402 306 1553 348 Matris

218 361 410 416 deorum,
454 363 638 403 vastaris
683 365 725 403 et
769 362 998 418 Brogitaro
1043 362 1342 419 Gallograeco,
1385 365 1554 420 impuro

216 420 379 462 homini
412 436 460 462 ac
490 422 665 475 nefario,
698 421 816 462 cuius
848 423 981 476 legati
1012 425 1055 464 te
1086 423 1259 465 tribuno
1293 423 1479 465 dividere
1511 424 1554 465 in

217 479 318 520 aede
339 478 530 520 Castoris
551 480 637 523 tuis
660 480 800 534 operis
820 495 1019 522 nummos
1040 482 1250 536 solebant,
1270 484 1411 523 totum
1430 483 1554 524 illum

216 538 356 579 locum
388 538 619 592 fanumque
652 539 909 593 vendideris,
948 541 1212 581 sacerdotem
1245 541 1299 582 ab
1331 542 1435 595 ipsis
1469 542 1554 583 aris

215 597 596 651 pulvinaribusque
629 597 881 652 detraxeris,
914 599 1057 639 omnia
1088 599 1177 652 illa,
1209 614 1317 654 quae
1349 603 1554 654 vetustaS,

216 670 323 709 quae
356 655 523 709 Persae,
556 671 662 710 quae
695 655 806 710 Syri,
839 671 945 711 quae
978 671 1100 712 reges
1134 672 1292 712 omnes,
1325 660 1397 714 qui
1422 659 1554 700 Euro-

214 729 314 768 pam
356 714 590 769 Asiamque
633 718 879 768 tenuerunt,
923 730 1090 770 semper
1133 731 1301 758 summa
1344 718 1551 773 religione

215 773 454 826 coluerunt,
501 775 773 828 perverteris3
824 789 930 828 quae
972 775 1150 829 denique
1189 776 1329 817 nostri
1369 778 1553 818 maiores

214 834 304 872 tam
343 835 492 873 sancta
529 833 754 886 duxerunt,
792 837 850 887 ut,
882 848 977 874 cum
1009 833 1213 875 refertam
1244 835 1393 877 urbem
1425 838 1552 891 atque

214 890 387 931 Italiam
416 890 614 932 fanorum
641 892 907 945 haberemus,
938 896 1082 933 tamen
1107 893 1246 934 nostri
1271 893 1552 949 imperatores

215 950 411 990 maximis
439 953 481 991 et
506 951 879 1004 periculosissimis
912 951 1038 992 bellis
1063 951 1162 992 huic
1188 952 1290 993 deae
1316 955 1418 994 vota
1442 953 1551 995 face-

214 1011 308 1049 rent
346 1023 477 1062 eaque
515 1009 559 1049 in
595 1009 689 1062 ipso
721 1009 974 1050 Pessinunte
1014 1010 1065 1050 ad
1103 1010 1224 1051 illam
1262 1011 1401 1064 ipsam
1439 1012 1551 1066 prin-

216 1067 351 1121 cipem
403 1082 522 1107 aram
574 1070 615 1108 et
664 1067 708 1108 in
756 1066 834 1108 illo
885 1068 976 1109 loeo
1020 1068 1205 1122 fanoque
1248 1071 1554 1124 persolverent.

216 1125 338 1174 Quod
364 1140 459 1167 cum
485 1125 715 1167 Deiotarus
741 1126 946 1181 religione
973 1141 1049 1168 sua
1072 1128 1319 1169 -eastissime
1351 1132 1553 1182 tueretur,

215 1198 340 1237 quem
379 1198 509 1224 unum
547 1184 753 1225 habemus
792 1185 835 1225 in
874 1185 975 1226 orbe
1013 1188 1224 1227 terrarum
1256 1187 1553 1229 fidelissimum

213 1242 312 1284 huic
338 1243 518 1295 imperio
547 1246 674 1297 atque
702 1243 1047 1285 amantissimum
1066 1245 1205 1286 nostri
1226 1246 1424 1300 nominis,
1450 1246 1552 1288 Bro-

215 1302 367 1355 gitaro,
393 1303 441 1341 ut
461 1304 560 1342 ante
581 1302 678 1355 dixi,
706 1302 921 1343 addictum
941 1304 1120 1357 pecunia
1139 1304 1366 1346 tradidisti.
1408 1306 1551 1360 Atque

214 1359 326 1401 hunc
357 1362 503 1401 tamen
531 1360 781 1402 Deiotarum
814 1375 940 1415 saepe
973 1377 998 1402 a
1030 1364 1180 1403 senatu
1211 1363 1348 1417 regali
1380 1365 1551 1406 nomine

214 1419 390 1473 dignum
412 1419 714 1472 existimatum,
741 1420 1079 1461 clarissimorum
1099 1421 1409 1474 imperatorum
1433 1424 1553 1464 testi-

214 1478 369 1518 moniis
402 1480 601 1518 ornatum
633 1481 679 1519 tu
712 1479 841 1519 etiam
873 1493 1017 1534 regem
1046 1480 1255 1534 appellari
1282 1495 1377 1522 cum
1403 1479 1552 1536 Brogi-

213 1539 309 1577 taro
340 1536 474 1576 iubes.
524 1535 605 1577 Sed
638 1537 746 1578 alter
778 1540 842 1578 est
874 1552 946 1578 rex
978 1538 1133 1579 iudicio
1160 1542 1334 1580 senatus
1360 1554 1436 1594 per
1460 1554 1551 1594 nos,

212 1595 393 1649 pecunia
437 1593 691 1649 Brogitarus
735 1610 811 1650 per
854 1598 896 1637 te
934 1597 1176 1650 appellatus
1214 1596 1283 1622 ‘³‘ss
1305 1596 1329 1622 ’ῖς
1368 1598 1550 1640 alterum

213 1654 374 1708 putabo
408 1667 571 1708 regem,
610 1654 646 1695 si
677 1654 894 1707 habuerit,
926 1655 1034 1696 unde
1066 1655 1147 1697 tibi
1179 1656 1337 1709 solvat,
1370 1657 1482 1711 quod
1514 1657 1553 1698 ei

213 1726 289 1766 per
333 1712 624 1766 syngrapham
668 1713 898 1754 credidisti.
959 1713 1070 1755 Nam
1115 1729 1210 1755 cum
1254 1715 1391 1756 multa
1433 1717 1552 1770 regia

215 1772 315 1811 sunt
336 1770 380 1810 in
400 1769 616 1824 Deiotaro,
642 1774 735 1812 tum
761 1771 836 1813 illa
862 1774 1059 1825 maxime,
1085 1773 1197 1827 quod
1222 1773 1303 1814 tibi
1330 1789 1550 1815 nummum

213 1829 379 1870 nullum
407 1828 534 1882 dedit,
566 1831 678 1883 quod
710 1844 802 1871 eam
835 1833 1001 1884 partem
1033 1831 1141 1886 legis
1174 1834 1284 1886 tuae,
1317 1846 1423 1886 quae
1455 1847 1550 1874 con-

216 1887 398 1943 gruebat
430 1902 524 1928 cum
558 1888 711 1929 iudicio
745 1892 936 1939 senatus,
974 1892 1021 1930 ut
1057 1891 1148 1944 ipse
1185 1905 1258 1931 rex
1297 1893 1428 1945 esset,
1464 1906 1550 1932 non
1571 1904 1584 1928 3

214 1946 473 2000 repudiavit,
511 1947 622 1999 quod
654 1947 953 1988 Pessinuntem
991 1962 1066 2001 per
1104 1950 1239 1990 scelus
1279 1964 1304 1990 a
1340 1953 1383 1990 te
1420 1949 1549 1991 viola-

214 2007 306 2045 tum
340 2007 383 2045 et·
415 2004 634 2045 sacerdote
668 2007 884 2060 sacrisque
918 2006 1152 2060 spoliatum
1189 2007 1472 2062 recuperavit,
1504 2012 1552 2049 ut

213 2063 258 2104 in
301 2063 484 2117 pristina
525 2063 732 2116 religione
774 2068 980 2118 servaret,
1025 2066 1138 2119 quod
1177 2066 1456 2107 caerimonias
1497 2066 1549 2108 ab

215 2122 330 2163 omni
368 2123 583 2163 vetustate
621 2125 814 2176 acceptas
847 2138 872 2164 a
904 2123 1132 2178 Brogitaro
1165 2124 1302 2179 pollui
1331 2139 1416 2166 non
1449 2124 1551 2166 sinit

214 2180 461 2234 mavoltque
511 2194 713 2235 generum
765 2196 887 2222 suum
938 2197 1110 2223 munere
1153 2186 1226 2224 tuo
1271 2198 1398 2237 quam
1443 2183 1550 2224 illud

213 2240 361 2280 fanum
400 2239 656 2294 antiquitate
693 2239 914 2294 religionis
955 2255 1110 2282 carere.
1171 2239 1253 2282 Sed
1285 2245 1332 2283 ut
1364 2241 1415 2283 ad
1447 2242 1550 2283 haec

214 2297 488 2352 haruspicum
520 2312 725 2353 responsa
757 2298 945 2353 redeam,
984 2314 1034 2340 ex
1072 2300 1224 2354 quibus
1263 2304 1329 2341 est
1366 2300 1550 2355 primum

1573 730 1608 756 10

1571 1024 1605 1050 15

1571 1317 1606 1342 20

1571 1610 1605 1636 25

1569 2194 1602 2220 35
