1619 2542
124 745 166 777 79

121 1029 176 1071 28
193 1040 399 1079 QUIDQUE
426 1041 589 1071 VERBIS
616 1041 773 1071 ACTUM
793 1041 1251 1079 PRONUNTIATUMQUE
1277 1040 1361 1072 srr.

120 1507 163 1538 80

197 112 253 153 64
556 111 648 148 PRO
674 113 717 147 A.
745 111 953 148 CAECINA
979 112 1170 149 ORATIO.

195 207 350 263 pienclo
376 208 654 263 perspexerit,
681 209 753 263 qui
776 208 880 249 iuris
906 207 1043 249 civilis
1069 207 1281 250 rationem
1303 223 1538 264 numquam

196 267 250 308 ab
284 267 501 322 aequitate
534 266 782 320 seiunxerit,
821 267 893 321 qui
930 269 998 307 tot
1030 281 1163 309 annos
1201 268 1439 323 ingenium,
1475 269 1536 310 la-

195 326 355 380 borem,
387 325 513 366 fidem
540 340 662 366 suam
688 325 848 380 populo
876 325 1070 366 Romano
1096 329 1343 380 promptam
1369 327 1537 393 exposi-

195 386 369 438 tamque
407 384 671 437 pr·aebue1it·
711 383 783 438 qui
820 384 881 425 ita
918 384 1056 425 iustus
1094 386 1160 425 est
1197 387 1240 425 et
1281 385 1417 426 bonus
1457 385 1534 438 vir,

195 445 243 483 ut
274 445 440 497 natura,
472 457 558 484 non
590 442 826 497 disciplina,
858 443 1078 484 consultus
1115 456 1207 484 esse
1233 443 1440 494 videatur,
1471 444 1569 485 itas

193 501 357 556 peritus
384 516 431 543 ac
458 501 655 556 prudens,
682 504 730 542 ut
756 516 806 542 ex
832 501 922 542 iure
949 501 1065 543 civili
1083 516 1169 543 non
1196 501 1375 544 scientia
1395 502 1534 544 solum

195 560 419 614 quaedam,
463 574 607 602 verum
649 560 778 601 etiam
810 560 981 601 bonitas
1018 562 1121 601 nata
1158 560 1370 615 videatur,
1416 561 1534 603 cuius

194 621 363 659 tantum
385 620 449 659 est
469 618 701 674 ingenium,
727 621 817 660 tam
837 619 1083 673 incorrupta
1108 618 1225 672 fides,
1250 621 1310 674 ut,
1337 619 1535 674 quiequid

194 676 292 718 inde
323 677 516 731 haurias,
554 692 707 731 purum
739 680 782 718 te
825 677 1116 732 liquidumque
1153 677 1324 719 haurire
1362 679 1534 720 sentias.

195 734 334 784 Quare
372 750 650 789 permagnam
687 736 806 777 initis
845 751 870 777 a
905 736 1030 777 nobis
1069 736 1271 789 gratiam,
1311 751 1407 778 cum
1438 751 1533 778 eum
1554 747 1587 773 1⁰

195 796 413 835 auctorem
446 794 704 836 defensionis
731 809 822 836 esse
855 794 1007 836 dicitis.
1068 794 1182 836 Illud
1214 797 1356 836 autem
1390 795 1532 850 miror,

192 854 323 904 †cum
356 867 433 895 vos
466 853 628 907 aliquid
661 856 810 895 contra
836 853 994 894 sentire
1027 867 1081 894 ne
1113 853 1277 908 dicatis,
1309 869 1403 896 611111
1436 868 1531 895 611111

193 914 412 953 auctorem
443 926 520 953 vos
557 927 635 967 pro
678 927 745 953 me
778 912 1022 966 appelletis,
1061 914 1258 953 nostrum
1288 913 1530 954 nominetis.

192 969 353 1011 Verum
392 973 538 1011 tamen
580 970 679 1025 quid
719 971 780 1012 ait
815 973 958 1012 vester
995 971 1077 1011 iste
1115 971 1292 1012 auctor?
1345 970 1530 1020 ‘QUIBUS

1363 1028 1376 1047 '
1422 1028 1530 1071 Con·
1552 1039 1584 1065 15

190 1088 287 1128 veni
327 1101 407 1143 ego
447 1102 496 1129 ex
534 1088 618 1129 isto
659 1102 813 1143 genere
850 1088 1144 1130 consultorum
1181 1102 1269 1130 non
1305 1089 1530 1142 neminem,

191 1148 240 1186 ut
272 1146 440 1199 opinor,
477 1146 610 1187 istum
642 1146 800 1201 ipsum,
839 1161 922 1201 quo
959 1161 1036 1188 vos
1069 1149 1241 1188 auctore
1280 1161 1370 1188 rem
1402 1148 1530 1188 istam

191 1218 317 1258 agere
362 1208 405 1246 et
443 1204 732 1246 defensionem
771 1219 923 1246 causae
961 1205 1220 1246 constituere
1258 1219 1333 1246 vos
1377 1205 1529 1248 dicitis

191 1262 272 1311 Qui
304 1277 399 1304 611111
431 1264 558 1304 istam
586 1263 921 1318 disputationem
956 1278 1121 1304 mecum
1153 1263 1372 1317 ingressus
1406 1267 1530 1319 esset,

189 1335 275 1362 non
313 1336 439 1387 posse
476 1322 651 1376 piobaii
683 1336 937 1376 quemquam
970 1336 1062 1363 esse
1100 1321 1327 1377 deiectum,
1363 1322 1446 1363 nisi
1479 1336 1527 1364 ex
1549 1333 1583 1358 2⁰

192 1394 240 1421 eo
273 1380 385 1434 1060,
424 1381 468 1421 111
501 1395 584 1434 quo
616 1380 788 1435 fuisset,
828 1395 920 1422 rem
952 1383 995 1421 et
1027 1380 1283 1421 sententiam
1315 1355 1529 1423 interdicti

190 1453 355 1479 meeum
388 1438 526 1480 facere
558 1438 793 1493 fatebatur,
824 1439 955 1480 verbo
988 1454 1055 1480 me
1088 1439 1255 1480 excludi
1287 1439 1472 1493 dicebat,
1505 1455 1530 1480 a

191 1498 319 1538 verbo
365 1500 508 1538 autem
552 1512 679 1551 posse
721 1498 860 1539 recedi
902 1512 990 1538 non
1039 1497 1341 1539 arbitrabatur.
1421 1496 1528 1540 Cum

191 1556 396 1609 exemplis
428 1559 571 1597 uterer
604 1557 749 1597 multis
785 1571 834 1597 ex
868 1557 983 1597 omni
1015 1556 1222 1598 memoria
1257 1556 1527 1611 antiquitatis

191 1629 214 1654 a
246 1615 375 1655 verbo
410 1617 452 1655 et
483 1615 537 1655 ab
570 1615 730 1669 scripto
763 1615 958 1668 plurimis
992 1629 1118 1669 saepe
1150 1616 1194 1656 in
1225 1615 1351 1656 rebus
1383 1615 1450 1656 ius
1483 1618 1526 1657 et
1546 1625 1579 1651 25

190 1673 314 1726 aequi
346 1676 388 1713 et
420 1673 522 1714 boni
553 1675 763 1714 rationem
797 1688 888 1715 esse
921 1674 1173 1725 seiunctam,
1205 1687 1452 1727 semperque
1483 1673 1526 1714 id

188 1731 375 1772 valuisse
407 1731 658 1786 plurimum,
697 1732 808 1786 quod
840 1732 883 1772 in
927 1747 970 1773 se
1003 1732 1272 1774 auctoritatis
1304 1731 1525 1772 habuisset

189 1789 504 1844 aequitatisque
530 1791 775 1844 plurimum,
807 1791 1052 1832 consolatus
1079 1793 1145 1832 est
1171 1805 1237 1832 me
1270 1793 1313 1831 et
1339 1790 1525 1841 ostendit

189 1847 232 1888 in
270 1847 350 1888 hac
393 1848 488 1901 ipsa
526 1864 654 1890 causa
693 1849 801 1890 nihil
841 1863 931 1890 esse
973 1849 1085 1903 quod
1122 1849 1381 1901 laborarem3
1424 1863 1525 1890 nam

192 1906 320 1946 verba
359 1906 455 1960 ipsa
493 1908 735 1960 sponsionis
772 1907 910 1949 facere
948 1921 1131 1960 1116611111,
1168 1907 1204 1947 si
1235 1906 1391 1948 vellem
1429 1906 1520 1948 dili·
1541 1917 1576 1943 30

190 1967 338 2018 genter
370 1965 600 2006 attendere.
663 1964 901 2019 ‘Quonam',
938 1965 1130 2019 inquam,
1162 1963 1349 2006 ‘mod0‘?'
1399 1964 1523 2014 eQuia

190 2021 331 2076 certe',
356 2023 506 2076 inquit,
533 2023 734 2065 tdeiectus
761 2028 826 2065 est
845 2023 1026 2065 Caecina
1050 2023 1093 2064 vi
1119 2023 1364 2064 hominibus
1385 2039 1520 2065 arma-

188 2081 245 2122 tis
278 2081 420 2135 aliquo
449 2095 497 2122 ex
531 2082 642 2135 loco3
675 2082 711 2122 si
742 2097 827 2124 non
861 2097 911 2123 ex
943 2096 991 2122 eo
1019 2082 1125 2135 loco,
1158 2096 1282 2135 quem
1307 2082 1352 2123 in
1377 2082 1518 2124 locum

188 2139 329 2181 venire
355 2139 503 2192 voluit,
533 2142 577 2180 at
603 2155 652 2180 ex
679 2155 728 2181 eo
755 2143 879 2193 certe,
905 2139 1014 2180 unde
1039 2139 1179 2193 fugit?
1230 2139 1354 2188 ‘Quid
1380 2139 1521 2182 tum?

188 2197 410 2252 ‘Praetor',
446 2198 602 2252 inquit,
637 2197 888 2251 ‘interdixit,
920 2201 984 2251 ut,
1021 2198 1131 2238 unde
1170 2198 1355 2241 deiectus
1396 2202 1518 2251 esset,
1539 2209 1572 2235 35
1611 2226 1616 2250 ρ

188 2270 236 2297 eo
274 2257 588 2309 restitueretur,
630 2256 711 2298 1106
750 2259 831 2310 est,
875 2256 1128 2310 quicumque
1166 2256 1201 2298 is
1239 2257 1356 2299 locus
1395 2260 1518 2310 esset,

187 2314 296 2355 unde
329 2315 514 2356 deiectus
547 2317 671 2356 esset.
726 2314 934 2356 Aebutius
968 2317 1121 2369 autem,
1154 2315 1226 2370 qui
1254 2316 1414 2357 fatetur
1446 2315 1520 2357 ali-
