1619 2542
0 696 1 699 ’
63 691 94 716 10

63 984 95 1010 15

61 1278 96 1302 20

64 1863 98 1888 30

59 2153 99 2179 ’35

537 54 638 90 CAP.
669 58 804 89 10—12
833 58 851 96 g
880 57 1029 89 28—33.
1397 54 1452 94 85

116 151 325 207 plurimos
362 151 510 192 hostes
542 150 595 192 ab
628 150 709 192 hoc
742 152 968 205 superatos
1000 152 1328 204 prostratosque
1359 164 1452 191 con-

113 211 269 265 spexit3
307 210 433 251 testis
471 211 537 250 est
568 209 724 250 iterum
756 212 799 250 et
832 209 1000 263 saepius
1032 208 1179 261 Italia,
1218 223 1325 263 quae
1359 223 1453 250 cum

113 269 259 311 servili
291 269 405 310 bello
438 270 579 309 taetro
612 268 936 322 periculosoque
967 270 1249 322 premeretur,
1287 267 1341 308 ab
1374 267 1454 309 hoc

114 328 321 370 auxilium
353 328 529 368 absente
556 327 774 380 expetivit,
807 326 920 381 quod
944 326 1107 368 bellum
1135 327 1454 381 exspectatione

114 387 202 428 eius
235 388 505 428 attenuatum
539 387 666 438 atque
693 385 967 426 imminutum
993 387 1070 439 est,
1103 385 1288 426 adventu
1314 385 1454 426 subla-

112 449 206 486 tum
245 459 292 486 ac
335 444 568 499 sepultum3
606 446 739 484 testes
778 458 889 485 nunc
921 458 1019 486 vero
1052 445 1139 485 iam
1172 458 1319 485 omnes
1355 447 1455 485 sunt

113 518 212 545 orae
245 506 372 557 atque
405 516 551 544 omnes
584 505 752 543 exterae
785 506 934 558 gentes
960 517 1008 544 ac
1032 503 1242 556 nationes,
1275 502 1454 557 denique

113 562 249 604 maria
275 561 418 603 omnia
443 575 539 603 cum
564 561 773 615 universa,
799 564 891 602 tum
917 561 962 602 in
989 561 1171 616 singulis
1199 561 1284 603 oris
1307 576 1454 602 omnes

114 621 230 662 sinus
268 623 396 676 atque
433 622 594 673 portus.
657 618 759 668 Quis
799 621 910 660 enim
948 623 1043 661 toto
1081 622 1190 662 mari
1222 620 1342 662 loeus
1381 635 1455 674 per

113 680 191 721 hos
219 693 352 721 annos
380 681 454 720 aut
479 681 569 720 tam
595 678 767 719 firmum
792 678 945 720 habuit
970 679 1241 733 praesidium,
1267 681 1315 720 ut
1334 681 1454 720 tutus

114 741 243 792 esset,
281 740 355 779 aut
392 740 481 779 tam
519 736 602 778 fuit
644 737 832 791 abditus,
870 739 918 777 ut
957 738 1140 779 lateret?
1203 737 1307 787 Quis
1338 738 1453 779 navi-

114 798 252 853 gavit,
289 796 362 851 qui
399 810 487 837 non
524 810 569 837 se
607 798 681 836 aut
719 797 871 836 mortis
904 798 979 837 aut
1012 796 1233 837 servitutis
1266 796 1453 851 periculo

113 856 419 908 committeret,
456 869 552 896 cum
591 857 665 895 aut
701 854 838 895 hieme
877 857 951 895 aut
987 854 1148 896 referto
1190 855 1453 910 praedonum

114 915 222 956 mari
252 914 508 969 navigaret?
552 912 645 955 Hoc
678 916 845 954 tantum
872 913 1047 967 bellum,
1078 916 1169 955 tam
1195 916 1332 967 turpe,
1365 917 1455 954 tam

116 977 251 1027 vetus,
275 975 367 1014 tam
392 973 478 1013 late
505 971 688 1013 divisum
715 974 842 1026 atque
870 972 1109 1027 dispersum
1137 972 1230 1027 quis
1251 987 1454 1026 umquam

114 1032 397 1073 arbitraretur
432 1034 507 1072 aut
538 1031 592 1072 ab
625 1031 823 1072 omnibus
856 1031 1190 1085 imperatoribus
1223 1045 1308 1072 uno
1343 1045 1454 1072 anno

115 1094 190 1132 aut
227 1090 424 1132 omnibus
463 1089 586 1130 annis
627 1089 681 1130 ab
712 1104 797 1131 uno
829 1090 1086 1143 imperatore
1119 1089 1269 1131 confici
1301 1090 1454 1143 posse?

114 1148 250 1198 Quam
282 1148 547 1203 provinciam
579 1148 777 1189 tenuistis
810 1163 835 1189 a
858 1148 1146 1203 praedonibus
1173 1148 1353 1189 liberam
1379 1162 1454 1203 per

114 1208 242 1249 hosce
282 1208 447 1249 annos?
488 1207 599 1261 quod
632 1207 817 1262 vectigal
849 1208 972 1248 vobis
1006 1210 1147 1248 tutum
1179 1206 1291 1248 fuit?
1329 1221 1456 1260 quem

115 1267 277 1308 socium
327 1265 607 1307 defendistis?
657 1266 724 1306 cui
773 1265 987 1319 praesidio
1038 1265 1248 1307 classibus
1298 1265 1455 1306 vestris

114 1325 286 1367 fuistis?
315 1339 442 1379 quam
473 1324 632 1365 multas
660 1324 914 1365 existimatis
942 1325 1105 1366 insulas
1133 1338 1224 1366 esse
1253 1324 1454 1376 desertas,

116 1398 242 1438 quam
285 1384 443 1424 multas
488 1385 563 1424 aut
606 1385 723 1424 metu
765 1383 938 1424 relictas
984 1386 1057 1424 aut
1105 1397 1130 1423 a
1167 1382 1454 1437 praedonibus

1477 455 1520 487 31

1478 1161 1520 1192 32

115 1444 264 1495 captas
301 1442 429 1482 urbes
462 1455 553 1482 esse
586 1441 830 1483 sociorum?
881 1440 961 1482 Sed
988 1441 1087 1495 quid
1114 1454 1194 1496 ego
1220 1440 1455 1495 longinqua
1471 1439 1523 1480 12

116 1500 433 1542 commemoro?
466 1499 565 1540 Fuit
591 1499 671 1541 hoc
698 1499 924 1554 quondam,
950 1499 1032 1540 fuit
1057 1499 1279 1553 proprium
1306 1499 1455 1553 populi

63 1570 78 1595 ἰ·
116 1558 317 1612 Romani⁷
353 1558 480 1611 longe
519 1572 544 1598 a
581 1557 707 1599 domo
744 1558 904 1598 bellare
937 1560 981 1598 et
1012 1557 1345 1612 propugnaculis
1379 1558 1454 1598 im-

116 1617 223 1672 perii
273 1616 485 1658 sociorum
532 1615 744 1669 fortunas,
792 1630 879 1657 non
929 1631 1006 1657 sua
1053 1618 1168 1657 tecta
1219 1615 1454 1657 defendere.

117 1674 251 1717 Sociis
279 1689 359 1730 ego
391 1674 550 1716 nostris
584 1689 700 1715 mare
731 1689 806 1729 per
837 1675 916 1715 hos
944 1689 1078 1716 annos
1105 1676 1295 1717 clausum
1322 1674 1453 1716 fuisse

117 1734 273 1786 dicam,
317 1748 413 1775 cum
457 1733 665 1774 exercitus
710 1733 842 1774 vestri
887 1747 1120 1788 numquam
1160 1748 1185 1774 a
1222 1732 1453 1774 Brundisio

115 1793 199 1834 nisi
243 1792 382 1833 hieme
427 1806 595 1833 summa
637 1791 983 1833 transmiserint?
1057 1791 1138 1840 Qui
1182 1791 1236 1833 ad
1278 1806 1356 1833 vos
1401 1793 1453 1833 ab

118 1851 272 1892 exteris
304 1850 552 1892 nationibus
580 1850 786 1903 venirent,
818 1852 967 1904 captos
1001 1865 1166 1905 querar,
1199 1865 1294 1892 cum
1320 1851 1454 1904 legati

118 1909 265 1964 populi
302 1909 485 1950 Romani
530 1909 738 1963 redempti
778 1908 896 1949 sint?
963 1908 1274 1951 Mercatoribus
1311 1911 1455 1950 tutum

118 1982 234 2009 mare
279 1982 362 2009 non
408 1967 540 2009 fuisse
585 1967 738 2016 dicam,
792 1981 888 2008 cum
936 1967 1155 2009 duodecim
1200 1982 1366 2009 secures
1411 1968 1455 2008 in

118 2027 379 2080 praedonum
404 2028 664 2080 potestatem
690 2025 990 2079 pervenerint?
1029 2025 1210 2068 Cnidum
1238 2028 1312 2067 aut
1332 2024 1454 2066 Colo-

119 2085 305 2139 phonem
346 2088 420 2125 aut
461 2084 652 2137 Samum,
692 2083 983 2126 nobilissimas
1024 2085 1168 2138 urbes,
1216 2085 1454 2125 innumera·

120 2143 312 2197 bilesque
344 2143 451 2184 alias
484 2146 632 2196 captas
665 2157 756 2183 esse
782 2157 1128 2197 commemorem,
1160 2157 1256 2184 eum
1291 2144 1454 2183 vestros

118 2206 268 2255 portus
314 2204 441 2255 atque
485 2215 556 2243 eos
590 2204 758 2255 portuS,
803 2201 956 2255 quibus
995 2203 1131 2243 vitam
1169 2216 1217 2242 ac
1256 2200 1455 2254 spiritum

1480 2036 1524 2066 33

119 2259 290 2314 ducitis7
332 2259 376 2300 in
419 2261 681 2314 praedonum
718 2259 849 2300 fuisse
887 2263 1102 2314 potestate
1142 2259 1316 2301 sciatis?
1385 2258 1454 2298 An
1506 2297 1509 2298 γ
