1687 2533
511 75 614 111 CAP.
635 80 769 111 10—1‘2
797 81 815 119 g
842 81 991 113 25-31.
1343 78 1428 118 385

88 171 340 213 adhortatus
373 187 478 212 sum.
523 172 697 214 Nullam
730 173 843 215 enim
869 175 1006 214 virtus
1034 174 1162 215 aliam
1191 175 1429 216 mercedem

86 231 284 272 laborum
316 231 687 286 periculorumque
717 232 930 273 desiderat
955 235 1127 287 praeter
1153 233 1264 275 hanc
1289 233 1427 274 laudis

88 293 131 331 et
176 289 356 345 gloriae,
401 305 484 344 qua
528 291 698 344 quidem
736 291 944 345 detracta,
989 291 1166 345 iudices,
1211 292 1313 343 quid
1351 295 1428 345 est,

90 349 203 403 quod
234 348 279 389 in
309 349 391 390 hoc
422 351 511 390 tam
544 349 698 404 exiguo
731 349 845 391 vitae
878 350 1088 392 curriculo
1122 353 1165 392 et
1190 353 1282 392 tam
1308 351 1427 392 brevi

53 421 69 445 5
90 407 224 449 tantis
264 422 344 449 nos
377 408 421 448 in
452 408 672 449 laboribus
707 409 1006 450 exerceamus?
1070 408 1212 463 Certe,
1251 410 1289 451 si
1319 410 1428 451 nihil

90 466 256 507 animus
296 466 580 520 praesentiret
611 468 654 507 in
687 470 925 522 posterum,
965 470 1007 509 et
1039 468 1093 522 si,
1131 469 1285 522 quibus
1318 469 1428 524 regi-

90 525 242 566 onibus
262 525 377 566 vitae
399 526 584 578 spatium
605 526 975 581 circumscriptum
996 529 1074 581 est,
1100 527 1260 568 eisdem
1281 542 1428 569 omnes

90 583 376 638 cogitationes
415 584 666 625 terminaret
699 599 816 639 suas,
853 600 931 627 nec
963 586 1098 627 tantis
1132 600 1176 627 se
1208 587 1428 628 laboribus

88 642 309 697 frangeret
352 657 488 697 neque
531 645 598 684 tot
642 643 754 684 curis
793 644 1038 700 vigiliisque
1083 648 1313 700 angeretur
1352 660 1429 687 nec

37 715 70 739 10
90 701 249 742 totiens
283 701 333 742 de
364 701 459 755 ipsa
489 702 580 743 vita
605 702 839 744 dimicaret.
883 702 1010 745 Nunc
1034 703 1193 745 insidet
1220 704 1429 758 quaedam

89 761 134 800 in
166 760 330 813 optimo
362 774 529 814 quoque
561 760 709 815 virtus,
743 776 849 815 quae
874 764 1022 803 noctes
1050 777 1099 804 ac
1125 763 1214 804 dies
1241 763 1430 804 animum

91 819 253 873 gloriae
279 819 462 860 stimulis
489 819 676 861 concitat
702 822 831 874 atque
858 821 1060 862 admonet
1085 836 1172 863 non
1199 835 1295 864 cum
1315 823 1430 864 vitae

89 881 281 932 tempore
314 892 406 919 esse
438 877 736 920 dimittendam
768 880 1219 921 commemorationem
1243 881 1429 922 nominis

88 937 246 989 nostri,
286 936 359 978 sed
397 951 492 978 cum
532 937 648 978 omni
678 939 933 993 posteritate
966 939 1299 993 adaequandam.
1360 940 1430 980 An

38 1008 71 1033 15
92 1009 191 1036 vero
223 998 313 1036 tam
346 995 467 1050 parvi
500 996 631 1037 animi
661 996 881 1038 videamur
907 1012 998 1039 esse
1026 1012 1184 1051 omnes,
1217 1000 1290 1053 qui
1315 999 1360 1039 in
1385 1013 1431 1040 re

90 1053 264 1108 publica
296 1056 424 1108 atque
455 1054 500 1095 in
531 1055 598 1096 his
630 1055 745 1097 vitae
777 1056 980 1110 periculis
1008 1057 1315 1112 laboribusque
1340 1072 1431 1099 ver-

91 1127 253 1165 samur,
290 1115 354 1165 ut,
394 1127 489 1154 oum
520 1128 656 1168 usque
689 1114 741 1155 ad
774 1117 1010 1156 extremum
1044 1116 1231 1169 spatium
1263 1116 1432 1157 nullum

90 1171 373 1226 tranquillum
406 1174 533 1226 atque
563 1172 748 1214 otiosum
776 1174 976 1227 spiritum
1003 1174 1259 1229 duxerimus,
1290 1175 1432 1216 nobis-

90 1245 185 1271 cum
223 1230 350 1271 simul
387 1231 597 1272 moritura
636 1232 779 1273 omnia
816 1233 1102 1274 arbitremur?
1162 1233 1232 1275 An
1265 1236 1431 1275 statuas

37 1302 71 1326 20
92 1291 134 1329 et
165 1289 388 1344 imagines,
421 1304 509 1330 non
541 1290 779 1332 animorum
813 1292 1054 1345 simulacra,
1088 1292 1161 1333 sed
1193 1307 1431 1346 corporum,

92 1346 281 1388 studiose
307 1347 434 1388 multi
455 1349 610 1389 summi
629 1349 824 1390 homines
844 1350 1128 1404 reliquerunt3
1154 1351 1431 1392 consiliorum

90 1405 328 1459 relinquere
356 1420 403 1446 ac
423 1406 631 1447 virtutum
657 1410 904 1448 nostrarum
924 1408 1110 1463 effigiem
1131 1423 1273 1450 nonne
1294 1410 1432 1451 multo

92 1463 221 1504 malle
248 1463 449 1504 debemus
476 1465 654 1506 summis
680 1466 864 1520 ingeniis
892 1480 1135 1520 expressam
1157 1470 1199 1508 et
1218 1468 1431 1521 politam?

92 1522 187 1577 Ego
219 1535 318 1562 vero
352 1522 512 1576 omnia,
544 1537 651 1576 quae
684 1524 898 1578 gerebam,
928 1524 1013 1565 iam
1046 1527 1138 1566 tum
1169 1526 1215 1566 in
1247 1527 1431 1581 gerendo

40 1593 73 1618 25
95 1594 295 1635 {spargere
329 1595 395 1621 me
428 1595 476 1622 ac
508 1581 784 1623 disseminare
811 1583 1055 1624 arbitrabar
1080 1584 1123 1624 in
1149 1584 1267 1626 orbis
1293 1588 1432 1626 terrae

95 1639 343 1680 memoriam
376 1640 690 1693 sempiternam.
735 1640 851 1682 Haec
883 1656 983 1683 vero
1015 1643 1097 1683 sive
1128 1657 1153 1684 a
1185 1658 1278 1685 meo
1306 1658 1434 1686 sensu

94 1700 193 1751 post
218 1700 402 1739 mortem
428 1698 599 1739 afutura
625 1703 690 1741 est
716 1699 816 1753 sive,
842 1702 890 1741 ut
910 1701 1218 1765 sapientissimi
1237 1702 1432 1744 homines

94 1758 370 1810 putaverunt,
404 1756 457 1797 ad
489 1757 675 1811 aliquam
709 1758 840 1799 animi
872 1759 956 1799 mei
986 1762 1155 1814 partem
1186 1761 1432 1815 pertinebit,

94 1829 206 1856 nunc
233 1815 403 1868 quidem
430 1818 542 1856 certe
569 1816 830 1871 cogitatione
852 1818 1033 1872 quadam
1055 1833 1213 1873 speque
1234 1820 1431 1862 delector.

43 1885 76 1909 31)
184 1872 329 1938 Quare
369 1876 637 1927 conservate,
686 1875 861 1930 iudices,
905 1876 1122 1918 hominem
1165 1878 1326 1931 pudore
1371 1894 1432 1933 eo,

96 1945 221 1985 quem
247 1932 482 1973 amicorum
503 1933 655 1974 videtis
683 1935 954 1988 comprobari
974 1950 1069 1976 cum
1090 1936 1313 1992 dignitate,
1340 1940 1433 1978 tum

97 1989 226 2030 etiam
270 1993 501 2045 vetustate,
550 1992 721 2047 ingenio
766 1995 907 2034 autem
951 1995 1092 2048 tanto,
1135 1971 1345 2049 quantuin
1390 1996 1433 2036 id

97 2048 294 2088 convenit
320 2049 568 2102 existimari,
595 2051 708 2104 quod
727 2065 987 2093 summorum
1008 2052 1261 2094 hominum
1250 2054 1432 2108 ingeniis

98 2106 332 2159 expetitum
370 2122 461 2149 esse
494 2084 694 2162 videatis,
734 2124 861 2151 causa
892 2125 992 2152 vero
1031 2112 1120 2153 eius
1154 2111 1286 2163 modi,
1325 2127 1432 2166 quae

44 2175 78 2201 35
98 2164 301 2206 beneficio
322 2166 442 2220 legis,
462 2168 717 2208 auctoiitate
738 2169 969 2223 municipii,
988 2170 1238 2211 testimonio
1253 2169 1432 2225 Luculli,

98 2222 257 2263 tabulis
289 2222 452 2265 Metelli
484 2227 797 2280 comprobetur
860 2226 974 2276 Quae
1008 2243 1103 2270 cum
1135 2228 1196 2269 ita
1228 2228 1331 2282 sint,
1363 2244 1432 2283 pe·

97 2281 228 2322 timus
274 2296 299 2322 a
334 2282 473 2338 vobis,
515 2285 692 2339 iudices,
736 2285 772 2325 si
817 2300 900 2340 qua
944 2301 1030 2328 non
1068 2287 1194 2328 modo
1233 2287 1432 2341 humana,

168 2354 239 2382 cic·
258 2356 334 2381 11.2
1176 2358 1219 2389 25

1447 927 1502 968 12

1458 980 1502 1010 30

1459 1891 1500 1923 31
