1687 2533
173 722 216 753 55

167 1635 224 1675 92

165 2128 207 2158 57

247 90 332 130 478
436 89 503 123 DE
529 89 665 125 DOMO
694 90 785 124 SUA
809 91 873 125 AD
899 89 1177 126 PONTIFICES
1205 91 1397 127 ORATIO.

249 188 414 226 storum
471 186 725 227 modestiam
781 185 1134 240 prudentiamque
1185 187 1434 241 quaerebas3
1489 202 1583 229 cum

248 259 368 285 arma
400 244 444 285 in
471 245 617 286 aedem
645 244 836 286 Castoris
863 245 1178 298 comportabas,
1209 245 1317 286 nihil
1344 245 1470 301 aliud,
1499 246 1584 287 nisi

246 303 311 343 uti
346 317 399 343 ne
437 303 538 357 quid
575 317 651 357 per
687 303 774 343 vim
813 303 883 357 agi
920 306 1083 357 posset,
1126 304 1443 358 machinabare3
1487 319 1582 346 cum

245 375 346 402 vero
379 362 537 415 gradus
565 361 756 402 Castoris
789 361 1031 402 convellisti
1059 377 1108 404 ac
1135 363 1369 416 removisti,
1399 365 1505 416 tum,
1534 366 1580 404 ut

245 419 437 460 modeste
482 419 563 460 tibi
601 434 726 474 agere
764 419 929 473 liceret,
966 420 1160 462 homines
1194 421 1372 462 audaces
1405 421 1458 462 ab
1490 421 1617 463 eius⁵

244 478 395 532 templi
433 478 552 519 aditu
589 481 716 532 atque
755 493 932 519 ascensu
973 479 1218 534 reppulisti3
1255 495 1350 521 cum
1383 494 1471 534 eos,
1509 480 1581 534 qui

244 537 289 577 in
333 539 544 577 conventu
582 537 772 578 virorum
809 537 1017 579 bonorum
1056 538 1185 579 verba
1223 538 1272 579 de
1311 539 1449 580 salute
1486 553 1581 580 mea

243 594 445 648 fecerant,
478 595 624 636 adesse
656 595 822 636 iussisti
848 610 1075 650 eorumque
1102 597 1423 638 advocationem
1450 598 1580 638 mani—

244 653 342 705 bus,
379 653 514 707 ferro,
552 654 766 707 lapidibus
800 654 1057 708 discussisti,
1095 657 1187 696 tum
1219 655 1408 709 profecto
1442 658 1579 697 osten·

245 712 345 752 disti
390 712 476 752 vim
520 712 600 753 tibi
646 712 828 753 maxime
873 713 1106 767 displicere.
1166 713 1327 755 Verum
1369 714 1475 756 haec
1514 714 1576 756 fu-
1601 726 1634 751 ιο

244 770 359 811 riosa
390 771 454 812 vis
486 771 660 812 vaesani
690 771 853 812 tribuni
883 772 941 826 pl.
972 771 1098 813 facile
1130 773 1322 827 superari
1352 772 1579 828 frangique

244 829 386 882 potuit
423 829 611 870 virorum
650 829 859 871 bonorum
897 830 964 871 vel
996 830 1153 871 virtute
1186 832 1253 872 vel
1292 831 1579 873 multitudine.

245 886 383 935 Quid?
417 903 511 929 eum
544 888 726 929 Gabinio
760 887 885 942 Syria
917 889 1109 942 dabatur,
1140 889 1390 931 Macedonia
1419 890 1578 943 Pisoni,

241 946 411 1000 utrique
449 947 664 987 infinitum
702 946 948 1000 imperium,
990 947 1139 1002 ingens
1178 948 1374 1002 pecunia,
1411 951 1458 989 ut
1494 949 1576 990 tibi

243 1006 386 1046 omnia
411 1006 721 1060 permitterent,
750 1008 792 1045 te
819 1006 1079 1059 adiuvarent,
1105 1006 1185 1047 tibi
1210 1022 1394 1060 manum,
1419 1007 1576 1062 copias,
1597 1019 1630 1045 15

240 1063 321 1104 tibi
365 1078 464 1104 suos
512 1066 726 1118 spectatos
766 1064 1054 1117 centuriones,
1097 1065 1177 1105 tibi
1213 1066 1453 1119 pecuniam,
1495 1066 1577 1107 tibi

240 1121 428 1163 familias
474 1124 789 1176 compararent,
832 1124 875 1163 te
921 1123 1008 1163 suis
1047 1123 1265 1164 sceleratis
1304 1124 1576 1166 contionibus

242 1180 528 1233 sublevarent,
560 1183 733 1221 senatus
760 1181 1061 1222 auctoritatem
1086 1181 1329 1236 inriderent,
1361 1182 1575 1237 equitibus

238 1238 446 1280 Romanis
479 1241 661 1280 mortem
693 1239 1132 1294 proscriptionemque
1164 1241 1476 1295 minitarentur,
1507 1255 1574 1282 me

239 1299 450 1338 terrerent
483 1298 627 1350 minis,
659 1297 764 1338 mihi
795 1298 964 1339 caedem
997 1301 1038 1339 et
1070 1298 1386 1340 dimicationem
1417 1299 1572 1340 denun-
1593 1313 1628 1339 20

239 1356 411 1409 tiarent,
443 1371 583 1397 meam
610 1356 781 1397 domum
807 1356 1011 1397 refertam
1036 1357 1139 1398 viris
1165 1357 1288 1398 bonis
1314 1372 1390 1413 per
1415 1358 1572 1400 amicos

240 1428 340 1455 suos
384 1415 648 1469 complerent
688 1415 1014 1469 pioscriptionis
1053 1418 1188 1470 metu,
1232 1431 1298 1457 me
1335 1416 1574 1471 frequentia

240 1473 450 1514 nudarent
489 1474 681 1515 virorum
719 1473 944 1526 bonorum,
983 1488 1049 1515 me
1086 1474 1298 1529 praesidio
1337 1475 1573 1529 spoliarent

241 1534 433 1586 senatus,
465 1547 543 1587 pro
576 1547 643 1573 me
674 1547 760 1573 non
792 1532 916 1573 modo
949 1546 1140 1588 pugnaie
1167 1534 1478 1588 amplissimum
1511 1548 1573 1575 or-

238 1590 395 1643 dinem,
434 1591 506 1632 sed
544 1591 672 1632 etiam
712 1591 882 1644 plorare
914 1593 956 1631 et
987 1591 1226 1656 supplicare
1259 1595 1425 1634 mutata
1455 1595 1571 1634 veste
1591 1607 1624 1631 25

192 1649 537 1717 spiohiberent,
573 1664 626 1690 ne
666 1652 760 1689 tum
799 1649 968 1703 quidem
1005 1651 1068 1690 vis
1106 1651 1225 1691 erat?
1293 1649 1402 1699 Quid
1439 1651 1572 1706 igitur

192 1687 318 1762 6ego
357 1709 485 1761 cessi,
524 1711 597 1748 aut
636 1707 707 1762 qui
743 1708 874 1749 timor
904 1707 987 1749 fuit
1016 1723 1103 1750 non
1134 1709 1271 1750 dicam
1303 1709 1347 1750 in
1377 1710 1474 1750 me?
1503 1709 1571 1752 fae

238 1779 305 1806 me
344 1765 542 1806 timidum
574 1781 666 1807 esse
697 1769 868 1820 natura,
908 1766 1037 1821 quid?
1069 1767 1144 1808 illa
1174 1770 1240 1809 tot
1270 1769 1458 1809 virorum
1489 1767 1572 1809 for·

238 1823 504 1864 tissimorum
537 1825 669 1878 milia,
701 1824 831 1879 quid?
862 1825 999 1866 nostri
1031 1826 1194 1879 equites
1219 1826 1415 1879 Romani,
1440 1826 1569 1880 quid?

237 1884 426 1935 senatus,
460 1883 588 1936 quid?
621 1883 800 1937 denique
833 1897 978 1924 omnes
1010 1884 1123 1937 boni,
1155 1884 1192 1924 si
1222 1885 1341 1925 nulla
1372 1887 1463 1925 erat
1494 1885 1569 1939 vis,
1588 1899 1623 1923 30

236 1955 310 1982 cur
343 1955 411 1981 me
442 1940 591 1982 flentes
623 1942 766 1995 potius
798 1942 1013 1996 prosecuti
1044 1945 1142 1983 sunt
1174 1957 1302 1996 quam
1334 1945 1408 1984 aut
1437 1943 1569 1984 incre-

235 2002 388 2052 pantes
438 1999 704 2040 retinuerunt
755 2003 829 2041 aut
871 2000 971 2041 irati
1014 2001 1303 2054 reliquerunt?
1376 2000 1446 2042 An
1488 2002 1569 2043 hoc

235 2058 454 2112 timebam,
485 2057 521 2099 si
552 2072 717 2099 mecum
749 2062 948 2113 ageretur
979 2073 1095 2100 more
1126 2059 1408 2113 institutoque
1440 2060 1568 2101 maio*

235 2131 348 2170 rum,
385 2120 432 2157 ut
463 2131 634 2171 possem
665 2131 866 2170 praesens
899 2117 1136 2158 sustinere?
1198 2116 1374 2171 Utrum,
1411 2118 1448 2159 si
1479 2118 1566 2159 dies

235 2175 350 2216 dicta
375 2178 497 2228 esset,
528 2174 729 2216 iudicium
755 2175 860 2216 mihi
885 2175 967 2216 fuit
992 2175 1368 2227 pertimescendum
1397 2191 1452 2217 an
1477 2177 1566 2217 sine
1585 2190 1620 2214 35

234 2233 390 2274 iudicio
423 2233 728 2288 privilegium?
789 2233 1081 2275 Iudiciumne‘?
1139 2233 1278 2276 Causa
1308 2237 1398 2275 tam
1428 2235 1565 2289 turpis

235 2291 413 2346 scilicet,
446 2292 591 2347 homo,
624 2292 694 2346 qui
727 2306 839 2345 eam,
871 2292 907 2332 si
938 2292 1024 2333 iam
1056 2296 1168 2334 esset
1199 2293 1360 2349 ignota,
1392 2293 1566 2335 dicendo
