1619 2542
589 44 690 80 CAP.
718 48 807 80 7——9
834 48 853 88 ξ
881 49 1029 80 16—21.
1375 47 1459 89 307

120 154 377 195 quemquam
425 139 558 195 fugit,
609 155 705 182 cum
748 141 874 182 multi
918 155 1043 196 pares
1088 141 1298 196 dignitate
1342 142 1461 197 fiant,

117 214 226 240 unus
260 202 403 240 autem
434 200 622 254 primum
655 200 784 241 locum
816 200 932 241 solus
964 200 1104 255 possit
1137 200 1342 256 obtinere,
1374 216 1460 243 non

118 257 297 299 eundem
324 271 415 300 esse
437 257 630 299 ordinem
651 257 876 313 dignitatis
897 260 940 300 et
959 258 1306 314 renuntiationis,
1331 274 1459 315 prop-

117 320 236 358 terea
268 316 381 371 quod
412 316 674 358 renuntiatio
706 317 864 371 gradus
896 317 1066 372 habeat,
1099 317 1287 373 dignitas
1315 321 1459 361 autem

81 386 98 412 5
119 375 175 416 sit
204 389 411 430 persaepe
442 374 588 416 eadem
621 375 824 417 omnium.
869 373 951 418 Sed
983 379 1214 431 quaestura
1238 377 1459 432 utriusque

116 448 251 488 prope
289 433 463 475 modum
494 433 589 488 pari
620 437 839 476 momento
873 434 1003 476 sortis
1033 435 1128 477 fuit.
1192 435 1360 478 Habuit
1389 437 1460 478 hic

118 493 212 547 lege
244 491 360 534 Titia
396 492 662 548 provinciam
699 493 877 535 tacitam
916 496 959 535 et
1000 494 1207 549 quietam,
1245 498 1293 537 tu
1323 495 1460 550 illam,

117 552 196 605 cui,
228 566 323 594 cum
356 553 603 606 quaestores
637 553 887 606 sortiuntur,
919 552 1051 594 etiam
1077 553 1310 595 adclamari
1336 554 1459 608 solet,

118 609 378 663 Ostiensem,
425 624 514 652 non
562 612 653 651 tam
705 611 942 664 gratiosam
986 614 1029 653 et
1071 611 1286 654 illustrem
1330 627 1459 668 quam

64 680 98 705 10
117 668 388 724 negotiosam
429 671 472 710 et
502 669 743 710 molestam.
806 668 1013 712 Consedit
1049 670 1272 725 utriusque
1301 685 1460 713 nomen

116 728 160 768 in
194 730 434 782 quaestura.
477 726 656 769 Nullum
688 727 801 769 enim
827 728 949 770 vobis
984 743 1075 771 sors
1103 743 1302 784 campum
1328 729 1444 771 dedit

1445 764 1456 796 2
1473 765 1528 809 (9)

115 786 162 827 in
205 801 287 840 quo
326 800 544 828 excurrere
576 786 712 828 virtus
749 787 1035 843 cognoscique
1066 791 1224 842 posset.
1286 787 1458 843 Reliqui
1486 816 1528 847 19

116 844 323 900 temporis
356 844 544 899 spatium
575 845 621 886 in
654 846 971 888 contentionem
1002 850 1189 890 vocatur.
1241 846 1312 888 Ab
1344 851 1457 889 utro-

118 918 199 958 que
237 903 525 945 dissimillima
561 904 728 945 ratione
766 907 1002 946 tractatum
1042 907 1118 946 est.
1183 904 1355 948 Servius
1388 906 1458 948 hic

63 973 96 999 15
116 962 341 1004 nobiscum
379 962 488 1004 hanc
525 963 736 1004 urbanam
774 963 977 1005 militiam
1016 964 1317 1018 respondendi,
1355 965 1458 1007 scri-

115 1020 255 1071 bendi,
287 1021 462 1062 cavendi
493 1020 665 1074 plenam
698 1021 1000 1064 sollicitudinis
1027 1037 1075 1064 ac
1102 1023 1316 1064 stomachi
1341 1037 1457 1065 secu—

115 1084 184 1121 tus
216 1082 300 1130 est;
333 1079 399 1120 ius
431 1078 555 1121 civile
588 1079 747 1134 didicit,
779 1081 964 1123 multum
989 1081 1199 1136 vigilavit,
1230 1082 1458 1137 laboravit,

115 1140 288 1192 praesto
314 1138 464 1179 multis
489 1137 583 1192 fuit,
609 1139 845 1180 multorum
872 1139 1104 1182 stultitiam
1130 1154 1360 1195 perpessus
1381 1144 1458 1195 est,

117 1196 416 1250 adrogantiam
448 1197 647 1252 pertulit,
679 1197 979 1240 difficultatem
1012 1199 1224 1253 exorbuit3
1262 1199 1372 1241 vixit
1403 1200 1457 1241 ad

62 1265 96 1291 20
116 1255 298 1296 aliorum
344 1255 587 1310 arbitrium,
636 1270 724 1298 non
767 1256 821 1298 ad
862 1271 997 1298 suum.
1071 1256 1233 1312 Magna
1276 1258 1370 1299 laus
1415 1261 1457 1299 et

117 1315 242 1368 grata
295 1313 541 1355 hominibus
592 1329 723 1355 unum
772 1314 991 1356 hominem
1041 1315 1263 1356 elaborare
1311 1316 1358 1357 in
1406 1330 1456 1358 ea

117 1371 307 1424 scientia,
339 1386 443 1426 quae
477 1373 534 1413 sit
565 1373 714 1414 multis
744 1372 980 1427 profutura.
1043 1372 1153 1421 Quid
1184 1373 1365 1415 Murena
1396 1374 1456 1416 in-

115 1430 264 1471 terea‘?
324 1429 581 1471 Fortissimo
615 1433 658 1471 et
689 1430 1008 1485 sapientissimo
1040 1431 1146 1485 viro,
1177 1446 1345 1473 summo
1377 1432 1456 1474 im-

114 1488 303 1543 peratori
345 1489 532 1544 legatus,
574 1488 619 1531 L.
650 1487 848 1543 Lucullo,
885 1490 985 1543 fuit3
1035 1504 1119 1544 qua
1156 1490 1200 1531 in
1239 1490 1455 1546 legatione

60 1558 93 1583 25
119 1546 239 1587 duxit
287 1548 534 1599 exercitum,
584 1547 707 1603 signa
757 1547 955 1601 contulit,
1004 1562 1179 1590 manum
1230 1550 1457 1604 conseruit,

115 1618 295 1659 magnas
327 1605 471 1660 copias
497 1604 688 1647 hostium
713 1605 838 1658 fudit,
869 1606 997 1648 urbes
1023 1606 1179 1661 partim
1208 1608 1264 1662 vi,
1294 1608 1455 1662 partim

116 1663 335 1705 obsidione
385 1664 512 1718 cepit,
562 1663 712 1705 Asiam
761 1664 890 1706 istam
939 1665 1140 1707 refertam
1191 1668 1234 1707 et
1276 1666 1454 1708 eandem

116 1722 342 1764 delicatam
380 1722 441 1764 sic
480 1722 605 1775 obiit,
642 1725 690 1763 ut
727 1723 771 1763 in
809 1738 859 1764 ea
895 1737 1033 1777 neque
1071 1723 1280 1766 avaritiae
1317 1739 1453 1781 neque

115 1781 308 1822 luxuriae
338 1780 567 1835 vestigium
599 1781 834 1835 reliquerit,
865 1782 1052 1823 maximo
1084 1782 1128 1824 in
1159 1782 1275 1825 bello
1302 1784 1362 1825 sic
1389 1787 1454 1826 est

64 1849 98 1875 30
117 1842 324 1894 versatus,
356 1842 405 1881 ut
429 1839 499 1881 hic
524 1839 682 1881 multas
708 1854 776 1881 res
803 1842 844 1881 et
869 1854 1049 1895 magnas
1076 1841 1167 1883 sine
1191 1842 1452 1896 imperatore

117 1897 314 1951 gesserit,
363 1899 524 1939 nullam
576 1898 665 1939 sine
715 1897 796 1940 hoc
842 1898 1086 1953 imperator.
1160 1899 1305 1955 Atque
1348 1901 1452 1943 haec

117 1970 375 2010 quamquam
405 1958 628 2012 praesente
660 1955 706 1998 L.
731 1955 909 1998 Lucullo
942 1957 1105 2013 loquor,
1135 1960 1281 2000 tamen
1311 1973 1365 2001 ne
1397 1959 1451 2000 ab

115 2013 209 2067 ipso
246 2017 422 2069 propter
461 2015 697 2070 periculum
728 2017 926 2057 nostrum
957 2030 1202 2059 concessam
1234 2017 1453 2059 videamur

115 2071 272 2114 habere
297 2073 514 2115 licentiam
539 2073 741 2129 fingendi,
771 2073 954 2127 publicis
980 2075 1138 2117 litteris
1164 2077 1328 2117 testata
1353 2078 1453 2116 sunt

62 2141 96 2167 35
117 2130 271 2184 omnia,
298 2131 450 2185 quibus
474 2131 524 2174 L.
540 2131 742 2174 Lucullus
768 2134 938 2174 tantum
962 2133 1056 2176 huic
1079 2134 1218 2175 laudis
1244 2134 1450 2187 impertit,

116 2191 325 2242 quantum
369 2203 504 2244 neque
544 2191 795 2232 ambitiosus
831 2190 1065 2246 imperator
1105 2206 1242 2247 neque
1281 2192 1449 2233 invidus

1483 908 1509 949 9

1482 1387 1526 1419 20

115 2246 301 2288 tribuere
329 2247 454 2290 alteri
478 2248 523 2290 in
549 2249 898 2291 communicanda
917 2250 1056 2305 gloria
1076 2250 1233 2292 debuit.
1275 2248 1449 2293 Summa
1476 2262 1518 2294 21

1166 2317 1239 2354 20*
