1619 2542
138 104 225 145 216
445 103 507 138 DE
534 102 659 138 LEGE
685 102 901 137 AGRARIA
928 101 1105 137 ORATIO
1130 101 1174 137 11.

137 200 323 256 vigilare
356 200 445 241 dies
478 202 606 253 atque
637 202 784 240 noctes
818 201 860 240 et
891 198 1068 239 intentis
1095 198 1227 240 oculis
1254 198 1391 239 omnis
1415 197 1478 239 rei

138 259 335 314 publicae
366 259 504 313 partis
537 258 695 299 intueri
726 257 861 310 iubet,
900 259 1046 298 tamen
1076 257 1311 311 paulisper,
1349 257 1386 298 si
1415 256 1478 297 ita

139 317 410 359 commodum
448 319 639 358 vestium
677 316 779 369 fert,
817 316 1034 357 conivebo.
1102 314 1183 357 Sed
1222 315 1258 356 si
1295 315 1477 370 quinque

138 376 362 418 hominum
393 376 568 416 milibus
602 375 655 416 ad
686 376 792 428 vim,
822 374 988 415 facinus
1021 373 1274 428 caedemque
1305 373 1477 415 delectis

138 435 258 477 locus
291 437 419 488 atque
452 427 573 487 urbs,
606 448 713 487 quae
745 433 907 474 bellum
938 432 1077 474 facere
1110 436 1237 488 atque
1267 432 1477 474 instruere
1496 443 1513 469 5

139 494 294 548 possit,
341 493 576 547 quaeritur,
619 495 819 533 tamenne
862 491 1086 546 patiemini
1121 493 1265 533 vestro
1307 491 1478 532 nomine

141 555 291 594 contra
316 566 392 593 vos
418 551 583 592 firmari
605 565 719 606 opes,
745 551 904 592 armari
923 549 1147 605 praesidia,
1171 550 1312 604 urbes,
1338 564 1479 605 agros,

71 622 114 653 78
141 611 286 665 copias
326 610 596 664 comparari?
657 609 770 650 Nam
810 623 961 664 agrum
994 609 1163 663 quidem
1201 607 1479 663 Campanum,

141 684 265 724 quem
309 669 432 710 vobis
478 671 715 722 ostentant,
754 668 838 723 ipsi
880 668 1230 722 concupiverunt,
1272 667 1479 708 deducent

141 742 258 782 suos,
295 742 476 782 quorum
514 727 685 768 nomine
722 726 804 780 ipsi
850 729 1023 768 teneant
1060 729 1102 767 et
1137 725 1352 780 fruantur3
1389 729 1533 767 coe-10

140 789 257 828 ment
288 789 529 841 praeterea3
560 786 644 827 ista
677 785 785 826 dena
815 785 964 841 iugera
996 785 1318 826 continuabunt.
1365 783 1479 825 Nam

141 845 177 886 si
215 845 355 886 dicent
392 859 468 899 per
500 845 638 899 legem
670 844 713 884 id
744 858 830 884 non
862 844 1007 897 licere,
1043 858 1096 885 ne
1128 858 1202 897 per
1235 842 1479 884 Corneliam

142 903 311 958 quidem
362 903 479 956 licet3
530 906 575 944 at
617 902 827 955 videmus,
871 905 919 944 ut
967 902 1203 957 longinqua
1245 902 1479 955 mittamus,

142 976 294 1018 agrum
315 961 640 1003 Praenestinum
667 976 692 1002 a
712 962 857 1015 paucis
877 960 1097 1016 possideri.
1129 960 1277 1015 Neque
1296 960 1478 1002 istorum

142 1021 330 1074 pecuniis
370 1020 595 1074 quicquam
635 1019 749 1060 aliud
789 1020 933 1060 deesse
966 1019 1088 1061 video
1126 1019 1211 1060 nisi
1243 1019 1331 1060 eius
1364 1018 1478 1060 modi
1499 1028 1531 1055 1⁵

141 1079 313 1132 fundos,
352 1093 533 1132 quorum
573 1077 762 1119 subsidio
794 1078 1058 1119 familiarum
1090 1077 1405 1133 magnitudines
1439 1080 1480 1118 et

143 1137 433 1179 Cumanorum
484 1152 531 1178 ac
580 1136 915 1177 Puteolanorum
964 1136 1233 1190 praediorum
1283 1138 1478 1189 sumptus

143 1198 385 1237 sustentare
404 1195 584 1250 possint.
623 1194 783 1243 Quodsi
801 1197 993 1236 vestrum
1014 1195 1282 1236 commodum
1302 1197 1479 1248 spectat,

142 1255 286 1296 veniat
331 1256 373 1295 et
417 1268 561 1295 colam
599 1268 764 1295 mecum
803 1253 853 1293 de
891 1253 985 1308 agri
1026 1252 1232 1306 Campani
1271 1253 1477 1294 divisione

73 1299 127 1381 ⁶729
144 1313 345 1368 disputet.
407 1312 607 1360 Quaesivi
646 1326 695 1353 ex
734 1326 782 1353 eo
820 1310 1025 1352 Kalendis
1056 1311 1285 1365 Ianuariis,
1323 1311 1476 1366 quibus
1496 1323 1531 1349 20

98 1351 387 1413 9hominibus
433 1374 475 1411 et
519 1385 644 1424 quem
690 1370 742 1412 ad
786 1370 960 1411 modum
1003 1370 1125 1411 illum
1169 1384 1320 1426 agrum
1365 1372 1478 1411 esset

143 1430 463 1471 distributurus
523 1429 759 1483 Respondit
796 1443 822 1470 a
853 1428 1039 1470 Romilia
1076 1428 1192 1469 tribu
1225 1443 1268 1469 se
1305 1429 1476 1470 initium

142 1503 233 1530 esse
277 1489 503 1530 facturum.
570 1487 762 1529 Primum
807 1502 914 1541 quae
959 1490 1023 1528 est
1065 1487 1150 1528 ista
1194 1487 1393 1542 superbia
1435 1491 1478 1529 et

141 1547 425 1600 contumacia,
456 1549 504 1587 ut
541 1547 686 1601 populi
719 1560 818 1600 pars
851 1548 1114 1599 amputetur,
1152 1546 1254 1587 ordo
1286 1545 1476 1587 tribuum

142 1605 409 1659 neglegatur,
442 1607 541 1646 ante
566 1604 737 1646 rusticis
764 1604 887 1645 detur
913 1618 1026 1659 ager,
1055 1605 1127 1659 qui
1151 1605 1323 1657 habent,
1348 1619 1475 1658 quam
1495 1614 1529 1642 2⁵

143 1663 336 1717 urbanis,
378 1663 531 1717 quibus
573 1663 659 1705 ista
702 1663 796 1719 agri
837 1677 933 1717 spes
977 1665 1020 1704 et
1062 1663 1300 1704 iucunditas
1339 1666 1476 1705 osten-

141 1725 287 1765 ditur?
332 1725 432 1774 Aut,
459 1724 496 1764 si
521 1724 603 1766 hoc
629 1724 682 1765 ab
709 1738 753 1765 se
781 1723 939 1765 dictum
964 1725 1108 1778 negat,
1133 1726 1182 1764 ut
1208 1722 1312 1764 satis
1337 1722 1478 1763 facere

141 1782 339 1823 omnibus
376 1782 499 1822 vobis
538 1782 716 1836 cogitet,
753 1781 960 1836 proferat3
1004 1781 1049 1822 in
1085 1781 1234 1835 iugera
1273 1780 1381 1821 dena
1418 1779 1477 1820 di—

142 1839 312 1892 scribat,
339 1853 363 1879 a
383 1836 606 1879 Suburana
631 1852 763 1892 usque
791 1838 843 1879 ad
863 1838 1115 1878 Arniensem
1139 1836 1313 1877 nomina
1331 1839 1474 1877 vestra

141 1898 367 1952 proponat.
429 1895 474 1937 Si
505 1911 591 1937 non
623 1896 749 1938 modo
782 1896 889 1937 dena
920 1895 1068 1950 iugera
1100 1894 1191 1935 dari
1221 1894 1363 1948 vobis,
1400 1894 1474 1935 sed
1491 1905 1527 1931 30

140 1970 194 1996 ne
220 1954 455 2008 constipari
481 1955 651 2008 quidem
676 1957 846 1995 tantum
865 1967 1089 1994 numerum
1107 1952 1328 1993 hominum
1347 1967 1473 2006 posse

141 2014 186 2055 in
218 2027 368 2068 agrum
395 2011 661 2066 Campanum
692 2012 966 2066 intellegetis,
996 2013 1193 2051 tamenne
1218 2011 1361 2051 vexari
1385 2025 1473 2052 rem

141 2072 370 2127 publicam,
403 2071 616 2111 contemni
642 2071 909 2112 maiestatem
936 2068 1081 2123 populi
1107 2068 1302 2122 Romani,
1333 2069 1476 2111 deludi

142 2132 309 2172 vosmet
364 2130 482 2183 ipsos
532 2128 690 2169 diutius
741 2144 765 2170 a
813 2129 987 2169 tribuno
1036 2127 1173 2180 plebis
1222 2127 1473 2181 patiemini?

72 2200 116 2231 80
144 2188 305 2237 Quodsi
336 2189 483 2242 posset
514 2200 616 2241 ager
646 2187 727 2227 iste
759 2186 812 2228 ad
842 2200 917 2227 vos
946 2185 1177 2239 pervenire,
1207 2200 1345 2227 nonne
1378 2200 1473 2227 eum
1491 2194 1525 2221 35

142 2250 287 2288 tamen
307 2246 351 2287 in
364 2244 623 2300 patrimonio
638 2247 782 2285 vestro
797 2257 1012 2285 remanere
1026 2243 1212 2284 malletis
1223 2244 1245 2284 ‘?
1277 2243 1473 2285 Unumne

141 2305 320 2346 fundum
358 2302 692 2358 pulcherrimum
730 2302 878 2357 populi
909 2301 1109 2354 Romani,
1149 2304 1275 2355 caput
1307 2304 1474 2343 vestrae
