<?xml version="1.0" encoding="UTF-8"?>
<!DOCTYPE html PUBLIC "-//W3C//DTD XHTML 1.0 Transitional//EN"
    "http://www.w3.org/TR/xhtml1/DTD/xhtml1-transitional.dtd">
<html xmlns="http://www.w3.org/1999/xhtml" xml:lang="en" lang="en">
 <head>
  <title>
</title>
<meta http-equiv="Content-Type" content="text/html;charset=utf-8" />
  <meta name='ocr-system' content='tesseract 3.04.00' />
  <meta name='ocr-capabilities' content='ocr_page ocr_carea ocr_par ocr_line ocrx_word'/>
</head>
<body>
  <div class='ocr_page' id='page_1' title='image "./p2scriptaquaemanse02ciceuoft_0370.png"; bbox 0 0 1619 2542; ppageno 0'>
   <div class='ocr_carea' id='block_1_1' title="bbox 147 101 1181 144">
    <p class='ocr_par' dir='ltr' id='par_1_1' title="bbox 147 101 1181 144">
     <span class='ocr_line' id='line_1_1' title="bbox 147 101 1181 144; baseline -0.007 0"><span class='ocrx_word' id='word_1_1' title='bbox 147 103 232 144; x_wconf 76' lang='grc'>218</span> <span class='ocrx_word' id='word_1_2' title='bbox 452 103 515 137; x_wconf 88' lang='lat' dir='ltr'>DE</span> <span class='ocrx_word' id='word_1_3' title='bbox 543 102 665 137; x_wconf 86' lang='lat' dir='ltr'>LEGE</span> <span class='ocrx_word' id='word_1_4' title='bbox 692 102 908 137; x_wconf 85' lang='lat' dir='ltr'><strong>AGRARIA</strong></span> <span class='ocrx_word' id='word_1_5' title='bbox 934 101 1111 136; x_wconf 85' lang='lat' dir='ltr'><strong>ORATIO</strong></span> <span class='ocrx_word' id='word_1_6' title='bbox 1137 102 1181 137; x_wconf 91' lang='lat' dir='ltr'>II.</span> 
     </span>
    </p>
   </div>
   <div class='ocr_carea' id='block_1_2' title="bbox 79 197 1540 2360">
    <p class='ocr_par' dir='ltr' id='par_1_2' title="bbox 79 197 1540 2360">
     <span class='ocr_line' id='line_1_2' title="bbox 149 197 1482 254; baseline -0.002 -13"><span class='ocrx_word' id='word_1_7' title='bbox 149 202 280 254; x_wconf 85' lang='lat' dir='ltr'>esset,</span> <span class='ocrx_word' id='word_1_8' title='bbox 312 202 360 240; x_wconf 89' lang='lat' dir='ltr'>ut</span> <span class='ocrx_word' id='word_1_9' title='bbox 390 200 581 254; x_wconf 81' lang='lat' dir='ltr'>privatos</span> <span class='ocrx_word' id='word_1_10' title='bbox 615 213 754 253; x_wconf 82' lang='lat' dir='ltr'>agros,</span> <span class='ocrx_word' id='word_1_11' title='bbox 787 198 859 252; x_wconf 91' lang='lat' dir='ltr'>qui</span> <span class='ocrx_word' id='word_1_12' title='bbox 890 198 935 239; x_wconf 90' lang='lat' dir='ltr'>in</span> <span class='ocrx_word' id='word_1_13' title='bbox 966 198 1185 252; x_wconf 88' lang='lat' dir='ltr'>publicum</span> <span class='ocrx_word' id='word_1_14' title='bbox 1218 197 1482 252; x_wconf 87' lang='lat' dir='ltr'>Campanum</span> 
     </span>
     <span class='ocr_line' id='line_1_3' title="bbox 148 257 1483 312; baseline -0.001 -13"><span class='ocrx_word' id='word_1_15' title='bbox 148 258 440 312; x_wconf 72' lang='lat' dir='ltr'>incurrebant,</span> <span class='ocrx_word' id='word_1_16' title='bbox 471 258 650 312; x_wconf 87' lang='lat' dir='ltr'>pecunia</span> <span class='ocrx_word' id='word_1_17' title='bbox 682 257 856 311; x_wconf 84' lang='lat' dir='ltr'>publica</span> <span class='ocrx_word' id='word_1_18' title='bbox 887 259 1117 310; x_wconf 70' lang='lat' dir='ltr'>coemeret,</span> <span class='ocrx_word' id='word_1_19' title='bbox 1148 257 1302 298; x_wconf 87' lang='lat' dir='ltr'>dicitur</span> <span class='ocrx_word' id='word_1_20' title='bbox 1332 271 1483 298; x_wconf 90' lang='lat' dir='ltr'>renun-</span> 
     </span>
     <span class='ocr_line' id='line_1_4' title="bbox 148 315 1484 371; baseline -0.001 -13"><span class='ocrx_word' id='word_1_21' title='bbox 148 317 280 358; x_wconf 89' lang='lat' dir='ltr'>tiasse</span> <span class='ocrx_word' id='word_1_22' title='bbox 299 317 419 357; x_wconf 89' lang='lat' dir='ltr'>nulla</span> <span class='ocrx_word' id='word_1_23' title='bbox 440 331 483 357; x_wconf 91' lang='lat' dir='ltr'>se</span> <span class='ocrx_word' id='word_1_24' title='bbox 504 317 681 371; x_wconf 87' lang='lat' dir='ltr'>pecunia</span> <span class='ocrx_word' id='word_1_25' title='bbox 700 315 877 356; x_wconf 87' lang='lat' dir='ltr'>fundum</span> <span class='ocrx_word' id='word_1_26' title='bbox 898 315 1114 357; x_wconf 89' lang='lat' dir='ltr'>cuiusdam</span> <span class='ocrx_word' id='word_1_27' title='bbox 1129 330 1266 356; x_wconf 90' lang='lat' dir='ltr'>emere</span> <span class='ocrx_word' id='word_1_28' title='bbox 1280 315 1484 370; x_wconf 89' lang='lat' dir='ltr'>potuisse,</span> 
     </span>
     <span class='ocr_line' id='line_1_5' title="bbox 151 373 1484 431; baseline -0.002 -14"><span class='ocrx_word' id='word_1_29' title='bbox 151 390 347 429; x_wconf 87' lang='lat' dir='ltr'>eumque,</span> <span class='ocrx_word' id='word_1_30' title='bbox 393 375 464 429; x_wconf 88' lang='lat' dir='ltr'>qui</span> <span class='ocrx_word' id='word_1_31' title='bbox 501 375 637 431; x_wconf 87' lang='lat' dir='ltr'>nollet</span> <span class='ocrx_word' id='word_1_32' title='bbox 674 374 872 427; x_wconf 87' lang='lat' dir='ltr'>vendere,</span> <span class='ocrx_word' id='word_1_33' title='bbox 909 374 1002 415; x_wconf 88' lang='lat' dir='ltr'>ideo</span> <span class='ocrx_word' id='word_1_34' title='bbox 1040 388 1220 429; x_wconf 81' lang='lat' dir='ltr'>negasse</span> <span class='ocrx_word' id='word_1_35' title='bbox 1258 388 1302 415; x_wconf 89' lang='lat' dir='ltr'>se</span> <span class='ocrx_word' id='word_1_36' title='bbox 1335 373 1484 415; x_wconf 88' lang='lat' dir='ltr'>adduci</span> 
     </span>
     <span class='ocr_line' id='line_1_6' title="bbox 150 433 1519 489; baseline -0.001 -14"><span class='ocrx_word' id='word_1_37' title='bbox 150 449 287 489; x_wconf 87' lang='lat' dir='ltr'>posse,</span> <span class='ocrx_word' id='word_1_38' title='bbox 319 434 382 475; x_wconf 90' lang='lat' dir='ltr'>uti</span> <span class='ocrx_word' id='word_1_39' title='bbox 414 434 626 487; x_wconf 78' lang='lat' dir='ltr'>venderet,</span> <span class='ocrx_word' id='word_1_40' title='bbox 660 433 783 487; x_wconf 91' lang='lat' dir='ltr'>quod,</span> <span class='ocrx_word' id='word_1_41' title='bbox 815 448 910 474; x_wconf 90' lang='lat' dir='ltr'>cum</span> <span class='ocrx_word' id='word_1_42' title='bbox 940 433 1077 487; x_wconf 91' lang='lat' dir='ltr'>pluris</span> <span class='ocrx_word' id='word_1_43' title='bbox 1109 433 1262 474; x_wconf 85' lang='lat' dir='ltr'>fundos</span> <span class='ocrx_word' id='word_1_44' title='bbox 1294 433 1483 486; x_wconf 88' lang='lat' dir='ltr'>haberet,</span> <span class='ocrx_word' id='word_1_45' title='bbox 1502 445 1519 471; x_wconf 84' lang='lat'><strong>5</strong></span> 
     </span>
     <span class='ocr_line' id='line_1_7' title="bbox 151 491 1484 545; baseline -0.001 -12"><span class='ocrx_word' id='word_1_46' title='bbox 151 508 199 533; x_wconf 82' lang='lat' dir='ltr'>ex</span> <span class='ocrx_word' id='word_1_47' title='bbox 232 493 308 534; x_wconf 87' lang='lat' dir='ltr'>illo</span> <span class='ocrx_word' id='word_1_48' title='bbox 337 493 428 533; x_wconf 92' lang='lat' dir='ltr'>solo</span> <span class='ocrx_word' id='word_1_49' title='bbox 454 492 585 533; x_wconf 86' lang='lat' dir='ltr'>fundo</span> <span class='ocrx_word' id='word_1_50' title='bbox 612 507 844 545; x_wconf 79' lang='lat' dir='ltr'>numquam</span> <span class='ocrx_word' id='word_1_51' title='bbox 871 492 1033 532; x_wconf 87' lang='lat' dir='ltr'>malum</span> <span class='ocrx_word' id='word_1_52' title='bbox 1058 492 1256 533; x_wconf 86' lang='lat' dir='ltr'>nuntium</span> <span class='ocrx_word' id='word_1_53' title='bbox 1284 491 1484 533; x_wconf 88' lang='lat' dir='ltr'>audisset.</span> 
     </span>
     <span class='ocr_line' id='line_1_8' title="bbox 79 550 1484 605; baseline -0.001 -12"><span class='ocrx_word' id='word_1_54' title='bbox 79 562 122 593; x_wconf 88' lang='lat'>83</span> <span class='ocrx_word' id='word_1_55' title='bbox 149 551 271 592; x_wconf 89' lang='lat' dir='ltr'>Itane</span> <span class='ocrx_word' id='word_1_56' title='bbox 304 551 432 592; x_wconf 77' lang='lat' dir='ltr'>vero?</span> <span class='ocrx_word' id='word_1_57' title='bbox 464 553 680 605; x_wconf 83' lang='lat' dir='ltr'>privatum</span> <span class='ocrx_word' id='word_1_58' title='bbox 713 551 815 592; x_wconf 89' lang='lat' dir='ltr'>haec</span> <span class='ocrx_word' id='word_1_59' title='bbox 841 565 968 592; x_wconf 89' lang='lat' dir='ltr'>causa</span> <span class='ocrx_word' id='word_1_60' title='bbox 999 551 1247 604; x_wconf 77' lang='lat' dir='ltr'>commovit3</span> <span class='ocrx_word' id='word_1_61' title='bbox 1278 550 1484 605; x_wconf 87' lang='lat' dir='ltr'>populum</span> 
     </span>
     <span class='ocr_line' id='line_1_9' title="bbox 148 608 1484 665; baseline -0.001 -14"><span class='ocrx_word' id='word_1_62' title='bbox 148 610 403 665; x_wconf 85' lang='lat' dir='ltr'>Romanum,</span> <span class='ocrx_word' id='word_1_63' title='bbox 433 624 486 650; x_wconf 91' lang='lat' dir='ltr'>ne</span> <span class='ocrx_word' id='word_1_64' title='bbox 519 624 670 665; x_wconf 88' lang='lat' dir='ltr'>agrum</span> <span class='ocrx_word' id='word_1_65' title='bbox 697 609 961 664; x_wconf 89' lang='lat' dir='ltr'>Campanum</span> <span class='ocrx_word' id='word_1_66' title='bbox 987 609 1166 663; x_wconf 83' lang='lat' dir='ltr'>privatis</span> <span class='ocrx_word' id='word_1_67' title='bbox 1193 610 1329 664; x_wconf 85' lang='lat' dir='ltr'>gratis</span> <span class='ocrx_word' id='word_1_68' title='bbox 1355 608 1484 650; x_wconf 89' lang='lat' dir='ltr'>Rullo</span> 
     </span>
     <span class='ocr_line' id='line_1_10' title="bbox 148 668 1484 723; baseline -0.001 -13"><span class='ocrx_word' id='word_1_69' title='bbox 148 671 329 723; x_wconf 87' lang='lat' dir='ltr'>rogante</span> <span class='ocrx_word' id='word_1_70' title='bbox 367 668 530 721; x_wconf 88' lang='lat' dir='ltr'>tradat,</span> <span class='ocrx_word' id='word_1_71' title='bbox 567 683 653 709; x_wconf 93' lang='lat' dir='ltr'>non</span> <span class='ocrx_word' id='word_1_72' title='bbox 692 668 1005 710; x_wconf 78' lang='lat' dir='ltr'>commovebit?</span> <span class='ocrx_word' id='word_1_73' title='bbox 1067 668 1127 709; x_wconf 89' lang='lat' dir='ltr'>At</span> <span class='ocrx_word' id='word_1_74' title='bbox 1158 668 1270 709; x_wconf 89' lang='lat' dir='ltr'>idem</span> <span class='ocrx_word' id='word_1_75' title='bbox 1301 668 1484 722; x_wconf 90' lang='lat' dir='ltr'>populus</span> 
     </span>
     <span class='ocr_line' id='line_1_11' title="bbox 148 726 1539 782; baseline -0.002 -14"><span class='ocrx_word' id='word_1_76' title='bbox 148 727 368 769; x_wconf 87' lang='lat' dir='ltr'>Romanus</span> <span class='ocrx_word' id='word_1_77' title='bbox 401 727 450 768; x_wconf 91' lang='lat' dir='ltr'>de</span> <span class='ocrx_word' id='word_1_78' title='bbox 482 727 563 768; x_wconf 92' lang='lat' dir='ltr'>hoc</span> <span class='ocrx_word' id='word_1_79' title='bbox 593 727 797 782; x_wconf 82' lang='lat' dir='ltr'>vectigali</span> <span class='ocrx_word' id='word_1_80' title='bbox 827 729 973 781; x_wconf 87' lang='lat' dir='ltr'>potest</span> <span class='ocrx_word' id='word_1_81' title='bbox 1004 726 1153 780; x_wconf 87' lang='lat' dir='ltr'>dicere,</span> <span class='ocrx_word' id='word_1_82' title='bbox 1185 727 1297 781; x_wconf 86' lang='lat' dir='ltr'>quod</span> <span class='ocrx_word' id='word_1_83' title='bbox 1329 726 1403 767; x_wconf 89' lang='lat' dir='ltr'>ille</span> <span class='ocrx_word' id='word_1_84' title='bbox 1435 726 1485 767; x_wconf 90' lang='lat' dir='ltr'>de</span> <span class='ocrx_word' id='word_1_85' title='bbox 1506 739 1539 764; x_wconf 93' lang='lat'>10</span> 
     </span>
     <span class='ocr_line' id='line_1_12' title="bbox 151 785 1485 828; baseline -0.001 -1"><span class='ocrx_word' id='word_1_86' title='bbox 151 801 226 828; x_wconf 92' lang='lat' dir='ltr'>suo</span> <span class='ocrx_word' id='word_1_87' title='bbox 264 786 395 827; x_wconf 84' lang='lat' dir='ltr'>fundo</span> <span class='ocrx_word' id='word_1_88' title='bbox 434 786 590 826; x_wconf 81' lang='lat' dir='ltr'>dixisse</span> <span class='ocrx_word' id='word_1_89' title='bbox 629 786 795 827; x_wconf 88' lang='lat' dir='ltr'>dicitur.</span> <span class='ocrx_word' id='word_1_90' title='bbox 859 786 960 827; x_wconf 91' lang='lat' dir='ltr'>Asia</span> <span class='ocrx_word' id='word_1_91' title='bbox 997 786 1155 827; x_wconf 88' lang='lat' dir='ltr'>multos</span> <span class='ocrx_word' id='word_1_92' title='bbox 1197 799 1331 827; x_wconf 90' lang='lat' dir='ltr'>annos</span> <span class='ocrx_word' id='word_1_93' title='bbox 1362 785 1485 826; x_wconf 84' lang='lat' dir='ltr'>vobis</span> 
     </span>
     <span class='ocr_line' id='line_1_13' title="bbox 149 843 1486 898; baseline -0.001 -13"><span class='ocrx_word' id='word_1_94' title='bbox 149 844 334 887; x_wconf 86' lang='lat' dir='ltr'>fructum</span> <span class='ocrx_word' id='word_1_95' title='bbox 379 844 671 886; x_wconf 71' lang='lat' dir='ltr'>Mithridatico</span> <span class='ocrx_word' id='word_1_96' title='bbox 721 844 837 885; x_wconf 92' lang='lat' dir='ltr'>bello</span> <span class='ocrx_word' id='word_1_97' title='bbox 881 859 966 886; x_wconf 87' lang='lat' dir='ltr'>non</span> <span class='ocrx_word' id='word_1_98' title='bbox 1009 844 1128 898; x_wconf 89' lang='lat' dir='ltr'>tulit,</span> <span class='ocrx_word' id='word_1_99' title='bbox 1177 843 1486 898; x_wconf 85' lang='lat' dir='ltr'>Hispaniarum</span> 
     </span>
     <span class='ocr_line' id='line_1_14' title="bbox 149 901 1486 959; baseline -0.001 -14"><span class='ocrx_word' id='word_1_100' title='bbox 149 904 335 959; x_wconf 82' lang='lat' dir='ltr'>vectigal</span> <span class='ocrx_word' id='word_1_101' title='bbox 373 903 638 957; x_wconf 70' lang='lat' dir='ltr'>temporibus</span> <span class='ocrx_word' id='word_1_102' title='bbox 677 902 934 944; x_wconf 79' lang='lat' dir='ltr'>Sertorianis</span> <span class='ocrx_word' id='word_1_103' title='bbox 972 903 1138 944; x_wconf 91' lang='lat' dir='ltr'>nullum</span> <span class='ocrx_word' id='word_1_104' title='bbox 1175 902 1275 957; x_wconf 86' lang='lat' dir='ltr'>fuit,</span> <span class='ocrx_word' id='word_1_105' title='bbox 1315 901 1486 944; x_wconf 83' lang='lat' dir='ltr'>Siciliae</span> 
     </span>
     <span class='ocr_line' id='line_1_15' title="bbox 150 961 1486 1016; baseline -0.001 -13"><span class='ocrx_word' id='word_1_106' title='bbox 150 962 400 1003; x_wconf 85' lang='lat' dir='ltr'>civitatibus</span> <span class='ocrx_word' id='word_1_107' title='bbox 420 962 535 1003; x_wconf 90' lang='lat' dir='ltr'>bello</span> <span class='ocrx_word' id='word_1_108' title='bbox 550 962 834 1016; x_wconf 82' lang='lat' dir='ltr'>fugitivorum</span> <span class='ocrx_word' id='word_1_109' title='bbox 848 961 915 1002; x_wconf 81' lang='grc' dir='ltr'>Μ’,</span> <span class='ocrx_word' id='word_1_110' title='bbox 930 961 1132 1016; x_wconf 89' lang='lat' dir='ltr'>Aquilius</span> <span class='ocrx_word' id='word_1_111' title='bbox 1147 961 1276 1002; x_wconf 88' lang='lat' dir='ltr'>etiam</span> <span class='ocrx_word' id='word_1_112' title='bbox 1290 964 1486 1002; x_wconf 90' lang='lat' dir='ltr'>mutuum</span> 
     </span>
     <span class='ocr_line' id='line_1_16' title="bbox 148 1020 1539 1075; baseline -0.002 -14"><span class='ocrx_word' id='word_1_113' title='bbox 148 1021 410 1061; x_wconf 79' lang='lat' dir='ltr'>frumentum</span> <span class='ocrx_word' id='word_1_114' title='bbox 443 1020 575 1074; x_wconf 71' lang='lat' dir='ltr'>dedit3</span> <span class='ocrx_word' id='word_1_115' title='bbox 608 1022 652 1060; x_wconf 90' lang='lat' dir='ltr'>at</span> <span class='ocrx_word' id='word_1_116' title='bbox 679 1035 728 1061; x_wconf 88' lang='lat' dir='ltr'>ex</span> <span class='ocrx_word' id='word_1_117' title='bbox 754 1020 834 1061; x_wconf 87' lang='lat' dir='ltr'>hoc</span> <span class='ocrx_word' id='word_1_118' title='bbox 860 1021 1063 1075; x_wconf 87' lang='lat' dir='ltr'>vectigali</span> <span class='ocrx_word' id='word_1_119' title='bbox 1087 1035 1321 1074; x_wconf 86' lang='lat' dir='ltr'>numquam</span> <span class='ocrx_word' id='word_1_120' title='bbox 1347 1020 1486 1060; x_wconf 86' lang='lat' dir='ltr'>malus</span> <span class='ocrx_word' id='word_1_121' title='bbox 1508 1032 1539 1057; x_wconf 89' lang='lat'>15</span> 
     </span>
     <span class='ocr_line' id='line_1_17' title="bbox 149 1077 1487 1133; baseline 0 -14"><span class='ocrx_word' id='word_1_122' title='bbox 149 1079 326 1120; x_wconf 90' lang='lat' dir='ltr'>nuntius</span> <span class='ocrx_word' id='word_1_123' title='bbox 365 1079 532 1120; x_wconf 90' lang='lat' dir='ltr'>auditus</span> <span class='ocrx_word' id='word_1_124' title='bbox 572 1082 648 1119; x_wconf 90' lang='lat' dir='ltr'>est.</span> <span class='ocrx_word' id='word_1_125' title='bbox 710 1077 862 1120; x_wconf 85' lang='lat' dir='ltr'>Cetera</span> <span class='ocrx_word' id='word_1_126' title='bbox 900 1079 1131 1133; x_wconf 87' lang='lat' dir='ltr'>vectigalia</span> <span class='ocrx_word' id='word_1_127' title='bbox 1168 1079 1272 1119; x_wconf 89' lang='lat' dir='ltr'>belli</span> <span class='ocrx_word' id='word_1_128' title='bbox 1310 1078 1487 1119; x_wconf 88' lang='lat' dir='ltr'>difficul-</span> 
     </span>
     <span class='ocr_line' id='line_1_18' title="bbox 150 1137 1488 1192; baseline -0.001 -14"><span class='ocrx_word' id='word_1_129' title='bbox 150 1138 314 1178; x_wconf 85' lang='lat' dir='ltr'>tatibus</span> <span class='ocrx_word' id='word_1_130' title='bbox 352 1137 629 1192; x_wconf 79' lang='lat' dir='ltr'>adfliguntur3</span> <span class='ocrx_word' id='word_1_131' title='bbox 666 1137 747 1178; x_wconf 90' lang='lat' dir='ltr'>hoc</span> <span class='ocrx_word' id='word_1_132' title='bbox 780 1137 980 1192; x_wconf 88' lang='lat' dir='ltr'>vectigali</span> <span class='ocrx_word' id='word_1_133' title='bbox 1012 1138 1143 1178; x_wconf 89' lang='lat' dir='ltr'>etiam</span> <span class='ocrx_word' id='word_1_134' title='bbox 1176 1137 1279 1178; x_wconf 91' lang='lat' dir='ltr'>belli</span> <span class='ocrx_word' id='word_1_135' title='bbox 1311 1137 1488 1178; x_wconf 85' lang='lat' dir='ltr'>difficul-</span> 
     </span>
     <span class='ocr_line' id='line_1_19' title="bbox 81 1195 1487 1250; baseline -0.001 -13"><span class='ocrx_word' id='word_1_136' title='bbox 81 1206 126 1237; x_wconf 76' lang='grc'>84</span> <span class='ocrx_word' id='word_1_137' title='bbox 152 1198 264 1237; x_wconf 85' lang='lat' dir='ltr'>tates</span> <span class='ocrx_word' id='word_1_138' title='bbox 299 1198 606 1237; x_wconf 84' lang='lat' dir='ltr'>sustentantur.</span> <span class='ocrx_word' id='word_1_139' title='bbox 656 1195 818 1236; x_wconf 85' lang='lat' dir='ltr'>Deinde</span> <span class='ocrx_word' id='word_1_140' title='bbox 849 1196 894 1236; x_wconf 88' lang='lat' dir='ltr'>in</span> <span class='ocrx_word' id='word_1_141' title='bbox 924 1196 1003 1237; x_wconf 87' lang='lat' dir='ltr'>hac</span> <span class='ocrx_word' id='word_1_142' title='bbox 1036 1195 1333 1250; x_wconf 79' lang='lat' dir='ltr'>adsignatione</span> <span class='ocrx_word' id='word_1_143' title='bbox 1365 1209 1487 1250; x_wconf 90' lang='lat' dir='ltr'>agro-</span> 
     </span>
     <span class='ocr_line' id='line_1_20' title="bbox 151 1254 1486 1308; baseline -0.001 -13"><span class='ocrx_word' id='word_1_144' title='bbox 151 1269 246 1295; x_wconf 90' lang='lat' dir='ltr'>rum</span> <span class='ocrx_word' id='word_1_145' title='bbox 289 1269 342 1295; x_wconf 93' lang='lat' dir='ltr'>ne</span> <span class='ocrx_word' id='word_1_146' title='bbox 386 1254 493 1295; x_wconf 88' lang='lat' dir='ltr'>illud</span> <span class='ocrx_word' id='word_1_147' title='bbox 538 1254 706 1308; x_wconf 86' lang='lat' dir='ltr'>quidem</span> <span class='ocrx_word' id='word_1_148' title='bbox 749 1254 830 1295; x_wconf 86' lang='lat' dir='ltr'>dici</span> <span class='ocrx_word' id='word_1_149' title='bbox 874 1256 1035 1308; x_wconf 88' lang='lat' dir='ltr'>potest,</span> <span class='ocrx_word' id='word_1_150' title='bbox 1080 1254 1191 1308; x_wconf 88' lang='lat' dir='ltr'>quod</span> <span class='ocrx_word' id='word_1_151' title='bbox 1235 1255 1280 1294; x_wconf 91' lang='lat' dir='ltr'>in</span> <span class='ocrx_word' id='word_1_152' title='bbox 1323 1254 1486 1307; x_wconf 85' lang='lat' dir='ltr'>ceteris,</span> 
     </span>
     <span class='ocr_line' id='line_1_21' title="bbox 154 1312 1540 1368; baseline -0.002 -14"><span class='ocrx_word' id='word_1_153' title='bbox 154 1327 281 1368; x_wconf 85' lang='lat' dir='ltr'>agros</span> <span class='ocrx_word' id='word_1_154' title='bbox 315 1313 504 1354; x_wconf 87' lang='lat' dir='ltr'>desertos</span> <span class='ocrx_word' id='word_1_155' title='bbox 537 1328 561 1354; x_wconf 92' lang='lat' dir='ltr'>a</span> <span class='ocrx_word' id='word_1_156' title='bbox 593 1313 716 1367; x_wconf 83' lang='lat' dir='ltr'>plebe</span> <span class='ocrx_word' id='word_1_157' title='bbox 742 1315 868 1367; x_wconf 87' lang='lat' dir='ltr'>atque</span> <span class='ocrx_word' id='word_1_158' title='bbox 895 1328 919 1353; x_wconf 91' lang='lat' dir='ltr'>a</span> <span class='ocrx_word' id='word_1_159' title='bbox 944 1313 1111 1354; x_wconf 85' lang='lat' dir='ltr'>cultura</span> <span class='ocrx_word' id='word_1_160' title='bbox 1137 1312 1357 1353; x_wconf 89' lang='lat' dir='ltr'>hominum</span> <span class='ocrx_word' id='word_1_161' title='bbox 1382 1312 1486 1352; x_wconf 87' lang='lat' dir='ltr'>libe-</span> <span class='ocrx_word' id='word_1_162' title='bbox 1506 1325 1540 1350; x_wconf 83' lang='lat'>20</span> 
     </span>
     <span class='ocr_line' id='line_1_22' title="bbox 82 1369 1485 1425; baseline -0.001 -12"><span class='ocrx_word' id='word_1_163' title='bbox 82 1372 134 1413; x_wconf 86' lang='lat'>31</span> <span class='ocrx_word' id='word_1_164' title='bbox 153 1386 297 1413; x_wconf 89' lang='lat' dir='ltr'>rorum</span> <span class='ocrx_word' id='word_1_165' title='bbox 330 1386 420 1413; x_wconf 91' lang='lat' dir='ltr'>esse</span> <span class='ocrx_word' id='word_1_166' title='bbox 446 1386 532 1413; x_wconf 90' lang='lat' dir='ltr'>non</span> <span class='ocrx_word' id='word_1_167' title='bbox 558 1374 767 1425; x_wconf 84' lang='lat' dir='ltr'>oportere.</span> <span class='ocrx_word' id='word_1_168' title='bbox 812 1369 879 1412; x_wconf 81' lang='lat' dir='ltr'>Sic</span> <span class='ocrx_word' id='word_1_169' title='bbox 905 1371 1016 1412; x_wconf 89' lang='lat' dir='ltr'>enim</span> <span class='ocrx_word' id='word_1_170' title='bbox 1043 1371 1149 1423; x_wconf 87' lang='lat' dir='ltr'>dico,</span> <span class='ocrx_word' id='word_1_171' title='bbox 1180 1371 1216 1411; x_wconf 87' lang='lat' dir='ltr'>si</span> <span class='ocrx_word' id='word_1_172' title='bbox 1243 1370 1485 1425; x_wconf 82' lang='lat' dir='ltr'>Campanus</span> 
     </span>
     <span class='ocr_line' id='line_1_23' title="bbox 153 1429 1487 1485; baseline -0.001 -14"><span class='ocrx_word' id='word_1_173' title='bbox 153 1444 253 1485; x_wconf 87' lang='lat' dir='ltr'>ager</span> <span class='ocrx_word' id='word_1_174' title='bbox 292 1430 522 1484; x_wconf 81' lang='lat' dir='ltr'>dividatur,</span> <span class='ocrx_word' id='word_1_175' title='bbox 560 1430 781 1471; x_wconf 77' lang='lat' dir='ltr'>exturbari</span> <span class='ocrx_word' id='word_1_176' title='bbox 817 1433 860 1471; x_wconf 89' lang='lat' dir='ltr'>et</span> <span class='ocrx_word' id='word_1_177' title='bbox 891 1430 1044 1484; x_wconf 82' lang='lat' dir='ltr'>expelli</span> <span class='ocrx_word' id='word_1_178' title='bbox 1076 1430 1243 1483; x_wconf 90' lang='lat' dir='ltr'>plebem</span> <span class='ocrx_word' id='word_1_179' title='bbox 1277 1444 1325 1470; x_wconf 87' lang='lat' dir='ltr'>ex</span> <span class='ocrx_word' id='word_1_180' title='bbox 1359 1429 1487 1484; x_wconf 87' lang='lat' dir='ltr'>agris,</span> 
     </span>
     <span class='ocr_line' id='line_1_24' title="bbox 150 1487 1487 1543; baseline -0.001 -13"><span class='ocrx_word' id='word_1_181' title='bbox 150 1503 237 1530; x_wconf 90' lang='lat' dir='ltr'>non</span> <span class='ocrx_word' id='word_1_182' title='bbox 262 1489 465 1530; x_wconf 88' lang='lat' dir='ltr'>constitui</span> <span class='ocrx_word' id='word_1_183' title='bbox 492 1491 534 1530; x_wconf 90' lang='lat' dir='ltr'>et</span> <span class='ocrx_word' id='word_1_184' title='bbox 561 1489 774 1530; x_wconf 86' lang='lat' dir='ltr'>collocari.</span> <span class='ocrx_word' id='word_1_185' title='bbox 817 1488 950 1529; x_wconf 84' lang='lat' dir='ltr'>Totus</span> <span class='ocrx_word' id='word_1_186' title='bbox 977 1489 1089 1529; x_wconf 92' lang='lat' dir='ltr'>enim</span> <span class='ocrx_word' id='word_1_187' title='bbox 1116 1502 1217 1543; x_wconf 90' lang='lat' dir='ltr'>ager</span> <span class='ocrx_word' id='word_1_188' title='bbox 1242 1487 1487 1542; x_wconf 86' lang='lat' dir='ltr'>Campanus</span> 
     </span>
     <span class='ocr_line' id='line_1_25' title="bbox 153 1547 1487 1602; baseline -0.001 -13"><span class='ocrx_word' id='word_1_189' title='bbox 153 1548 307 1589; x_wconf 85' lang='lat' dir='ltr'>colitur</span> <span class='ocrx_word' id='word_1_190' title='bbox 345 1551 387 1588; x_wconf 92' lang='lat' dir='ltr'>et</span> <span class='ocrx_word' id='word_1_191' title='bbox 424 1547 668 1601; x_wconf 87' lang='lat' dir='ltr'>possidetur</span> <span class='ocrx_word' id='word_1_192' title='bbox 707 1562 731 1588; x_wconf 90' lang='lat' dir='ltr'>a</span> <span class='ocrx_word' id='word_1_193' title='bbox 767 1547 909 1602; x_wconf 80' lang='lat' dir='ltr'>plebe,</span> <span class='ocrx_word' id='word_1_194' title='bbox 951 1549 993 1588; x_wconf 91' lang='lat' dir='ltr'>et</span> <span class='ocrx_word' id='word_1_195' title='bbox 1031 1562 1056 1588; x_wconf 87' lang='lat' dir='ltr'>a</span> <span class='ocrx_word' id='word_1_196' title='bbox 1092 1548 1217 1602; x_wconf 90' lang='lat' dir='ltr'>plebe</span> <span class='ocrx_word' id='word_1_197' title='bbox 1250 1547 1413 1600; x_wconf 89' lang='lat' dir='ltr'>optima</span> <span class='ocrx_word' id='word_1_198' title='bbox 1445 1548 1487 1586; x_wconf 89' lang='lat' dir='ltr'>et</span> 
     </span>
     <span class='ocr_line' id='line_1_26' title="bbox 153 1605 1539 1660; baseline -0.002 -14"><span class='ocrx_word' id='word_1_199' title='bbox 153 1606 487 1659; x_wconf 84' lang='lat' dir='ltr'>modestissima3</span> <span class='ocrx_word' id='word_1_200' title='bbox 520 1606 632 1660; x_wconf 91' lang='lat' dir='ltr'>quod</span> <span class='ocrx_word' id='word_1_201' title='bbox 663 1620 796 1660; x_wconf 90' lang='lat' dir='ltr'>genus</span> <span class='ocrx_word' id='word_1_202' title='bbox 829 1605 1049 1647; x_wconf 86' lang='lat' dir='ltr'>hominum</span> <span class='ocrx_word' id='word_1_203' title='bbox 1082 1606 1241 1660; x_wconf 86' lang='lat' dir='ltr'>optime</span> <span class='ocrx_word' id='word_1_204' title='bbox 1273 1606 1487 1646; x_wconf 90' lang='lat' dir='ltr'>moratum</span> <span class='ocrx_word' id='word_1_205' title='bbox 1506 1617 1539 1642; x_wconf 82' lang='lat'>25</span> 
     </span>
     <span class='ocr_line' id='line_1_27' title="bbox 153 1663 1487 1718; baseline -0.001 -14"><span class='ocrx_word' id='word_1_206' title='bbox 153 1666 415 1718; x_wconf 85' lang='lat' dir='ltr'>optimorum</span> <span class='ocrx_word' id='word_1_207' title='bbox 453 1668 496 1705; x_wconf 91' lang='lat' dir='ltr'>et</span> <span class='ocrx_word' id='word_1_208' title='bbox 533 1667 752 1706; x_wconf 85' lang='lat' dir='ltr'>aratorum</span> <span class='ocrx_word' id='word_1_209' title='bbox 787 1667 830 1705; x_wconf 88' lang='lat' dir='ltr'>et</span> <span class='ocrx_word' id='word_1_210' title='bbox 861 1665 1045 1705; x_wconf 87' lang='lat' dir='ltr'>militum</span> <span class='ocrx_word' id='word_1_211' title='bbox 1079 1665 1131 1705; x_wconf 92' lang='lat' dir='ltr'>ab</span> <span class='ocrx_word' id='word_1_212' title='bbox 1163 1664 1244 1705; x_wconf 88' lang='lat' dir='ltr'>hoc</span> <span class='ocrx_word' id='word_1_213' title='bbox 1274 1663 1487 1718; x_wconf 89' lang='lat' dir='ltr'>plebicola</span> 
     </span>
     <span class='ocr_line' id='line_1_28' title="bbox 152 1721 1486 1777; baseline -0.001 -15"><span class='ocrx_word' id='word_1_214' title='bbox 152 1723 328 1763; x_wconf 87' lang='lat' dir='ltr'>tribuno</span> <span class='ocrx_word' id='word_1_215' title='bbox 361 1723 500 1776; x_wconf 90' lang='lat' dir='ltr'>plebis</span> <span class='ocrx_word' id='word_1_216' title='bbox 531 1723 723 1764; x_wconf 83' lang='lat' dir='ltr'>funditus</span> <span class='ocrx_word' id='word_1_217' title='bbox 757 1723 916 1764; x_wconf 88' lang='lat' dir='ltr'>eicitur.</span> <span class='ocrx_word' id='word_1_218' title='bbox 959 1723 1102 1777; x_wconf 85' lang='lat' dir='ltr'>Atque</span> <span class='ocrx_word' id='word_1_219' title='bbox 1134 1723 1200 1763; x_wconf 89' lang='lat' dir='ltr'>illi</span> <span class='ocrx_word' id='word_1_220' title='bbox 1225 1721 1369 1763; x_wconf 88' lang='lat' dir='ltr'>miseri</span> <span class='ocrx_word' id='word_1_221' title='bbox 1396 1721 1486 1762; x_wconf 88' lang='lat' dir='ltr'>nati</span> 
     </span>
     <span class='ocr_line' id='line_1_29' title="bbox 153 1780 1487 1836; baseline -0.001 -15"><span class='ocrx_word' id='word_1_222' title='bbox 153 1781 199 1821; x_wconf 90' lang='lat' dir='ltr'>in</span> <span class='ocrx_word' id='word_1_223' title='bbox 234 1781 322 1821; x_wconf 90' lang='lat' dir='ltr'>illis</span> <span class='ocrx_word' id='word_1_224' title='bbox 361 1781 476 1835; x_wconf 89' lang='lat' dir='ltr'>agris</span> <span class='ocrx_word' id='word_1_225' title='bbox 515 1784 557 1822; x_wconf 91' lang='lat' dir='ltr'>et</span> <span class='ocrx_word' id='word_1_226' title='bbox 597 1781 780 1835; x_wconf 84' lang='lat' dir='ltr'>educati,</span> <span class='ocrx_word' id='word_1_227' title='bbox 818 1781 955 1836; x_wconf 80' lang='lat' dir='ltr'>glebis</span> <span class='ocrx_word' id='word_1_228' title='bbox 988 1780 1234 1836; x_wconf 88' lang='lat' dir='ltr'>subigendis</span> <span class='ocrx_word' id='word_1_229' title='bbox 1266 1780 1487 1820; x_wconf 83' lang='lat' dir='ltr'>exercitati</span> 
     </span>
     <span class='ocr_line' id='line_1_30' title="bbox 154 1838 1486 1893; baseline -0.001 -14"><span class='ocrx_word' id='word_1_230' title='bbox 154 1853 236 1893; x_wconf 91' lang='lat' dir='ltr'>quo</span> <span class='ocrx_word' id='word_1_231' title='bbox 275 1853 319 1880; x_wconf 91' lang='lat' dir='ltr'>se</span> <span class='ocrx_word' id='word_1_232' title='bbox 358 1839 501 1880; x_wconf 90' lang='lat' dir='ltr'>subito</span> <span class='ocrx_word' id='word_1_233' title='bbox 535 1840 772 1893; x_wconf 81' lang='lat' dir='ltr'>conferant,</span> <span class='ocrx_word' id='word_1_234' title='bbox 811 1855 897 1881; x_wconf 91' lang='lat' dir='ltr'>non</span> <span class='ocrx_word' id='word_1_235' title='bbox 928 1839 1165 1893; x_wconf 77' lang='lat' dir='ltr'>habebunt3</span> <span class='ocrx_word' id='word_1_236' title='bbox 1202 1839 1270 1879; x_wconf 88' lang='lat' dir='ltr'>his</span> <span class='ocrx_word' id='word_1_237' title='bbox 1296 1838 1486 1879; x_wconf 87' lang='lat' dir='ltr'>robustis</span> 
     </span>
     <span class='ocr_line' id='line_1_31' title="bbox 154 1896 1540 1940; baseline -0.002 -2"><span class='ocrx_word' id='word_1_238' title='bbox 154 1901 196 1938; x_wconf 87' lang='lat' dir='ltr'>et</span> <span class='ocrx_word' id='word_1_239' title='bbox 239 1897 481 1938; x_wconf 81' lang='lat' dir='ltr'>valentibus</span> <span class='ocrx_word' id='word_1_240' title='bbox 533 1900 573 1938; x_wconf 89' lang='lat' dir='ltr'>et</span> <span class='ocrx_word' id='word_1_241' title='bbox 624 1898 853 1940; x_wconf 85' lang='lat' dir='ltr'>audacibus</span> <span class='ocrx_word' id='word_1_242' title='bbox 897 1898 1182 1939; x_wconf 86' lang='lat' dir='ltr'>decemvirum</span> <span class='ocrx_word' id='word_1_243' title='bbox 1226 1896 1485 1937; x_wconf 85' lang='lat' dir='ltr'>satellitibus</span> <span class='ocrx_word' id='word_1_244' title='bbox 1506 1909 1540 1934; x_wconf 84' lang='lat'>30</span> 
     </span>
     <span class='ocr_line' id='line_1_32' title="bbox 155 1953 1486 2010; baseline 0 -15"><span class='ocrx_word' id='word_1_245' title='bbox 155 1956 248 2010; x_wconf 85' lang='lat' dir='ltr'>agri</span> <span class='ocrx_word' id='word_1_246' title='bbox 281 1953 487 2009; x_wconf 84' lang='lat' dir='ltr'>Campani</span> <span class='ocrx_word' id='word_1_247' title='bbox 519 1957 732 2009; x_wconf 89' lang='lat' dir='ltr'>possessio</span> <span class='ocrx_word' id='word_1_248' title='bbox 764 1959 858 1997; x_wconf 90' lang='lat' dir='ltr'>tota</span> <span class='ocrx_word' id='word_1_249' title='bbox 882 1957 1086 2009; x_wconf 86' lang='lat' dir='ltr'>tradetur,</span> <span class='ocrx_word' id='word_1_250' title='bbox 1117 1958 1172 2006; x_wconf 86' lang='lat' dir='ltr'>et,</span> <span class='ocrx_word' id='word_1_251' title='bbox 1203 1957 1250 1995; x_wconf 88' lang='lat' dir='ltr'>ut</span> <span class='ocrx_word' id='word_1_252' title='bbox 1274 1969 1350 1996; x_wconf 85' lang='lat' dir='ltr'>vos</span> <span class='ocrx_word' id='word_1_253' title='bbox 1375 1969 1486 1996; x_wconf 93' lang='lat' dir='ltr'>nunc</span> 
     </span>
     <span class='ocr_line' id='line_1_33' title="bbox 154 2013 1486 2068; baseline 0 -14"><span class='ocrx_word' id='word_1_254' title='bbox 154 2014 205 2054; x_wconf 90' lang='lat' dir='ltr'>de</span> <span class='ocrx_word' id='word_1_255' title='bbox 236 2014 391 2055; x_wconf 86' lang='lat' dir='ltr'>vestris</span> <span class='ocrx_word' id='word_1_256' title='bbox 430 2014 663 2055; x_wconf 87' lang='lat' dir='ltr'>maioribus</span> <span class='ocrx_word' id='word_1_257' title='bbox 702 2014 972 2068; x_wconf 84' lang='lat' dir='ltr'>praedicatis:</span> <span class='ocrx_word' id='word_1_258' title='bbox 1011 2013 1150 2054; x_wconf 64' lang='lat' dir='ltr'>‘Hunc</span> <span class='ocrx_word' id='word_1_259' title='bbox 1176 2027 1327 2068; x_wconf 87' lang='lat' dir='ltr'>agrum</span> <span class='ocrx_word' id='word_1_260' title='bbox 1359 2014 1486 2054; x_wconf 90' lang='lat' dir='ltr'>nobis</span> 
     </span>
     <span class='ocr_line' id='line_1_34' title="bbox 153 2072 1485 2127; baseline 0 -15"><span class='ocrx_word' id='word_1_261' title='bbox 153 2072 337 2113; x_wconf 89' lang='lat' dir='ltr'>maiores</span> <span class='ocrx_word' id='word_1_262' title='bbox 369 2073 507 2113; x_wconf 90' lang='lat' dir='ltr'>nostri</span> <span class='ocrx_word' id='word_1_263' title='bbox 533 2072 824 2127; x_wconf 77' lang='lat' dir='ltr'>reliquerunt&#39;,</span> <span class='ocrx_word' id='word_1_264' title='bbox 856 2073 916 2114; x_wconf 93' lang='lat' dir='ltr'>sic</span> <span class='ocrx_word' id='word_1_265' title='bbox 940 2072 1073 2114; x_wconf 84' lang='lat' dir='ltr'>vestri</span> <span class='ocrx_word' id='word_1_266' title='bbox 1098 2072 1262 2126; x_wconf 86' lang='lat' dir='ltr'>posteri</span> <span class='ocrx_word' id='word_1_267' title='bbox 1287 2072 1336 2112; x_wconf 91' lang='lat' dir='ltr'>de</span> <span class='ocrx_word' id='word_1_268' title='bbox 1361 2072 1485 2113; x_wconf 86' lang='lat' dir='ltr'>vobis</span> 
     </span>
     <span class='ocr_line' id='line_1_35' title="bbox 153 2129 1486 2185; baseline -0.001 -13"><span class='ocrx_word' id='word_1_269' title='bbox 153 2130 476 2184; x_wconf 88' lang='lat' dir='ltr'>praedicabunt:</span> <span class='ocrx_word' id='word_1_270' title='bbox 516 2129 655 2172; x_wconf 68' lang='lat' dir='ltr'>‘Hunc</span> <span class='ocrx_word' id='word_1_271' title='bbox 686 2145 838 2185; x_wconf 90' lang='lat' dir='ltr'>agrum</span> <span class='ocrx_word' id='word_1_272' title='bbox 869 2132 1011 2185; x_wconf 87' lang='lat' dir='ltr'>patres</span> <span class='ocrx_word' id='word_1_273' title='bbox 1042 2130 1183 2171; x_wconf 86' lang='lat' dir='ltr'>nostri</span> <span class='ocrx_word' id='word_1_274' title='bbox 1209 2133 1428 2184; x_wconf 88' lang='lat' dir='ltr'>acceptum</span> <span class='ocrx_word' id='word_1_275' title='bbox 1461 2144 1486 2171; x_wconf 89' lang='lat' dir='ltr'>a</span> 
     </span>
     <span class='ocr_line' id='line_1_36' title="bbox 84 2188 1538 2242; baseline -0.001 -13"><span class='ocrx_word' id='word_1_276' title='bbox 84 2199 127 2230; x_wconf 85' lang='lat'>85</span> <span class='ocrx_word' id='word_1_277' title='bbox 155 2189 348 2242; x_wconf 89' lang='lat' dir='ltr'>patribus</span> <span class='ocrx_word' id='word_1_278' title='bbox 382 2189 468 2229; x_wconf 88' lang='lat' dir='ltr'>suis</span> <span class='ocrx_word' id='word_1_279' title='bbox 501 2189 813 2242; x_wconf 75' lang='lat' dir='ltr'>perdiderunt’?</span> <span class='ocrx_word' id='word_1_280' title='bbox 855 2188 1064 2242; x_wconf 86' lang='lat' dir='ltr'>Equidem</span> <span class='ocrx_word' id='word_1_281' title='bbox 1091 2188 1305 2230; x_wconf 85' lang='lat' dir='ltr'>existimo:</span> <span class='ocrx_word' id='word_1_282' title='bbox 1337 2189 1374 2229; x_wconf 91' lang='lat' dir='ltr'>si</span> <span class='ocrx_word' id='word_1_283' title='bbox 1398 2188 1486 2229; x_wconf 91' lang='lat' dir='ltr'>iam</span> <span class='ocrx_word' id='word_1_284' title='bbox 1504 2199 1538 2224; x_wconf 82' lang='lat'>35</span> 
     </span>
     <span class='ocr_line' id='line_1_37' title="bbox 155 2246 1485 2301; baseline -0.001 -13"><span class='ocrx_word' id='word_1_285' title='bbox 155 2261 329 2301; x_wconf 88' lang='lat' dir='ltr'>campus</span> <span class='ocrx_word' id='word_1_286' title='bbox 361 2246 540 2288; x_wconf 88' lang='lat' dir='ltr'>Martius</span> <span class='ocrx_word' id='word_1_287' title='bbox 574 2247 788 2288; x_wconf 88' lang='lat' dir='ltr'>dividatur</span> <span class='ocrx_word' id='word_1_288' title='bbox 820 2250 861 2288; x_wconf 91' lang='lat' dir='ltr'>et</span> <span class='ocrx_word' id='word_1_289' title='bbox 892 2247 967 2287; x_wconf 88' lang='lat' dir='ltr'>uni</span> <span class='ocrx_word' id='word_1_290' title='bbox 998 2247 1147 2300; x_wconf 90' lang='lat' dir='ltr'>cuique</span> <span class='ocrx_word' id='word_1_291' title='bbox 1178 2250 1380 2300; x_wconf 86' lang='lat' dir='ltr'>vestrum,</span> <span class='ocrx_word' id='word_1_292' title='bbox 1411 2246 1485 2287; x_wconf 88' lang='lat' dir='ltr'>ubi</span> 
     </span>
     <span class='ocr_line' id='line_1_38' title="bbox 156 2305 1484 2360; baseline -0.002 -13"><span class='ocrx_word' id='word_1_293' title='bbox 156 2307 378 2359; x_wconf 89' lang='lat' dir='ltr'>consistat,</span> <span class='ocrx_word' id='word_1_294' title='bbox 421 2305 511 2346; x_wconf 88' lang='lat' dir='ltr'>bini</span> <span class='ocrx_word' id='word_1_295' title='bbox 554 2305 681 2359; x_wconf 89' lang='lat' dir='ltr'>pedes</span> <span class='ocrx_word' id='word_1_296' title='bbox 728 2306 1021 2360; x_wconf 86' lang='lat' dir='ltr'>adsignentur,</span> <span class='ocrx_word' id='word_1_297' title='bbox 1064 2307 1209 2347; x_wconf 87' lang='lat' dir='ltr'>tamen</span> <span class='ocrx_word' id='word_1_298' title='bbox 1247 2305 1484 2360; x_wconf 90' lang='lat' dir='ltr'>promiscue</span> 
     </span>
    </p>
   </div>
  </div>
 </body>
</html>
