1619 2542
559 71 659 106 CAP.
687 74 777 105 5-7
804 74 823 112 ξ
852 75 999 106 10—14.
1364 72 1449 113 293

114 167 354 209 misericors
400 181 455 208 an
496 166 874 208 inhumanissimus
919 169 962 209 et
999 167 1318 210 crudelissimus
1358 183 1448 210 esse

113 226 320 267 videatur.
379 225 487 267 Mihi
526 240 626 267 vero
665 226 920 280 inportunus
958 241 1007 268 ac
1040 226 1219 281 ferreus,
1260 227 1332 281 qui
1363 242 1449 269 non

115 285 261 326 dolore
289 287 331 326 et
354 284 544 326 cruciatu
564 284 756 326 nocentis
777 298 899 326 suum
921 285 1112 327 dolorem
1132 285 1450 341 cruciatumque

116 343 294 384 lenierit.
358 342 426 385 Sic
456 357 534 384 nos
565 342 611 383 in
640 342 707 384 his
738 343 995 398 hominibuS,
1026 344 1098 398 qui
1128 358 1218 397 nos,
1250 344 1323 399 qui
1355 359 1450 386 con-

79 413 94 438 5
115 402 248 457 iuges,
282 402 353 457 qui
378 402 537 443 liberos
563 405 734 443 nostros
760 401 971 444 trucidare
998 403 1236 455 voluerunt,
1269 404 1342 458 qui
1368 404 1450 445 sin-

115 461 238 515 gulas
264 461 390 502 unius
417 460 618 514 cuiusque
643 462 840 502 nostrum
866 461 1014 502 domos
1042 464 1084 502 et
1102 462 1183 503 hoc
1203 462 1450 504 universum

114 519 175 560 rei
217 519 413 574 publicae
457 519 717 560 domicilium
762 519 900 560 delere
945 520 1087 562 conati
1130 523 1248 574 sunt,
1291 521 1364 575 qui
1406 521 1449 562 id

115 580 313 633 egerunt,
362 580 410 619 ut
453 580 624 633 gentem
667 577 952 633 Allobrogum
996 579 1040 620 in
1083 579 1278 635 vestigiis
1322 580 1449 621 huius

114 637 233 678 urbis
265 640 393 691 atque
423 637 468 677 in
499 636 637 678 cinere
663 636 890 691 deflagrati
916 637 1085 691 imperii
1111 638 1381 693 collocarent,
1414 639 1450 680 si

62 708 95 731 ιο
114 695 479 737 vehementissimi
508 694 727 749 fuerimus,
758 696 1051 737 misericordes
1077 696 1353 751 habebimur3
1385 697 1451 738 sin

114 754 380 795 remissiores
406 768 498 795 esse
517 753 790 808 voluerimus,
817 768 1007 796 summae
1032 755 1156 796 nobis
1183 755 1448 797 crudelitatis

113 813 157 853 in
207 812 370 867 patriae
420 812 658 878 civiumque
706 812 892 867 pernicie
939 813 1056 854 fama
1106 814 1324 856 subeunda
1373 818 1447 856 est.

113 870 210 912 Nisi
240 885 340 912 vero
371 871 555 925 cuipiam
584 870 632 912 L.
652 870 820 925 Caesar,
852 872 918 913 vir
947 872 1210 914 fortissimus
1236 876 1279 913 et
1305 888 1448 915 aman

113 929 305 971 tissimus
343 930 404 971 rei
442 930 657 983 publicae,
700 930 911 971 crudelior
947 931 1100 972 nudius
1139 931 1293 973 tertius
1330 932 1447 974 visus

61 999 93 1024 25
115 991 197 1042 est,
246 1003 341 1030 cum
385 988 544 1030 sororis
589 1003 708 1042 suae,
756 988 939 1030 feminae
983 990 1260 1043 lectissimae,
1309 991 1444 1033 virum

113 1050 380 1101 praesentem
425 1050 468 1088 et
505 1047 746 1089 audientem
783 1048 874 1089 vita
910 1048 1164 1102 privandum
1203 1063 1294 1090 esse
1332 1050 1449 1104 dixit,

114 1120 210 1147 cum
241 1121 368 1147 avum
400 1120 523 1148 suum
554 1106 673 1147 iussu
704 1107 891 1147 consulis
923 1107 1197 1149 interfectum
1227 1107 1448 1162 filiumque

114 1164 203 1205 eius
239 1164 489 1218 inpuberem
527 1165 719 1220 legatum
757 1180 781 1206 a
818 1168 941 1219 patre
980 1166 1160 1207 missum
1197 1166 1242 1207 in
1281 1181 1448 1209 carcere

112 1225 308 1263 necatum
334 1237 426 1264 esse
452 1223 569 1264 dixit.
614 1222 803 1272 Quorum
830 1224 942 1278 quod
969 1224 1107 1265 simile
1132 1224 1308 1279 factum,
1335 1227 1447 1280 quod

60 1292 94 1317 20
112 1280 267 1322 initum
309 1281 512 1323 delendae
555 1282 617 1323 rei
653 1282 848 1336 publicae
886 1283 1139 1324 consilium?
1184 1283 1448 1339 Largitionis

112 1340 311 1381 voluntas
355 1342 449 1381 tum
491 1341 535 1381 in
578 1355 623 1381 re
661 1340 832 1394 publica
869 1343 1041 1382 versata
1077 1344 1143 1382 est
1181 1344 1224 1382 et
1258 1342 1448 1396 partium

114 1397 322 1451 quaedam
359 1398 590 1440 contentio.
652 1399 795 1452 Atque
833 1398 910 1440 illo
948 1402 1141 1453 tempore
1179 1399 1304 1441 huius
1343 1415 1447 1441 avus

112 1455 296 1509 Lentuli,
326 1456 391 1497 vir
423 1456 697 1510 clarissimus,
729 1459 918 1498 armatus
946 1456 1183 1498 Gracchum
1217 1461 1283 1499 est
1306 1472 1446 1513 perse-

114 1516 248 1556 cutus.
307 1513 385 1555 Ille
418 1514 549 1556 etiam
582 1529 712 1570 grave
743 1518 836 1555 tum
868 1515 1018 1556 vulnus
1051 1516 1232 1570 accepit,
1262 1531 1315 1557 ne
1347 1517 1447 1571 quid

61 1584 94 1609 25
115 1573 164 1614 de
197 1587 362 1614 summa
392 1587 437 1614 re
468 1573 640 1627 publica
671 1573 1002 1627 deminueretur3
1034 1573 1103 1614 hic
1136 1574 1188 1616 ad
1220 1576 1448 1617 evertenda

113 1631 175 1673 rei
205 1631 401 1685 publicae
432 1630 708 1673 fundamenta
740 1630 888 1672 Gallos
921 1632 1111 1683 accersit,
1145 1633 1320 1675 servitia
1351 1648 1447 1675 con—

114 1689 237 1743 citat,
271 1688 502 1731 Catilinam
533 1692 676 1743 vocat,
715 1689 921 1731 adtribuit
951 1705 1029 1732 nos
1061 1691 1336 1734 trucidandos
1370 1691 1447 1734 Ce-

114 1748 244 1801 thego
284 1751 327 1790 et
364 1751 527 1790 ceteros
565 1748 668 1789 civis
708 1748 1021 1790 interficiendos
1057 1748 1259 1804 Gabinio,
1296 1751 1446 1792 urbem

114 1806 462 1848 inflammandam
495 1806 658 1860 Cassio,
689 1808 827 1848 totam
858 1806 1030 1849 Italiam
1062 1809 1316 1851 vastandam
1346 1809 1448 1851 diri-

61 1875 96 1900 80
115 1865 396 1919 piendamque
434 1864 656 1907 Catilinae.
705 1864 949 1906 Vereamini
990 1880 1159 1920 censeo,
1194 1882 1248 1909 ne
1284 1868 1329 1909 in
1366 1868 1447 1910 hoc

117 1923 273 1964 scelere
309 1926 399 1965 tam
435 1924 612 1965 immani
650 1938 698 1965 ac
733 1923 917 1965 nefando
947 1924 1076 1966 nimis
1108 1925 1269 1980 aliquid
1302 1941 1446 1968 severe

117 1981 319 2023 statuisse
355 1982 601 2036 videamini3
647 1981 782 2023 multo
820 1982 959 2037 magis
998 1986 1064 2024 est
1102 1984 1349 2039 verendum,
1392 1999 1446 2026 ne

117 2039 366 2081 remissione
403 2055 564 2094 poenae
603 2040 792 2082 crudeles
829 2040 874 2081 in
908 2041 1094 2095 patriam
1133 2057 1260 2097 quam
1297 2057 1350 2084 ne
1382 2057 1445 2084 se-

116 2097 296 2138 veritate
327 2099 707 2140 animadversionis
738 2098 865 2140 nimis
897 2099 1168 2142 vehementes
1194 2101 1238 2142 in
1264 2101 1445 2142 acerbis-

59 2166 93 2191 35
118 2155 249 2196 simos
280 2155 417 2197 hostis
441 2156 573 2198 fuisse
604 2157 834 2198 videamur.

206 2212 288 2255 Sed
314 2228 374 2264 ea,
399 2229 505 2268 quae
530 2215 720 2270 exaudio,
745 2218 890 2269 patres
910 2218 1154 2272 conscripti,
1180 2217 1445 2259 dissimulare

115 2286 202 2314 non
237 2286 424 2327 possum.
484 2272 703 2316 Iaciuntur
735 2274 847 2315 enim
878 2289 1020 2330 voces,
1057 2290 1163 2330 quae
1194 2277 1446 2330 perveniunt

1478 883 1517 913 13

1473 2203 1497 2243 7

1473 2254 1516 2285 14
