1619 2542
545 113 645 148 CAP.
669 115 758 147 2-5
786 115 804 154 ξ
826 116 951 147 4—11.
1381 111 1435 151 77

98 209 215 258 velit,
247 209 322 250 sed
354 222 570 264 emergere
614 223 665 249 ex
702 207 843 262 patrio
882 221 1015 264 regno
1048 210 1175 262 atque
1206 207 1252 249 in
1282 207 1437 249 vestris

100 268 401 324 vectigalibus,
439 267 518 309 hoc
551 270 617 308 est
647 267 691 308 in
727 267 854 309 Asiae
885 267 996 320 luce,
1027 266 1202 308 versari.
1265 266 1436 307 Etenim
1464 279 1484 307 s

100 326 236 368 adhuc
272 327 335 368 ita
371 326 511 367 nostri
551 340 647 367 cum
678 326 754 366 illo
787 339 888 381 rege
919 324 1228 367 contenderunt
1259 325 1439 380 impera-

98 388 225 438 tores,
250 388 298 426 ut
323 385 377 426 ab
404 384 479 426 illo
500 384 687 439 insignia
706 384 921 438 victoriae,
946 398 1033 426 non
1051 383 1275 426 victoriam
1297 398 1439 438 repor-

62 456 79 481 5
98 447 250 485 tarent.
295 442 599 497 Triumphavit
631 442 675 483 L.
708 441 839 494 Sulla,
869 443 1152 498 triumphavit
1184 442 1227 483 L.
1260 442 1440 483 Murena

98 503 148 544 de
179 501 447 556 Mithridate,
485 502 567 542 duo
604 500 833 542 fortissimi
870 501 952 543 viri
990 505 1033 542 et
1071 502 1227 543 summi
1258 501 1439 556 impera-

96 564 231 615 tores,
272 559 346 602 sed
376 560 439 602 ita
469 560 803 614 triumpharunt,
834 563 882 601 ut
912 560 986 601 ille
1018 560 1168 615 pulsus
1199 563 1440 615 superatus-

99 634 179 674 que
212 622 427 674 regnaret.
487 617 650 659 Verum
682 621 827 660 tamen
859 619 945 660 illis
976 618 1311 673 imperatoribus
1344 619 1438 660 laus

0 721 2 742 Ι
99 681 164 720 est
194 677 439 732 tribuenda,
478 676 591 732 quod
623 679 821 732 egerunt,
852 677 977 719 venia
1008 677 1165 730 danda,
1197 677 1311 732 quod
1341 677 1440 718 reli-

0 746 2 750 ’
49 749 80 774 ιο
100 740 294 791 querunt,
320 740 546 792 propterea
572 736 683 791 quod
710 736 762 777 ab
790 750 839 778 eo
865 736 978 777 bello
1006 735 1172 777 Sullam
1197 736 1242 777 in
1267 735 1439 777 Italiam

99 810 166 837 res
197 795 386 850 publica,
417 794 639 836 Murenam
673 793 791 836 Sulla
822 794 1049 836 revocavit.
1465 826 1493 865 4

186 853 457 896 Mithridates
494 856 636 895 autem
668 868 793 895 omne
824 852 1034 907 reliquum
1065 857 1237 906 tempus
1268 867 1355 895 non
1387 853 1440 894 ad
1467 878 1486 907 ς,

100 912 360 955 oblivionem
390 912 548 954 veteris
586 912 708 966 belli,
750 911 823 954 sed
856 911 908 953 acl
940 912 1310 966 comparationem
1340 911 1441 953 novi

99 971 299 1025 contulit3
330 971 403 1026 qui
432 973 602 1025 postea,
633 985 728 1012 cum
761 970 970 1012 maximas
1003 970 1269 1012 aedificasset
1295 985 1442 1011 ornas—

49 1042 80 1068 15
101 1033 248 1085 setque
279 1029 438 1072 classes
471 1029 764 1084 exercitusque
795 1043 1070 1084 permagnos,
1103 1029 1440 1084 quibuscumque

101 1103 150 1130 ex
183 1088 382 1145 gentibus
414 1088 638 1143 potuisset,
670 1091 963 1143 comparasset
994 1090 1037 1129 et
1062 1102 1106 1130 se
1133 1087 1439 1142 Bosphoranis,

102 1147 309 1189 finitumis
341 1147 441 1200 suis,
472 1147 635 1188 bellum
667 1146 824 1188 inferre
856 1146 1093 1200 simularet,
1124 1160 1259 1200 usque
1291 1146 1335 1187 in
1366 1145 1441 1188 Hi-

102 1207 297 1260 spaniam
334 1205 504 1261 legatos
546 1220 595 1247 ac
626 1205 795 1247 litteras
827 1205 946 1246 misit
977 1205 1031 1246 ad
1063 1219 1135 1247 eos
1154 1204 1314 1258 duces,
1353 1204 1442 1259 qui-

101 1265 279 1307 buscum
316 1267 409 1306 tum
446 1264 609 1306 bellum
647 1265 918 1319 gerebamus,
959 1267 1025 1317 ut,
1064 1279 1159 1306 cum
1199 1263 1364 1305 duobus
1397 1264 1440 1304 in

49 1336 83 1361 20
102 1324 208 1366 locis
246 1322 591 1366 disiunctissimis
632 1322 899 1377 maximeque
931 1322 1111 1364 diversis
1142 1336 1227 1364 uno
1260 1322 1439 1363 consilio

104 1397 128 1423 a
151 1382 264 1423 binis
289 1382 478 1423 hostium
505 1381 639 1436 copiis
665 1381 825 1422 bellum
851 1384 970 1422 terra
995 1382 1187 1435 marique
1209 1383 1441 1435 gereretur,

102 1455 179 1482 vos
200 1440 377 1494 ancipiti
397 1440 669 1482 contentione
690 1440 873 1481 districti
894 1439 943 1480 de
964 1439 1144 1493 imperio
1166 1438 1440 1480 dimicaretis.

105 1497 187 1540 Sed
212 1502 357 1540 tamen
384 1498 560 1540 alterius
580 1498 718 1553 partis
744 1498 992 1552 periculum,
1019 1497 1290 1538 Sertorianae
1311 1499 1439 1550 atque
1468 1507 1511 1537 10

104 1557 423 1612 Hispaniensis,
461 1570 568 1610 quae
605 1556 742 1597 multo
773 1556 870 1611 plus
901 1556 1160 1597 firmamenti
1193 1570 1241 1597 ac
1272 1555 1440 1596 roboris

53 1628 85 1653 25
108 1616 304 1669 habebat,
337 1613 411 1656 Cn.
442 1615 622 1669 Pompei
654 1614 797 1656 divino
829 1614 1008 1656 consilio
1042 1628 1091 1656 ac
1124 1613 1333 1668 singulari
1357 1613 1438 1655 vir-

106 1677 199 1716 tute
225 1674 450 1729 depulsum
477 1676 557 1727 est,
583 1673 628 1714 in
655 1673 790 1714 altera
815 1675 938 1727 parte
963 1673 1025 1714 ita
1050 1687 1117 1714 res
1139 1687 1163 1713 a
1181 1671 1227 1713 L.
1248 1671 1441 1726 Lucullo,

107 1747 272 1774 summo
310 1732 420 1786 viro,
464 1734 529 1773 est
572 1731 890 1783 administrata,
932 1734 980 1772 ut
1022 1731 1145 1772 initia
1184 1731 1262 1772 illa
1298 1745 1440 1772 rerum

107 1795 327 1847 gestarum
369 1805 528 1845 magna
565 1793 692 1844 atque
733 1789 953 1843 praeclara
990 1804 1076 1831 non
1106 1789 1306 1832 felicitati
1337 1790 1440 1843 eius,

107 1850 179 1892 sed
198 1849 361 1903 virtuti,
386 1849 492 1891 haec
512 1851 655 1890 autem
676 1851 876 1901 extrema,
903 1863 1009 1903 quae
1028 1862 1163 1903 nuper
1183 1848 1440 1902 acciderunt,

54 1920 192 1950 8⁰non
236 1908 402 1963 culpae,
447 1908 519 1949 sed
562 1907 758 1949 fortunae
799 1907 1026 1948 tribuenda
1069 1922 1160 1949 esse
1203 1907 1440 1948 videantur.

107 1965 188 2008 Sed
214 1966 264 2008 de
289 1966 468 2009 Lucullo
495 1966 632 2008 dicam
660 1966 743 2007 alio
771 1965 878 2017 loco,
910 1968 954 2007 et
976 1965 1038 2006 ita
1064 1964 1214 2019 dicam,
1240 1964 1439 2015 Quirites,

107 2028 156 2066 ut
191 2039 327 2079 neque
363 2040 464 2066 vera
503 2025 597 2066 laus
636 2025 674 2065 ei
714 2023 906 2065 detracta
944 2025 1136 2065 oratione
1174 2038 1269 2065 mea
1304 2038 1439 2077 neque

106 2083 217 2124 falsa
248 2083 404 2125 adficta
434 2097 525 2124 esse
555 2082 768 2136 videatur,
798 2082 848 2124 de
873 2082 1006 2124 vestri
1036 2082 1205 2137 imperii
1231 2082 1439 2136 dignitate
1467 2093 1507 2123 11

109 2144 236 2195 atque
277 2141 431 2196 gloria,
468 2142 670 2195 quoniam
701 2140 737 2181 is
770 2143 834 2181 est
864 2155 1037 2183 exorsus
1069 2140 1276 2183 orationis
1308 2154 1440 2194 meae,

56 2211 89 2236 35
109 2199 248 2241 videte
280 2214 404 2253 quem
435 2200 557 2241 vobis
590 2200 778 2241 animum
811 2199 1124 2254 suscipiendum
1150 2198 1322 2253 putetis.

195 2257 380 2299 Maiores
410 2258 548 2299 nostri
575 2272 701 2311 saepe
727 2257 1035 2299 mercatoribus
1063 2261 1138 2299 aut
1160 2256 1435 2298 naviculariis
1463 2255 1489 2295 ὃ

109 2316 266 2358 nostris
305 2315 549 2358 iniuriosius
586 2316 785 2358 tractatis
822 2315 937 2358 bella
975 2318 1215 2371 gesserunt3
1258 2329 1334 2356 vos
1372 2317 1439 2356 tot
1540 2316 1543 2317 ⁷
