1687 2533
192 621 234 652 67

193 1063 248 1104 26

194 1116 237 1146 es

195 2084 238 2114 69

258 102 346 144 482
449 103 514 137 DE
542 103 679 138 DOMO
707 104 797 139 SUA
823 103 888 138 AD
915 102 1198 139 PONTIFICES
1224 103 1410 140 ORATIO.

261 200 399 254 cipem
427 213 519 241 esse
547 199 735 241 civitatis
761 199 953 254 videbat,
980 199 1139 241 diutius
1165 200 1302 242 furori
1327 215 1403 242 suo
1429 201 1600 243 veniam

262 258 460 299 daturum
497 272 584 299 non
623 258 926 299 arbitrabatur.
982 257 1063 306 Qui
1100 273 1150 300 ex
1186 260 1276 300 eius
1308 259 1500 302 custodia
1524 275 1600 315 per

261 317 439 358 insidias
491 317 606 372 regis
651 317 777 358 amici
819 316 956 358 filium
999 317 1168 358 hostem
1212 318 1428 372 captivum
1473 319 1600 360 surri-

262 375 426 430 puisset
477 378 519 416 et
560 389 609 416 ea
648 375 804 416 iniuria
843 376 983 416 virum
1020 375 1305 417 fortissimum
1344 376 1600 430 lacessisset,

264 434 452 489 speravit
495 433 631 474 isdem
676 448 719 475 se
765 434 897 488 copiis
941 449 1036 476 cum
1079 434 1155 476 illo
1198 449 1323 489 posse
1362 435 1635 490 confligere‚⁵

264 493 514 547 quibuscum
548 506 627 547 ego
659 492 893 534 noluissem
927 493 1135 535 bonorum
1167 494 1355 548 periculo
1388 494 1600 543 dimicare,

265 555 307 592 et
338 551 476 605 primo
511 551 679 605 quidem
707 551 973 593 adiutoribus
1000 552 1263 606 consulibus3
1294 555 1446 607 postea
1469 553 1600 608 fregit

262 609 411 651 foedus
455 608 679 663 Gabinius,
723 610 821 652 Piso
868 614 1013 652 tamen
1049 610 1094 652 in
1131 611 1211 652 fide
1250 611 1419 653 mansit.
1484 611 1599 661 Quas

262 669 344 709 iste
376 672 466 709 tum
500 668 660 722 caedes,
693 683 797 723 quas
830 669 1126 723 lapidationes,
1158 684 1264 723 quas
1290 669 1414 725 fugas
1439 669 1600 725 fecerit,

263 742 390 781 quam
427 727 554 768 facile
592 726 706 768 ferro
747 728 1057 782 cotidianisque
1094 728 1280 782 insidiis,
1318 743 1414 770 cum
1450 729 1537 771 iam
1576 739 1655 770 affl

263 786 508 826 firmissimo
540 786 693 827 robore
726 786 945 841 copiarum
971 801 1143 828 suarum
1170 787 1342 828 relictus
1370 790 1494 842 esset,
1525 786 1601 829 Cn.

263 844 514 899 Pompeium
558 844 652 886 foro
692 845 893 899 curiaque
931 845 1112 900 privarit
1152 846 1408 901 domumque
1446 861 1600 902 conpu-

264 904 379 956 lerit,
416 903 597 944 vidistis.
658 902 724 944 Ex
766 918 848 958 quo
886 904 1072 946 iudicare
1109 905 1309 959 potestis,
1347 909 1506 959 quanta
1534 906 1600 946 vis

263 962 341 1002 illa
379 962 508 1003 fuerit
540 962 680 1003 oriens
714 965 756 1003 et
788 965 1068 1017 congregata,
1107 978 1201 1004 cum
1234 963 1338 1005 haec
1370 963 1444 1005 Cn.
1474 963 1598 1006 Pom-

263 1021 405 1075 peium
436 1021 638 1061 terruerit
668 1020 754 1061 iam
787 1021 992 1062 distracta
1023 1024 1066 1062 et
1097 1022 1295 1063 extincta.
1621 1032 1654 1058 15

352 1078 469 1120 Haec
501 1079 608 1119 vidit
639 1079 682 1119 in
715 1079 927 1121 sententia
959 1080 1135 1121 dicenda
1159 1079 1365 1122 Kalendis
1390 1080 1600 1123 Ianuariis

264 1138 329 1178 vir
373 1136 732 1191 prudentissimus
778 1140 820 1178 et
864 1153 959 1179 cum
995 1138 1057 1179 rei
1094 1139 1309 1193 publicae,
1353 1154 1447 1181 cum
1483 1140 1600 1193 mihi,

263 1199 356 1237 tum
389 1196 518 1236 etiam
551 1196 725 1236 veritati
757 1196 1056 1249 amicissimus,
1092 1196 1140 1238 L.
1172 1196 1317 1249 Cotta,
1356 1197 1429 1252 qui
1459 1198 1600 1253 legem

264 1255 313 1295 de
351 1268 445 1295 meo
483 1254 622 1295 reditu
662 1254 879 1296 ferendam
913 1270 999 1297 non
1031 1256 1211 1309 censuit3
1249 1256 1321 1310 qui
1353 1270 1419 1297 me
1451 1270 1599 1298 consu·

263 1313 394 1353 luisse
443 1312 505 1353 rei
555 1313 770 1367 publicae,
820 1315 996 1355 cessisse
1039 1315 1306 1369 tempestati,
1356 1314 1599 1357 amiciorem
1619 1327 1654 1353 20

265 1371 386 1412 vobis
413 1371 645 1425 ceterisque
673 1372 837 1413 civibus
864 1386 991 1426 quam
1017 1373 1122 1414 mihi
1149 1373 1353 1427 extitisse,
1378 1374 1433 1428 vi,
1458 1376 1600 1429 armis,

265 1430 539 1484 discriptione
589 1430 811 1471 hominum
856 1431 909 1471 ad
952 1431 1123 1472 caedem
1167 1431 1367 1473 instituta
1405 1446 1600 1487 novoque

266 1489 485 1530 dominatu
511 1489 683 1542 pulsum
710 1503 801 1530 esse
829 1489 952 1543 dixit3
977 1490 1086 1530 nihil
1113 1490 1163 1531 de
1191 1505 1283 1531 meo
1311 1491 1449 1545 capite
1475 1495 1600 1546 potu-

264 1547 348 1588 isse
386 1547 505 1600 ferri,
544 1547 653 1588 nihil
692 1562 784 1589 esse
821 1548 912 1589 iure
945 1549 1151 1603 scriptum
1184 1554 1258 1590 aut
1288 1563 1415 1605 posse
1446 1550 1599 1604 valere,

265 1606 408 1646 omnia
447 1609 596 1647 contra
633 1607 750 1661 leges
783 1621 1028 1661 moremque
1061 1608 1270 1649 maiorum
1302 1611 1478 1662 temere,
1513 1611 1599 1650 tur·
1618 1619 1652 1645 25

264 1664 451 1717 bulente,
484 1679 559 1719 per
585 1665 683 1717 vim,
716 1679 792 1719 per
821 1664 1010 1706 furorem
1037 1680 1128 1707 esse
1153 1669 1287 1721 gesta.
1338 1665 1498 1715 Quodsi
1522 1668 1600 1709 illa

265 1723 332 1763 lex
366 1724 490 1775 esset,
520 1737 596 1764 nec
628 1723 785 1764 referre
819 1724 871 1765 ad
904 1727 1098 1765 senatum
1131 1725 1377 1766 consulibus
1405 1740 1481 1767 nec
1507 1740 1599 1767 sen-

265 1780 447 1821 tentiam
498 1781 635 1822 dicere
686 1782 767 1823 sibi
816 1782 960 1836 ]icere3
1010 1797 1189 1836 quorum
1233 1787 1460 1837 utrumque
1504 1799 1599 1826 cum

265 1839 397 1891 fieret,
428 1853 514 1879 non
540 1842 750 1894 oportere,
782 1843 830 1881 ut
857 1841 906 1881 de
932 1855 999 1882 me
1025 1841 1093 1882 lex
1117 1841 1312 1895 ferretur,
1344 1842 1521 1896 decerni,
1547 1857 1599 1884 ne

265 1898 355 1950 illa,
388 1911 495 1951 quae
527 1899 646 1939 nulla
679 1901 803 1952 esset,
835 1913 927 1940 esse
958 1900 1025 1940 lex
1056 1900 1325 1941 iudicaretur.
1379 1899 1599 1943 Sententia
1617 1913 1653 1938 3⁰

265 1956 417 2008 verior,
450 1957 634 2010 gravior,
667 1957 829 2011 melior,
860 1957 1008 1998 utilior
1045 1958 1106 1999 rei
1135 1958 1329 2012 publicae
1360 1959 1477 2001 nulla
1507 1974 1598 2001 esse

265 2014 418 2069 potuit.
469 2013 667 2055 Hominis
701 2016 813 2056 enim
846 2016 1002 2057 scelere
1036 2018 1079 2057 et
1102 2016 1245 2058 furore
1270 2019 1421 2058 notato
1447 2018 1598 2059 similis

266 2088 291 2114 a
322 2087 366 2114 re
399 2072 570 2127 publica
601 2073 720 2114 labes
752 2074 797 2115 in
829 2077 1046 2129 posterum
1079 2075 1391 2117 demovebatur.
1449 2075 1599 2131 Neque

264 2131 345 2172 hoc
372 2129 444 2173 Cn.
465 2130 707 2185 Pompeius,
734 2133 804 2185 qui
830 2133 1148 2174 ornatissimam
1175 2133 1225 2174 de
1250 2149 1317 2175 me
1343 2134 1598 2176 sententiam

266 2189 388 2242 dixit,
438 2204 614 2243 vosque,
666 2190 908 2244 pontifices,
953 2191 1023 2245 qui
1067 2206 1132 2232 me
1176 2193 1329 2234 vestris
1375 2193 1596 2234 sententiis
1616 2204 1652 2230 ³5

265 2248 675 2303 auctoritatibusque
708 2248 967 2303 defendistis,
998 2264 1085 2290 non
1115 2249 1294 2304 vidistis,
1326 2251 1446 2304 legem
1476 2251 1598 2293 illam

265 2320 356 2347 esse
400 2306 579 2360 nullam,
624 2310 750 2360 atque
796 2321 887 2348 esse
931 2308 1075 2361 potius
1119 2308 1336 2350 flammam
1379 2310 1598 2365 temporis,
