1619 2542
127 1791 171 1822 24

198 104 253 145 32
469 103 530 138 DE
552 103 750 138 IMPERIO
774 102 848 138 CN.
862 102 1043 137 POMPEI
1064 102 1252 138 ORATIO

195 202 245 241 ut
288 214 339 241 ex
377 200 524 242 eodem
561 198 700 240 Ponto
738 198 887 239 Medea
924 198 1002 239 illa
1040 199 1254 253 quondam
1291 200 1534 266 profugisse

197 259 369 311 dicitur,
409 273 537 312 quam
576 258 824 312 praedicant
853 257 897 298 in
929 257 1033 312 fuga
1064 257 1210 298 fratris
1245 258 1310 299 sui
1343 259 1535 301 membra

196 317 239 358 in
270 317 323 358 iis
356 292 473 370 locis,
506 331 589 370 qua
622 330 665 357 se
698 330 851 369 parens
878 318 1215 370 persequeretur,
1248 316 1534 373 dissipavisse,

195 379 244 417 ut
277 390 423 418 eorum
457 375 653 417 collectio
687 375 879 428 dispersa
911 388 1160 428 maerorque
1191 375 1356 429 patrius
1388 376 1533 418 celeri-

195 437 329 476 tatem
362 433 643 489 persequendi
675 432 924 474 retardaret.
971 432 1038 474 Sic
1064 432 1337 475 Mithridates
1363 434 1532 490 fugiens
1551 447 1568 473 5

196 493 427 534 maximam
459 493 546 533 vim
584 491 676 533 auri
709 495 834 546 atque
866 492 1034 546 argenti
1066 491 1533 548 pulcherrimarumque

195 567 336 593 rerum
370 550 571 604 omnium,
603 565 706 604 quas
741 554 784 592 et
815 565 840 591 a
865 550 1098 591 maioribus
1127 554 1349 605 acceperat
1375 554 1418 593 et
1442 552 1534 606 ipse

195 611 306 652 bello
340 609 558 665 superiore
590 623 639 650 ex
671 611 765 650 tota
792 609 896 650 Asia
922 609 1109 663 direptas
1135 609 1179 650 in
1206 625 1327 651 suum
1355 624 1533 666 regnum

196 671 482 724 congesserat,
514 669 558 709 in
590 668 727 709 Ponto
761 682 930 709 omnem
961 668 1146 721 reliquit.
1184 668 1298 710 Haec
1330 669 1429 710 dum
1460 683 1534 711 no-

196 729 274 769 stri
313 727 523 780 colligunt
561 726 704 768 omnia
740 726 1005 781 diligentius,
1043 741 1115 767 rex
1153 726 1245 781 ipse
1283 741 1305 768 e
1337 727 1532 769 manibus
1554 740 1587 766 ιο

197 786 359 840 effugit.
420 785 489 827 Ita
520 786 642 826 illum
675 785 720 826 in
751 785 1031 840 persequendi
1064 785 1205 827 studio
1239 800 1423 839 maeror,
1454 786 1534 828 hos

195 845 364 886 laetitia
394 844 593 885 tardavit.
655 842 780 885 Hunc
810 843 855 885 in
885 844 960 884 illo
994 844 1148 885 timore
1180 846 1223 885 et
1252 843 1356 898 fuga
1388 844 1535 900 Tigra-

194 918 286 955 nes,
323 918 396 945 rex
429 902 675 954 Armenius,
717 902 880 957 excepit
912 902 1257 957 diffidentemque
1288 903 1414 944 rebus
1446 904 1533 944 suis

194 962 464 1004 confirmavit
495 964 538 1003 et
570 961 787 1002 adflictum
819 962 953 1002 erexit
983 961 1280 1016 perditumque
1314 962 1533 1003 recreavit.

195 1020 324 1062 Cuius
362 1021 406 1061 in
443 1034 621 1074 regnum
662 1022 945 1074 posteaquam
978 1019 1022 1061 L.
1055 1019 1257 1061 Lucullus
1290 1034 1385 1062 cum
1417 1035 1531 1062 exer·
1553 1033 1585 1059 15

195 1080 282 1121 citu
319 1079 454 1130 venit,
500 1079 644 1132 plures
687 1078 815 1119 etiam
854 1081 1002 1132 gentes
1044 1081 1192 1120 contra
1229 1078 1533 1132 imperatorem

194 1140 391 1179 nostrum
430 1137 668 1178 concitatae
707 1140 817 1177 sunt.
878 1137 987 1178 Erat
1025 1137 1137 1178 enim
1176 1140 1315 1179 metus
1353 1137 1533 1179 iniectus

193 1196 246 1237 iis
272 1196 531 1249 nationibus,
558 1210 663 1248 quas
689 1209 921 1249 numquam
947 1196 1130 1249 populus
1151 1195 1370 1237 Romanus
1397 1210 1533 1250 neque

195 1255 463 1296 lacessendas
522 1254 634 1295 bello
690 1268 827 1308 neque
882 1253 1154 1307 temptandas
1204 1254 1391 1309 putavit3
1442 1257 1534 1296 erat

196 1314 323 1354 etiam
352 1313 437 1354 alia
465 1312 608 1368 gravis
636 1314 764 1366 atque
790 1312 1018 1353 vehemens
1045 1312 1203 1366 opinio,
1230 1327 1338 1367 quae
1364 1312 1531 1354 animos
1552 1326 1587 1351 20

196 1372 387 1428 gentium
420 1372 697 1412 barbararum
732 1373 992 1425 pervaserat,
1024 1370 1112 1412 fani
1139 1371 1464 1426 locupletissimi
1490 1375 1534 1413 et

194 1430 509 1485 religiosissimi
560 1429 785 1483 diripiendi
829 1444 956 1471 causa
996 1429 1040 1470 in
1083 1443 1154 1470 eas
1197 1443 1294 1471 oras
1337 1433 1533 1471 nostrum

197 1503 288 1530 esse
321 1488 551 1530 exercitum
584 1487 824 1530 adductum.
883 1487 952 1530 Ita
982 1488 1179 1529 nationes
1211 1488 1373 1530 multae
1405 1491 1533 1543 atque

196 1562 378 1602 magnae
415 1561 526 1589 novo
559 1547 743 1601 quodam
775 1550 937 1588 terrore
971 1561 1018 1588 ac
1050 1550 1165 1588 metu
1197 1546 1531 1588 concitabantur.

197 1606 355 1647 Noster
398 1608 541 1647 autem
586 1606 794 1647 exercitus
839 1605 1013 1647 tametsi
1055 1606 1203 1647 urbem
1241 1620 1290 1647 ex
1332 1605 1531 1659 Tigranis
1552 1618 1610 1660 25Ι

196 1679 328 1719 regno
367 1667 539 1719 ceperat
576 1667 619 1705 et
656 1664 829 1719 proeliis
868 1679 970 1705 usus
1012 1667 1105 1706 erat
1137 1663 1352 1718 secundis,
1389 1667 1534 1705 tamen

195 1723 328 1763 nimia
354 1723 671 1776 longinquitate
699 1723 889 1764 locorum
916 1737 965 1764 66
990 1722 1198 1764 desiderio
1226 1736 1400 1764 suorum
1420 1736 1531 1764 com-

198 1781 460 1822 movebatur.
505 1781 585 1823 Hie
617 1781 702 1822 iam
734 1781 859 1835 plura
884 1796 969 1823 non
995 1781 1149 1835 dicam3
1181 1780 1262 1822 fuit
1288 1780 1399 1821 enim
1425 1780 1532 1821 illud

197 1835 452 1891 extremum,
493 1842 540 1880 ut
581 1853 629 1880 ex
662 1840 714 1880 iis
747 1840 851 1881 locis
884 1855 908 1880 a
940 1839 1147 1880 militibus
1179 1838 1337 1880 nostris
1369 1838 1531 1880 reditus

197 1898 334 1948 magis
377 1900 569 1938 maturus
611 1913 739 1953 quam
779 1898 994 1953 processio
1036 1896 1206 1953 longior
1246 1900 1531 1950 quaereretur.
1552 1910 1586 1935 30

196 1935 471 1998 Mithridates
510 1958 651 1997 autem
690 1959 733 1997 et
775 1971 895 1998 suam
937 1970 1109 1997 manum
1141 1955 1227 1996 iam
1258 1956 1533 1998 confirmarat

198 2018 240 2055 et
272 2029 435 2066 eorum,
469 2014 539 2067 qui
571 2028 615 2055 se
647 2028 696 2055 ex
730 2015 863 2069 ipsius
897 2028 1027 2069 iegno
1060 2013 1334 2067 collegerant,
1367 2017 1410 2056 et
1446 2029 1533 2056 ma-

198 2073 293 2127 gnis
326 2072 574 2113 adventiciis
610 2073 778 2114 auxiliis
805 2073 1037 2114 multorum
1064 2086 1214 2127 regum
1241 2075 1283 2113 et
1308 2047 1533 2114 liat-ionum

197 2132 437 2173 iuvabatur.
499 2130 609 2171 Nam
650 2131 730 2172 hoc
767 2131 854 2172 fere
893 2131 952 2172 sic
990 2131 1079 2172 fieri
1113 2131 1249 2172 solere
1282 2131 1531 2186 accepimus,

199 2193 246 2231 ut
278 2204 426 2243 regum
459 2189 654 2230 adflictae
686 2190 883 2231 fortunae
914 2189 1038 2230 facile
1071 2189 1303 2230 multorum
1334 2204 1435 2244 opes
1463 2189 1530 2231 ad·
1550 2200 1584 2227 35

199 2248 347 2289 liciant
379 2248 431 2289 ad
463 2247 815 2301 misericordiam,
853 2248 1119 2301 maximeque
1152 2262 1315 2302 eorum,
1355 2248 1427 2302 qui
1459 2250 1533 2289 aut

197 2320 319 2360 reges
359 2308 458 2348 sunt
490 2309 563 2347 aut
594 2306 743 2347 vivunt
774 2306 818 2346 in
849 2319 998 2360 regno,
1038 2308 1086 2346 ut
1117 2306 1169 2347 iis
1200 2321 1356 2348 nomen
1387 2307 1531 2361 regale
