1619 2542
576 66 832 102 CAP.18-20
859 70 877 109 ξ
903 70 1056 101 37—42.
1408 68 1491 109 317

149 163 335 219 negotiis
377 162 634 217 impedimur
677 165 720 204 et
762 162 807 203 in
849 162 944 218 ipsa
987 162 1268 217 occupatione
1313 162 1492 205 delecta-

149 224 291 264 tiones
336 221 445 263 alias
488 221 647 262 multas
691 221 850 263 habere
894 235 1141 276 possumus,
1191 221 1301 263 ludis
1346 224 1494 264 tamen

151 281 418 322 oblectamur
450 282 493 321 et
525 280 733 331 ducimur,
767 280 868 334 quid
893 283 941 321 tu
973 280 1183 322 admirere
1216 280 1266 322 de
1299 281 1491 323 multitu-

154 340 250 381 dine
281 338 482 381 indocta‘?
543 338 587 380 L.
621 338 746 391 Otho,
777 338 843 380 vir
874 338 1017 393 fortis,
1055 353 1174 381 meus
1206 340 1490 393 necessarius,
1518 352 1561 384 40

116 398 340 453 5equestri
383 397 520 439 ordini
564 397 755 439 restituit
798 412 886 439 non
923 398 1063 439 solum
1100 398 1376 454 dignitatem,
1421 399 1494 441 sed

153 457 282 499 etiam
320 456 601 510 voluptatem.
668 455 821 510 Itaque
859 457 929 498 lex
965 456 1088 511 haec,
1132 472 1240 512 quae
1280 457 1332 499 ad
1370 458 1494 500 ludos

152 516 357 571 pertinet,
397 517 462 556 est
502 515 690 556 omnium
729 515 997 571 gratissima,
1035 516 1149 570 quod
1186 516 1494 558 honestissimo

153 574 293 616 ordini
330 589 426 616 cum
465 574 690 629 splendore
722 576 885 616 fructus
919 589 1088 629 quoque
1120 575 1399 617 iucunditatis
1432 579 1496 617 est

152 633 391 675 restitutus,
437 632 575 683 Quare
608 633 822 675 delectant
852 633 1061 687 homines,
1093 633 1199 674 mihi
1231 634 1364 688 crede,
1394 634 1496 688 ludi,

100 704 134 730 ιο
156 692 286 734 etiam
322 692 440 746 illos,
478 692 549 746 qui
581 691 870 746 dissimulant,
907 706 995 733 non
1027 692 1168 733 solum
1200 707 1290 746 eos,
1329 693 1402 747 qui
1432 692 1495 734 fa-

153 753 315 805 tentur3
354 750 466 804 quod
503 765 583 806 ego
621 751 667 792 in
705 765 799 792 mea
836 750 1043 805 petitione
1083 751 1207 792 sensi.
1270 750 1386 793 Nam
1416 766 1495 793 nos

154 824 322 865 quoque
376 810 605 851 habuimus
656 824 853 851 scaenam
903 810 1253 864 competitricem.
1335 810 1496 860 Quodsi

155 883 253 924 ego,
292 868 364 923 qui
400 869 537 910 trinos
576 868 699 910 ludos
733 869 883 910 aedilis
914 868 1118 923 feceram,
1155 871 1302 910 tamen
1333 869 1497 910 Antoni

154 927 268 968 ludis
299 928 610 982 commovebar,
642 927 735 981 tibi,
768 927 841 982 qui
872 942 974 969 casu
1004 928 1148 969 nullos
1180 927 1356 982 feceras,
1387 928 1496 968 nihil

104 997 137 1024 15
156 986 283 1028 huius
315 986 445 1028 istam
476 987 628 1041 ipsam,
659 1001 788 1041 quam
814 987 985 1041 inrides,
1019 988 1270 1041 argenteam
1298 1001 1496 1028 scaenam

157 1045 427 1087 adversatam
457 1045 612 1100 putas?

245 1102 327 1145 Sed
364 1103 470 1146 haec
507 1119 609 1146 sane
641 1104 727 1145 sint
758 1103 881 1159 paria
913 1104 1076 1158 omnia,
1117 1080 1174 1145 sit
1204 1118 1283 1158 par
1313 1103 1496 1145 forensis
1523 1116 1566 1147 41

157 1177 287 1217 opera
316 1163 511 1214 militari,
542 1163 744 1204 militaris
777 1162 1030 1218 suffragatio
1062 1163 1265 1211 urbanae,
1298 1163 1355 1204 sit
1385 1162 1498 1204 idem

156 1196 605 1276 magnificentissimos
650 1224 693 1262 et
735 1221 879 1263 nullos
923 1236 1126 1276 umquam
1164 1221 1315 1263 fecisse
1353 1221 1495 1275 ludos,

104 1292 139 1317 20
159 1280 288 1335 quid?
329 1281 374 1322 in
410 1281 506 1335 ipsa
541 1283 744 1334 praetura
781 1279 944 1321 nihilne
984 1279 1203 1321 existimas
1235 1279 1348 1321 inter
1378 1282 1498 1321 tuam

158 1342 201 1380 et
251 1339 378 1381 huius
430 1342 589 1381 sortem
640 1337 917 1380 interfuisse?
989 1337 1129 1379 Huius
1174 1352 1267 1380 sors
1312 1352 1362 1379 ea
1404 1338 1498 1391 fuit,
1513 1340 1568 1381 20

158 1411 287 1451 quam
327 1412 473 1439 omnes
510 1398 575 1438 tui
613 1396 842 1438 necessarii
873 1396 956 1437 tibi
987 1397 1262 1451 optabamus,
1300 1396 1405 1437 iuris
1439 1396 1498 1437 di·

159 1455 302 1507 cundi3
347 1456 391 1497 in
435 1470 518 1510 qua
562 1455 745 1510 gloriam
790 1455 990 1496 conciliat
1033 1454 1284 1510 magnitudo
1321 1455 1498 1510 negotii,

161 1514 348 1570 gratiam
380 1514 609 1568 aequitatis
636 1513 830 1569 largitio,
863 1528 946 1567 qua
971 1514 1014 1554 in
1041 1516 1156 1555 sorte
1182 1513 1351 1567 sapiens
1379 1528 1499 1568 prae-

106 1584 140 1610 25
159 1575 247 1627 tor,
292 1572 430 1626 qualis
472 1572 542 1614 hic
577 1571 678 1625 fuit,
722 1571 1000 1613 offensionem
1037 1571 1148 1613 vitat
1187 1572 1497 1626 aequabilitate

160 1631 428 1686 decernendi,
468 1630 803 1672 benivolentiam
842 1630 1036 1685 adiungit
1073 1630 1250 1671 lenitate
1282 1631 1498 1685 audiendi,

160 1690 337 1746 egregia
368 1693 411 1731 et
442 1689 495 1731 ad
527 1689 796 1731 consulatum
829 1691 931 1742 apta
961 1688 1193 1743 provincia,
1223 1689 1268 1730 in
1295 1703 1379 1743 qua
1405 1690 1498 1731 laus

161 1748 405 1803 aequitatis,
430 1748 709 1804 integritatis,
727 1747 950 1789 facilitatis
971 1747 1024 1788 ad
1044 1750 1282 1789 extremum
1302 1748 1498 1790 ludorum

54 1847 55 1863 2
160 1807 382 1861 voluptate
414 1806 691 1849 concluditur.
740 1805 851 1854 Quid
881 1808 957 1847 tua
989 1807 1111 1848 sors?
1161 1806 1340 1861 Tristis,
1365 1809 1500 1860 atrox,
1526 1818 1568 1849 42

54 1865 57 1912 ζ
108 1876 143 1902 30
162 1865 355 1920 quaestio
405 1866 627 1921 peculatus
678 1879 728 1906 ex
778 1865 913 1906 altera
960 1867 1082 1919 parte
1133 1865 1408 1907 lacrimarum
1458 1869 1499 1906 et

162 1924 392 1978 squaloris,
431 1938 481 1965 ex
519 1924 655 1966 altera
692 1923 820 1977 plena
857 1926 1103 1965 catenarum
1135 1926 1263 1979 atque
1295 1924 1499 1977 indicum,

162 1982 340 2037 cogendi
382 1982 540 2025 iudices
583 1982 725 2035 inviti,
769 1981 978 2023 retinendi
1021 1985 1173 2025 contra
1213 1982 1499 2036 voluntatem,

163 2041 304 2082 scriba
322 2041 561 2095 damnatus,
581 2041 683 2083 ordo
704 2042 822 2082 totus
843 2041 1024 2095 alienus3
1047 2040 1221 2083 Sullana
1240 2041 1499 2097 gratificatio

162 2099 437 2154 reprehensa,
478 2100 604 2142 multi
641 2099 721 2141 viri
757 2098 892 2141 fortes
930 2102 973 2140 et
1006 2114 1139 2155 prope
1171 2114 1272 2155 pars
1311 2099 1498 2141 civitatis
1554 2140 1556 2142 .

110 2167 144 2194 35
165 2157 326 2198 offensa
358 2159 481 2213 [est];
511 2159 610 2200 lites
639 2172 782 2200 severe
814 2159 1084 2213 aestimatae,
1116 2159 1183 2201 cui
1207 2159 1360 2213 placet,
1393 2158 1499 2199 obli-

163 2215 360 2270 viscitur,
390 2217 458 2258 cui
488 2217 622 2272 dolet,
653 2216 860 2258 meminit.
920 2216 1144 2259 Postremo
1176 2220 1224 2258 tu
1255 2216 1300 2257 in
1330 2216 1499 2270 provin-

165 2274 274 2315 ciam
305 2274 366 2315 ire
398 2275 584 2317 noluisti.
634 2274 733 2317 Non
763 2289 939 2330 possum
969 2276 1011 2318 id
1042 2277 1086 2317 in
1111 2279 1154 2318 te
1181 2275 1498 2330 reprehendere,
