1619 2542
104 222 148 253 20

105 1363 147 1393 ‘21

175 115 261 157 270
497 115 548 150 ΙΝ
573 114 613 150 L.
635 113 900 151 CATILINAM
921 113 1099 149 ORATIO
1126 113 1170 149 11.

177 214 250 253 aut
294 211 527 277 gladiatori
570 210 742 253 concedi
787 210 842 251 sit
880 208 1084 251 necesse?
1146 208 1340 252 Tertium
1379 224 1513 266 genus

176 272 242 311 est
274 272 415 311 aetate
446 270 532 311 iam
565 269 795 322 adfectum,
834 268 907 310 sed
936 271 1082 309 tamen
1113 268 1418 310 exercitatione
1448 283 1513 311 ro-

174 329 368 383 bustum3
411 343 494 383 quo
538 342 589 369 ex
633 341 786 383 genere
830 327 911 368 iste
948 329 1015 369 est
1051 325 1254 380 Manlius,
1299 327 1367 369 cui
1402 341 1513 369 nunc

176 386 364 429 Catilina
407 386 605 431 succedit.
666 386 724 427 Hi
767 388 867 427 sunt
906 385 1100 427 homines
1143 400 1193 427 ex
1230 385 1284 427 iis
1323 386 1513 439 coloniis,

176 460 282 500 quas
309 444 430 487 Sulla
462 444 708 498 constituit3
740 459 845 499 quas
877 458 957 510 ego
989 444 1210 486 universas
1239 444 1395 487 civium
1421 459 1512 486 esse
1531 455 1549 482 5

176 504 438 560 optimorum
464 506 508 545 et
531 503 867 545 fortissimorum
888 503 1075 545 virorum
1095 504 1247 557 sentio,
1273 502 1348 545 scd
1367 505 1513 545 tamen

174 563 205 605 ii
243 566 343 605 sunt
381 562 538 615 coloni,
577 562 649 616 qui
681 576 726 604 se
756 563 802 604 in
832 561 1062 617 insperatis
1096 576 1144 604 ac
1174 561 1409 616 repentinis
1440 576 1512 617 pe-

175 622 311 664 cuniis
343 621 637 676 sumptuosius
668 620 1003 674 insolentiusque
1035 620 1260 662 iactarunt.
1320 619 1380 662 Hi
1411 620 1511 662 dum

177 680 404 722 aedificant
428 684 648 735 tamquam
673 679 802 729 beati,
833 679 933 721 dum
958 679 1144 734 praediis
1169 679 1304 733 lectis,
1333 678 1510 720 familiis

174 739 355 794 magnis,
387 738 592 781 conviviis
625 738 843 793 apparatis
870 737 1149 792 delectantur,
1173 738 1218 780 in
1243 740 1412 780 tantum
1439 752 1509 780 aes
1531 749 1566 775 10

175 798 362 839 alienum
392 797 651 850 inciderunt,
688 799 752 850 ut,
790 797 826 838 si
857 796 965 838 salvi
997 810 1089 838 esse
1121 797 1271 848 velint,
1303 795 1424 838 Sulla
1454 797 1511 838 sit

173 857 224 897 iis
265 857 319 898 ab
350 856 499 897 inferis
531 856 796 909 excitandus3
835 855 908 910 qui
939 855 1068 896 etiam
1099 870 1186 897 non
1216 855 1360 897 nullos
1392 869 1511 910 agre-

175 916 253 956 stis
290 915 485 957 homines
529 918 675 957 tenues
714 924 842 968 atque
880 916 1054 969 egentes
1091 913 1136 955 111
1173 913 1350 955 eandem
1389 914 1510 955 illam

174 988 294 1029 spem
318 974 567 1028 rapinarum
592 976 785 1014 veterum
810 973 1083 1027 impulerunt.
1127 971 1241 1021 Quos
1267 986 1346 1028 ego
1372 975 1509 1014 utros-

175 1047 254 1087 que
280 1033 325 1074 in
351 1033 499 1073 eodem
519 1046 671 1086 genere
691 1031 995 1086 praedatorum
1014 1031 1361 1085 direptorumque
1381 1045 1508 1086 pono,
1530 1042 1564 1068 15

173 1091 245 1132 sed
278 1105 349 1132 eos
381 1090 463 1132 hoc
494 1105 663 1143 moneo,
695 1089 889 1131 desinant
919 1089 1058 1131 furere
1091 1104 1139 1132 ac
1169 1089 1508 1145 proscriptiones

174 1152 217 1190 et
243 1149 476 1191 dictaturas
502 1148 703 1204 cogitare.
747 1147 909 1189 Tantus
935 1148 1047 1189 enim
1072 1148 1246 1189 illorum
1266 1152 1509 1202 temporum

175 1207 294 1249 dolor
330 1208 497 1248 inustus
530 1211 595 1249 est
627 1206 808 1261 civitati,
849 1209 898 1248 ut
926 1206 1013 1248 iam
1044 1206 1129 1248 ista
1158 1221 1244 1248 non
1275 1207 1400 1248 modo
1432 1206 1510 1248 110-

175 1266 322 1319 mines,
353 1266 427 1307 sed
456 1281 509 1307 ne
539 1266 720 1321 pecudes
754 1265 923 1320 quidem
955 1265 1061 1306 mihi
1092 1279 1296 1320 passurae
1327 1279 1419 1307 esse
1450 1265 1510 1307 vi—

107 1311 160 1351 ῙΟ
178 1325 367 1366 deantur.
423 1323 632 1373 Quartum
665 1338 797 1380 genus
830 1327 895 1365 est
927 1339 1028 1365 sane
1060 1324 1224 1366 varium
1255 1326 1300 1365 et
1329 1324 1510 1365 mixtum
1531 1335 1566 1360 20

178 1386 221 1424 et
251 1383 564 1438 turbulentum3
597 1383 669 1438 qui
699 1383 787 1424 iam
812 1382 975 1438 pridem
1002 1385 1262 1438 premuntur,
1294 1382 1367 1437 qui
1390 1397 1511 1424 num-

175 1457 303 1497 quam
323 1445 559 1497 emergunt,
580 1442 652 1497 qui
667 1441 825 1497 partim
839 1441 1007 1495 inertia,
1027 1442 1184 1495 partim
1199 1441 1310 1483 male
1325 1441 1510 1496 gerendo

173 1502 361 1556 negotio,
392 1500 551 1556 partim
584 1501 713 1543 etiam
740 1500 983 1555 sumptibus
1009 1500 1054 1542 in
1079 1503 1220 1542 vetere
1249 1514 1345 1542 aere
1370 1500 1509 1542 alieno

174 1560 392 1613 vacillant,
412 1559 485 1614 qui
503 1559 768 1613 vadimoniis,
781 1559 960 1614 iudiciis,
975 1559 1288 1614 proscriptione
1302 1558 1510 1600 bonorum

175 1618 399 1673 defetigati
435 1618 637 1672 permulti
675 1620 718 1659 et
755 1632 805 1659 ex
842 1619 946 1659 urbe
977 1621 1021 1659 01
1052 1632 1101 1659 ex
1134 1617 1251 1673 agris
1283 1631 1328 1658 se
1359 1617 1404 1658 in
1434 1616 1511 1658 illa
1531 1627 1564 1653 25

175 1679 318 1718 castra
348 1677 539 1718 conferre
572 1677 780 1718 dicuntur.
842 1676 982 1718 Hosce
1015 1690 1095 1732 ego
1125 1690 1212 1717 non
1236 1678 1326 1717 tam
1352 1675 1509 1716 milites

177 1734 286 1775 acris
326 1749 453 1788 quam
484 1735 741 1776 infitiatores
773 1735 913 1776 lentos
946 1749 1036 1776 esse
1069 1735 1267 1776 arbitror.
1320 1732 1401 1782 Qui
1431 1733 1508 1774 ho-

176 1792 312 1833 mines
343 1807 465 1846 quam
497 1794 700 1847 primum,
733 1793 769 1835 si
800 1797 917 1834 stare
946 1807 1033 1835 non
1064 1795 1264 1848 possunt,
1295 1794 1509 1845 corruant,

176 1851 250 1892 sed
286 1851 367 1904 ita,
402 1853 452 1892 ut
488 1866 574 1893 non
611 1852 736 1894 modo
778 1852 947 1905 civitas,
984 1851 1056 1892 sed
1096 1865 1148 1892 ne
1179 1850 1307 1891 vicini
1340 1850 1510 1904 quidem

176 1909 360 1964 proximi
391 1909 591 1951 sentiant.
651 1909 765 1952 Nam
795 1910 901 1952 illud
930 1923 1018 1951 non
1047 1909 1266 1964 intellego,
1298 1923 1426 1963 quam
1453 1909 1507 1950 ob
1527 1919 1563 1945 3⁰

176 1982 284 2022 rem,
327 1967 365 2009 si
402 1967 542 2009 vivere
578 1969 756 2010 honeste
792 1983 879 2010 non
917 1971 1115 2023 possunt,
1151 1966 1289 2022 perire
1327 1967 1510 2022 turpiter

177 2026 321 2080 velint,
351 2028 427 2067 aut
458 2040 531 2067 cur
556 2027 718 2068 minore
745 2027 890 2069 dolore
915 2027 1128 2081 perituros
1156 2040 1201 2066 se
1225 2040 1320 2067 cum
1347 2025 1508 2080 multis,

179 2099 306 2140 quam
338 2084 375 2125 si
406 2085 488 2126 soli
513 2088 700 2138 pereant,
733 2085 1005 2127 arbitrentur.
1049 2083 1252 2132 Quintum
1279 2098 1411 2138 genus
1443 2086 1509 2126 est

177 2143 503 2198 parricidarum,
546 2143 810 2195 sicariorum,
854 2143 1033 2197 denique
1071 2143 1259 2184 omnium
1302 2142 1506 2184 facinero-

178 2217 334 2244 sorum.
385 2199 498 2249 Quos
532 2215 610 2255 ego
643 2216 668 2242 a
698 2201 883 2243 Catilina
913 2215 997 2242 non
1028 2215 1201 2255 revoco,
1238 2215 1338 2242 nam
1370 2215 1504 2255 neque
1525 2210 1558 2237 *35

179 2262 231 2301 ab
277 2274 326 2301 eo
362 2259 504 2301 divelli
541 2262 721 2314 possunt
759 2263 801 2301 et
838 2261 1013 2314 pereant
1049 2274 1150 2301 sane
1189 2261 1233 2300 in
1270 2259 1506 2313 latrocinio,

180 2319 381 2374 quoniam
424 2320 525 2360 sunt
566 2318 628 2359 ita
671 2319 811 2373 multi,
853 2321 901 2360 ut
944 2332 1014 2359 eos
1056 2332 1197 2360 carcer
1235 2332 1383 2373 capere
1420 2331 1507 2359 non
