1619 2542
487 80 587 116 CAP.
617 85 670 124 13,
701 85 743 115 14
771 84 790 123 g
817 83 969 115 36-42.
1348 78 1433 118 115

87 191 258 219 causam
291 180 333 218 et
360 179 605 232 susceptam
632 179 675 218 et
700 176 974 217 manifestam
1001 174 1216 230 relinquit.
1250 173 1313 215 Ac
1338 176 1432 215 tum

86 236 131 277 in
154 235 381 291 Oppianici
408 250 537 277 causa
563 236 722 277 crimen
743 236 823 276 hoc
844 234 1110 276 Asuvianum
1132 248 1228 276 cum
1248 232 1432 274 testibus

87 295 250 348 multis,
276 297 369 336 tum
396 309 496 336 vero
522 294 679 336 indicio
706 293 841 335 Avilli
867 293 1248 348 comprobabatur,
1276 291 1318 332 in
1348 306 1431 345 quo

89 354 316 409 alligatum
366 352 592 408 Oppianici
635 367 792 394 nomen
835 353 1021 407 primum
1059 366 1151 393 esse
1193 350 1432 402 constabat,

52 423 68 448 5
90 412 192 465 eius,
220 426 346 466 quem
372 426 447 452 vos
474 411 677 452 miserum
706 414 832 465 atque
852 411 1123 453 innocentem
1143 410 1254 451 falso
1275 409 1431 451 iudicio

88 471 423 512 circumventum
456 484 548 511 esse
581 470 734 511 dicitis.

176 528 315 578 Quid?
350 528 491 570 aviam
523 532 653 582 tuam,
686 529 933 583 Oppianice,
964 527 1187 581 Dinaeam,
1219 526 1287 568 cui
1312 529 1361 567 tu
1388 541 1431 567 es
1447 551 1492 582 40

87 588 230 641 heres,
268 590 391 642 pater
429 589 528 628 tuus
566 602 652 628 non
691 588 921 628 manifesto
960 587 1157 629 necavit?
1201 586 1264 627 Ad
1304 599 1432 639 quam

88 661 184 688 cum
225 646 472 687 adduxisset
514 646 723 688 medicum
761 646 885 687 illum
926 661 1048 687 suum
1086 645 1173 686 iam
1211 644 1433 699 cognitum

36 717 69 742 ιο
89 709 131 746 et
175 719 302 760 saepe
339 704 566 759 victorem,
607 719 684 760 per
729 719 854 759 quem
897 704 1172 746 interfecerat
1210 703 1433 758 plurimos,

88 764 242 805 mulier
286 764 499 805 exclamat
543 778 587 805 se
627 764 681 804 ab
720 778 767 804 eo
806 764 928 804 nullo
967 763 1093 804 modo
1132 763 1242 804 velle
1280 761 1431 813 curari,

89 837 172 877 quo
218 825 393 864 curante
438 837 538 864 suos
583 837 730 864 omnes
774 822 1042 877 perdidisset.
1109 822 1217 863 Tum
1256 822 1431 874 repente

88 881 407 923 Anconitanum
448 881 677 935 quendam,
715 880 760 922 L.
793 880 1010 934 Clodium,
1048 879 1428 934 pharmacopolam

88 940 491 993 circumforaneum,
524 942 594 994 qui
631 955 731 981 casu
764 943 855 980 tum
888 939 1090 981 Larinum
1124 939 1326 989 venisset,
1358 937 1430 979 ad-

36 1009 68 1035 15
90 999 282 1052 greditur
309 1001 351 1039 et
377 1013 472 1040 cum
499 1013 548 1040 eo
576 999 740 1040 duobus
767 999 942 1040 milibus
968 998 1060 1051 HS,
1085 998 1129 1038 id
1156 997 1268 1052 quod
1294 996 1430 1051 ipsius

88 1057 249 1098 tabulis
287 1060 379 1098 tum
413 1059 479 1098 est
511 1057 871 1111 demonstratum,
902 1056 1118 1111 transigit.
1163 1056 1209 1097 L.
1242 1055 1431 1104 Clodius,

90 1117 161 1170 qui
192 1118 454 1170 properaret,
489 1116 557 1157 cui
587 1116 682 1157 fora
713 1116 851 1157 multa
881 1118 1107 1168 restarent,
1140 1115 1268 1156 simul
1301 1117 1430 1168 atque

87 1175 358 1216 introductus
386 1177 462 1228 est,
489 1189 580 1216 rem
606 1174 805 1228 confecit,
839 1174 980 1229 prima
1005 1175 1180 1228 potione
1206 1173 1429 1214 mulierem

89 1233 265 1274 sustulit
308 1248 445 1287 neque
490 1236 642 1288 postea
681 1233 826 1275 Larini
866 1235 1073 1288 punctum
1117 1229 1183 1274 est
1220 1231 1429 1286 temporis

35 1303 69 1328 20
89 1295 390 1333 commoratus.
432 1291 595 1333 Eadem
620 1292 702 1333 hac
727 1291 892 1333 Dinaea
918 1294 1224 1333 testamentum
1244 1290 1428 1332 faciente

88 1366 183 1392 cum
220 1351 393 1392 tabulas
424 1350 721 1405 prehendisset
753 1350 1031 1405 Oppianicus,
1073 1350 1145 1403 qui
1177 1364 1306 1404 gener
1339 1349 1428 1390 eius

86 1409 258 1461 fuisset,
296 1409 432 1463 digito
470 1410 613 1463 legata
650 1409 808 1450 delevit
840 1412 900 1462 et,
937 1424 1033 1450 cum
1064 1408 1109 1448 id
1140 1407 1289 1448 multis
1322 1407 1429 1449 locis

87 1442 277 1520 fecisset,
312 1470 412 1520 post
443 1471 627 1510 mortem
660 1468 768 1520 eius,
800 1482 853 1508 ne
885 1467 1026 1508 lituris
1059 1466 1236 1521 coargui
1269 1469 1429 1520 posset,

88 1528 394 1566 testamentum
443 1525 489 1566 in
539 1527 645 1566 alias
695 1526 867 1566 tabulas
917 1525 1248 1579 transscriptum
1293 1524 1428 1579 signis

35 1596 68 1621 25
89 1583 341 1625 adulterinis
402 1584 660 1639 obsignavit.
743 1583 881 1625 Multa
936 1586 1155 1636 praetereo
1213 1584 1428 1636 consult03

89 1642 246 1684 etenim
281 1656 437 1695 vereor,
468 1657 520 1683 ne
551 1642 655 1683 haec
687 1643 782 1695 ipsa
811 1642 992 1682 nimium
1025 1642 1163 1683 multa
1195 1656 1287 1683 esse
1312 1642 1427 1683 vide-

89 1703 227 1743 antur.
289 1700 378 1742 Vos
411 1704 555 1742 tamen
589 1701 774 1742 similem
807 1701 872 1741 sui
905 1715 1002 1741 eum
1032 1700 1165 1742 fuisse
1196 1701 1426 1742 inceteri‘s

89 1774 255 1814 quoque
287 1760 401 1800 vitae
439 1759 636 1814 partibus
676 1759 918 1800 existimare
957 1759 1134 1800 debetis.
1195 1759 1323 1800 Illum
1361 1762 1427 1802 ta-

87 1819 212 1859 bulas
251 1818 446 1873 publicas
477 1818 620 1859 Larini
660 1818 875 1859 censorias
908 1819 1147 1873 corrupisse
1180 1818 1426 1860 decuriones

35 1888 69 1913 30
88 1877 273 1918 universi
312 1877 624 1929 iudicaverunt,
668 1891 762 1917 cum
800 1876 876 1918 illo
914 1891 1038 1917 nemo
1077 1876 1162 1918 iam
1200 1877 1425 1931 rationem,

86 1949 211 1976 nemo
252 1950 343 1976 rem
391 1936 526 1976 ullam
574 1935 873 1988 eontral1ebat3
917 1949 1041 1977 nemo
1081 1935 1205 1977 illum
1248 1950 1298 1977 ex
1335 1938 1425 1977 tam

87 1993 235 2034 multis
273 1994 468 2049 cognatis
507 1997 550 2035 et
583 1993 792 2035 adfinibus
825 1996 1012 2034 tutorem
1044 2008 1246 2048 umquam
1278 1994 1424 2035 liberis

88 2052 175 2092 suis
213 2052 404 2106 scripsit,
447 2067 572 2093 nemo
610 2052 734 2093 illum
775 2052 910 2106 aditu,
947 2067 1072 2093 nemo
1111 2053 1425 2107 congressione,

86 2125 211 2152 nemo
265 2125 478 2164 sermone,
530 2126 654 2153 nemo
711 2111 905 2152 convivio
962 2111 1137 2166 dignum
1187 2111 1424 2164 iudicabat3

34 2178 68 2204 35
89 2183 236 2210 omnes
270 2169 630 2233 aspernabantur,
672 2183 817 2210 omnes
851 2168 1159 2223 abhorrebant,
1198 2184 1344 2210 omnes
1376 2173 1424 2210 ut

89 2227 313 2281 aliquam
302 2242 533 2268 immanem
565 2243 613 2269 ac
644 2227 928 2283 perniciosam
959 2228 1144 2269 bestiam
1176 2232 1423 2282 pestemque

86 2285 323 2341 fugiebant.
383 2285 510 2327 Hunc
541 2289 686 2328 tamen
716 2286 934 2328 hominem
965 2288 1056 2327 tam
1089 2286 1302 2340 audacem,
1333 2288 1419 2328 tam

1455 1300 1497 1331 41

1449 2289 1552 2326 4‘2'
