1619 2542
165 72 249 113 140
515 71 608 106 PRO
634 71 675 106 A.
705 70 942 106 CLUENTIO
969 69 1158 105 ORATIO.

94 213 116 232 Ο
175 167 436 222 praeiudicia
469 167 519 208 de
553 182 600 209 eo
633 167 749 208 facta
782 181 873 207 esse
906 168 1173 218 constarent,
1212 165 1356 206 audire
1388 180 1506 220 prae-

93 213 157 280 ‘³8-
175 231 294 268 terea
339 226 449 267 nihil
492 226 697 267 debuisse.
768 225 877 265 Tum
919 224 1050 265 etiam
1088 224 1154 264 illi
1187 223 1392 278 quinque,
1434 224 1506 278 qui

97 274 162 304 ¹⁰⁰
177 285 476 339 imperitorum
502 285 723 326 hominum
750 283 1017 324 rumusculos
1045 282 1246 336 aucupati
1270 284 1363 323 tum
1383 282 1505 323 illum

165 343 460 397 absolverunt,
509 343 596 384 iam
646 357 767 383 suam
818 341 1091 383 clementiam
1134 340 1302 381 laudari
1346 354 1504 395 magno

165 417 292 457 opere
323 402 549 453 nolebant3
582 416 606 442 a
633 401 787 454 quibus
815 400 851 441 si
878 400 949 454 qui
975 402 1209 454 quaereret,
1241 399 1504 440 sedissentne
1525 410 1540 436 5

163 461 323 502 iudices
363 460 408 501 in
434 459 478 502 C.
509 459 770 512 Fabricium,
808 459 964 500 sedisse
997 473 1041 499 se
1073 458 1277 510 dicerent3
1311 458 1347 498 si
1377 458 1506 498 inter-

165 521 433 573 rogarentur,
464 534 566 559 num
599 533 681 572 quo
715 518 890 559 crimine
922 518 957 558 is
991 520 1105 558 esset
1137 518 1360 558 accusatus
1386 530 1506 570 prae-

164 581 362 631 terquam
388 577 539 619 veneni
566 577 669 629 eius,
695 576 808 630 quod
834 575 1074 630 quaesitum
1095 574 1257 616 Habito
1285 574 1507 628 diceretur,

164 640 389 690 negarent,
438 636 473 676 si
515 635 663 676 deinde
704 637 847 675 essent
887 634 1049 690 rogati,
1093 633 1193 687 quid
1232 633 1506 686 iudicassent,

165 695 469 736 condemnasse
502 709 546 735 se
580 694 785 747 dicerent3
816 707 941 734 nemo
974 693 1086 733 enim
1113 692 1312 733 absolvit.
1342 691 1506 732 Eodem
1526 703 1559 728 ιο

165 753 291 794 modo
334 753 575 807 quaesitum
618 753 652 793 si
691 755 804 793 esset
842 752 891 792 de
924 750 1201 803 Scamandro,
1242 753 1355 792 certe
1392 750 1505 791 idem

164 812 502 866 respondissent3
529 811 704 853 tametsi
730 811 803 851 ille
829 825 914 851 una
940 809 1151 850 sententia
1177 811 1242 850 est
1269 808 1506 862 absolutus,

166 871 239 911 sed
277 870 397 911 illam
434 885 565 911 unam
596 884 722 910 nemo
754 872 847 910 tum
879 869 1062 909 istorum
1096 882 1214 908 suam
1249 867 1331 908 dici
1362 867 1504 908 vellet.

100 940 161 971 10ss
179 929 287 971 Uter
318 929 452 983 igitur
477 928 646 970 facilius
675 942 774 969 suae
802 927 1037 968 sententiae
1063 926 1275 967 rationem
1300 925 1505 979 redderet,

164 987 274 1039 isne,
314 988 386 1041 qui
424 1002 468 1028 se
507 990 550 1028 et
589 987 671 1027 sibi
704 989 746 1027 et
777 986 838 1027 rei
870 986 1081 1026 iudicatae
1114 984 1360 1026 constitisse
1393 984 1505 1037 dicit,
1526 993 1559 1019 15

166 1061 220 1086 an
252 1046 347 1099 ille,
380 1047 452 1100 qui
486 1060 529 1086 se
561 1046 605 1086 in
631 1044 867 1099 principem
899 1044 1097 1085 maleficii
1127 1043 1282 1096 lenem,
1314 1043 1360 1083 in
1392 1042 1506 1083 adiu-

165 1107 280 1145 tores
321 1105 409 1145 eius
449 1107 491 1145 et
529 1104 720 1145 conscios
752 1103 1175 1143 vehementissimum
1209 1116 1300 1142 esse
1331 1115 1504 1154 respon-

166 1163 258 1203 dit?
315 1161 504 1210 Quorum
544 1176 623 1217 ego
659 1162 708 1202 de
742 1161 956 1202 sententia
986 1175 1072 1201 non
1104 1160 1236 1201 debeo
1269 1160 1506 1213 disputare3

165 1236 303 1274 neque
342 1221 454 1262 enim
494 1221 661 1272 dubito,
699 1220 801 1274 quin
838 1220 868 1260 ii
906 1220 1014 1260 tales
1047 1219 1127 1259 viri
1160 1218 1400 1272 suspicione
1431 1218 1505 1258 ali-

166 1294 249 1333 qua
280 1280 465 1333 perculsi
490 1280 714 1333 repentina
741 1279 791 1319 dc
818 1281 933 1319 statu
959 1292 1034 1318 suo
1062 1277 1327 1319 declinarint.
1365 1275 1504 1324 Quare
1525 1286 1560 1310 20

166 1353 327 1392 eorum,
356 1339 427 1392 qui
454 1338 744 1388 absolverunt,
769 1336 1105 1377 misericordiam
1125 1350 1211 1376 non
1230 1334 1505 1388 reprehendo,

166 1411 333 1450 eorum,
365 1397 438 1451 qui
469 1397 514 1437 in
544 1396 768 1437 iudicando
803 1395 1023 1448 superiora
1053 1394 1208 1435 iudicia
1241 1393 1375 1434 secuti
1406 1396 1506 1434 sunt

167 1470 244 1496 sua
270 1459 437 1509 sponte,
462 1470 549 1496 non
575 1453 737 1495 Staieni
762 1453 922 1506 fraude,
949 1453 1238 1494 constantiam
1260 1452 1506 1506 comprobo,

167 1528 314 1555 eorum
345 1529 459 1567 vero,
492 1514 564 1567 qui
596 1513 679 1554 sibi
710 1527 797 1553 non
822 1513 983 1566 liquere
1010 1512 1217 1563 dixerunt,
1250 1510 1504 1565 sapientiam
1617 1561 1619 1567 Ι

166 1572 313 1624 laudo,
357 1573 429 1626 qui
468 1573 688 1613 absolvere
728 1586 842 1625 eum,
886 1585 1011 1625 quem
1048 1569 1399 1611 nocentissimum
1439 1583 1504 1610 co·
1524 1578 1560 1603 25
1617 1595 1619 1614 =

168 1633 355 1685 gnorant
399 1633 441 1671 et
480 1645 605 1684 quem
643 1630 727 1684 ipsi
764 1630 831 1670 bis
869 1629 956 1670 iam
995 1632 1121 1670 antea
1158 1627 1504 1676 condemnarant,

165 1689 282 1729 nullo
316 1689 441 1730 modo
474 1692 693 1743 poterant,
726 1689 1025 1740 condemnare,
1057 1702 1151 1728 cum
1183 1689 1307 1727 tanta
1339 1682 1504 1727 consilii

166 1746 346 1787 infamia
379 1750 421 1788 et
446 1750 537 1788 tam
564 1747 719 1788 atrocis
747 1747 809 1787 rei
835 1746 1017 1799 suspicio
1044 1747 1157 1787 esset
1180 1744 1349 1796 iniecta,
1373 1743 1502 1797 paulo

101 1816 163 1846 107
177 1806 389 1859 posterius
435 1806 652 1859 patefacta
694 1819 739 1846 re
781 1805 1033 1846 maluerunt.
1103 1803 1166 1844 Ac
1209 1817 1261 1843 ne
1301 1816 1350 1842 ex
1386 1801 1502 1842 facto

170 1864 308 1904 solum
335 1864 549 1917 sapientes
575 1865 674 1905 illos
701 1863 908 1915 iudicetis,
935 1863 1007 1903 sed
1034 1862 1163 1903 etiam
1189 1875 1238 1901 ex
1258 1860 1503 1901 hominibus
1523 1870 1559 1896 30

167 1922 291 1976 ipsis,
336 1922 448 1976 quod
492 1922 538 1962 hi
574 1922 782 1975 fecerunt,
826 1921 1063 1963 rectissime
1103 1934 1150 1960 ac
1189 1918 1504 1972 sapientissime

166 1980 328 2022 factum
368 1980 580 2033 probetis,
621 1980 714 2034 quis
746 1980 790 2021 P.
823 1979 1001 2021 Octavio
1033 1977 1170 2018 Balbo
1203 1976 1376 2031 ingenio
1408 1992 1504 2031 pru·
1618 1978 1619 2020 l

168 2039 347 2092 dentior,
379 2039 469 2079 iure
495 2038 683 2092 peritior,
714 2038 807 2091 fide,
838 2038 1056 2091 religione,
1089 2035 1228 2077 officio
1257 2035 1504 2089 diligentior
1618 2040 1619 2047 ¹

169 2100 243 2138 aut
294 2097 482 2138 sanctior
532 2096 857 2137 commemorari
905 2094 1078 2150 potest?
1158 2093 1258 2134 Non
1308 2093 1502 2134 absolvit.

168 2155 271 2203 Quis
310 2155 358 2204 Q.
391 2154 590 2196 Considio
629 2155 913 2206 constantior,
954 2152 1047 2207 quis
1085 2152 1337 2192 iudiciorum
1376 2154 1502 2206 atque
1522 2161 1556 2186 35

168 2214 258 2255 eius
292 2213 528 2268 dignitatis,
561 2227 668 2266 quae
700 2213 744 2253 in
776 2212 940 2254 iudiciis
972 2210 1153 2265 publicis
1179 2210 1341 2251 versari
1367 2209 1503 2263 debet,

168 2272 358 2326 peritior,
385 2272 478 2327 quis
497 2271 670 2324 virtute,
696 2271 885 2323 consilio,
912 2268 1168 2310 auctoritate
1187 2267 1503 2323 praestantior?
