1619 2542
161 147 247 187 234
529 145 621 181 PRO
650 147 686 180 C.
713 146 909 180 RABIRIO
937 145 1128 181 ORATIO.

160 243 513 296 fortunarumque
559 243 749 283 omnium
791 241 834 283 O.
873 241 1024 283 Rabiri
1069 241 1344 296 proponenda
1387 243 1498 283 ratio

160 302 327 342 videtur
370 316 461 342 esse
494 300 623 342 officii
657 300 757 353 mei,
789 304 1017 354 propterea
1049 301 1179 354 quod,
1218 315 1324 355 quae
1355 300 1498 341 iustis-

160 361 269 401 sima
306 360 412 401 mihi
451 374 578 400 causa
610 360 661 400 ad
694 359 805 400 hunc
837 359 1145 401 defendendum
1178 374 1269 400 esse
1300 360 1392 400 visa
1423 361 1499 412 est,

159 419 305 459 eadem
338 419 458 459 vobis
499 418 551 459 ad
583 418 891 459 absolvendum
925 419 1049 459 debet
1081 418 1227 460 videri.
1286 417 1400 459 Nam
1432 432 1498 459 me

159 492 254 518 cum
294 477 507 518 amicitiae
546 479 755 529 vetustas,
800 491 892 518 cum
934 477 1122 530 dignitas
1160 477 1364 530 hominis,
1402 491 1534 518 cums

158 536 268 577 ratio
307 536 607 587 humanitatis,
646 550 740 576 cum
782 550 899 577 meae
930 536 1045 577 vitae
1083 538 1291 591 perpetua
1327 550 1499 577 consue-

158 595 261 635 tudo
293 595 347 649 ad
375 594 419 636 C.
440 594 663 634 Rabirium
696 594 1004 635 defendendum
1036 600 1102 635 est
1133 595 1373 648 adhortata,
1404 597 1497 635 tum

158 668 276 706 vero,
308 656 356 694 ut
388 653 430 693 id
464 653 776 693 studiosissime
808 653 1010 707 facerem,
1049 654 1164 694 salus
1197 653 1258 694 rei
1289 653 1498 708 publicae,

158 712 379 753 consulare
419 712 624 764 officium,
663 712 910 753 consulatus
943 712 1120 767 denique
1152 712 1244 766 ipse
1276 712 1383 753 mihi
1413 727 1498 753 una

157 784 183 810 a
215 770 338 811 vobis
371 785 465 811 cum
499 771 637 811 salute
669 770 731 811 rei
764 771 958 825 publicae
991 771 1313 812 commendatus
1346 771 1497 826 coegit.
1519 787 1551 812 10

157 828 257 869 Non
284 829 398 869 enim
419 828 462 870 O.
484 829 709 870 Rabirium
735 829 861 883 culpa
887 829 1044 883 delicti,
1070 844 1157 870 non
1182 830 1342 871 invidia
1367 831 1497 871 vitae-

158 889 295 941 [que],
338 902 425 929 non
471 887 650 941 denique
693 890 856 929 veteres
900 888 1038 929 iustae
1083 903 1319 943 gravesque
1362 889 1498 929 inimi-

157 946 283 987 citiae
315 947 472 987 civium
504 946 547 987 in
580 946 809 987 discrimen
841 947 995 1001 capitis
1028 950 1305 1002 vocaverunt,
1345 947 1418 988 sed
1450 949 1497 988 ut

155 1005 262 1045 illud
319 1019 532 1045 summum
593 1005 798 1045 auxilium
849 1006 1088 1047 maiestatis
1139 1008 1266 1060 atque
1316 1006 1496 1060 imperii,

157 1063 269 1117 quod
306 1063 431 1104 nobis
471 1078 495 1104 a
533 1063 766 1104 maioribus
807 1066 872 1105 est
902 1064 1130 1117 traditum,
1168 1065 1218 1105 de
1249 1079 1294 1105 re
1325 1065 1498 1119 publica
1518 1080 1550 1105 15

155 1122 401 1174 tolleretur,
438 1124 487 1162 ut
523 1122 631 1162 nihil
670 1122 851 1175 posthac
889 1123 1122 1164 auctoritas
1161 1126 1351 1177 senatus,
1388 1123 1495 1164 nihil

156 1180 379 1220 consulare
420 1180 665 1233 imperium,
705 1180 813 1221 nihil
851 1181 1073 1222 consensio
1106 1182 1315 1223 bonorum
1348 1185 1496 1223 contra

155 1241 319 1291 pestem
359 1253 407 1279 ac
444 1239 677 1292 perniciem
716 1239 903 1280 civitatis
942 1240 1120 1293 valeret,
1157 1240 1312 1281 idcirco
1350 1240 1396 1281 in
1427 1241 1494 1281 his

156 1297 283 1337 rebus
328 1297 567 1338 evertendis
613 1298 736 1338 unius
782 1297 964 1339 hominis
1009 1300 1222 1352 senectus,
1266 1299 1494 1340 infirmitas

109 1366 129 1396 3
157 1355 427 1409 solitudoque
459 1358 672 1410 temptata
703 1359 779 1397 est.
841 1356 974 1404 Quam
1009 1357 1063 1398 ob
1096 1371 1198 1409 rem,
1231 1357 1267 1398 si
1299 1361 1363 1398 est
1396 1358 1495 1398 boni
1515 1373 1549 1397 20

155 1414 361 1464 consulis,
403 1429 499 1455 cum
539 1417 691 1456 cuncta
729 1415 890 1456 auxilia
921 1417 983 1456 rei
1015 1416 1211 1470 publicae
1243 1416 1495 1458 labefactari

155 1472 421 1526 convellique
471 1473 632 1527 videat,
682 1473 793 1515 ferre
844 1489 969 1527 opem
1018 1474 1202 1528 patriae,
1252 1489 1494 1528 succurrere

155 1531 286 1571 saluti
306 1531 574 1586 fortunisque
595 1532 903 1586 communibus,
929 1534 1160 1587 implorare
1180 1533 1335 1574 civium
1355 1534 1494 1587 fidem,

156 1604 276 1630 suam
310 1590 492 1631 salutem
519 1591 800 1645 posteriorem
831 1592 966 1632 salute
993 1592 1210 1633 communi
1236 1592 1396 1645 ducere,
1429 1595 1494 1633 est

156 1648 284 1688 etiam
310 1648 520 1689 bonorum
547 1652 589 1690 et
614 1649 791 1690 fortium
817 1651 984 1703 civium,
1017 1651 1164 1704 quales
1192 1664 1267 1692 vos
1295 1651 1492 1692 omnibus
1512 1665 1547 1690 25

154 1706 215 1746 rei
255 1707 449 1760 publicae
482 1708 747 1762 temporibus
782 1709 1003 1762 extitistis,
1041 1709 1322 1750 intercludere
1355 1710 1492 1750 omnis

155 1764 413 1805 seditionum
448 1767 557 1818 vias,
596 1767 760 1808 munire
793 1768 1006 1821 praesidia
1037 1767 1099 1808 rei
1129 1768 1344 1822 publicae,
1383 1782 1492 1808 sum-

154 1837 271 1863 mum
297 1823 341 1863 in
367 1824 614 1865 consulibus
640 1826 878 1879 imperium,
912 1841 1125 1867 summum
1150 1826 1195 1866 in
1221 1828 1371 1866 senatu
1397 1840 1493 1867 con-

155 1880 296 1921 silium
340 1884 510 1935 putare,
557 1897 605 1923 ea
650 1884 723 1937 qui
764 1887 932 1926 secutus
979 1884 1052 1938 sit,
1095 1883 1218 1924 laude
1261 1883 1404 1938 potius
1449 1887 1492 1925 et

153 1937 315 1979 honore
369 1954 494 1992 quam
545 1956 683 1993 poena
734 1945 776 1983 et
821 1942 1029 1997 supplicio
1075 1942 1250 1997 dignum
1293 1942 1491 1984 iudicare.
1511 1956 1546 1982 30

106 2008 127 2037 4
155 1995 291 2045 Quam
319 1998 373 2037 ob
399 2013 487 2038 rem
515 1999 637 2040 labor
661 2000 705 2041 111
732 2001 811 2042 1100
839 2001 1099 2042 defendendo
1127 2001 1351 2054 praecipue
1374 2016 1491 2042 meus

154 2060 231 2109 est,
265 2055 451 2096 studium
484 2071 583 2097 vero
617 2059 894 2100 conservandi
926 2058 1110 2100 hominis
1138 2073 1360 2100 commune
1387 2059 1492 2100 mihi

154 2114 374 2155 vobiscum
407 2128 498 2155 esse
531 2115 711 2158 debebit.

100 2172 127 2212 2
242 2170 310 2213 Sic
342 2172 454 2213 enim
488 2173 732 2215 existimare
766 2176 948 2230 debetis,
985 2175 1189 2230 Quirites,
1227 2179 1326 2231 post
1357 2176 1490 2218 homi-

151 2245 253 2271 num
293 2231 545 2272 memoriam
576 2246 667 2272 rem
697 2234 863 2274 nullam
896 2234 1118 2287 maiorem,
1157 2235 1296 2289 magis
1329 2235 1490 2290 pericu·
1509 2246 1543 2271 35

153 2289 309 2342 losum,
354 2289 491 2343 magis
532 2290 585 2330 ab
626 2291 823 2333 omnibus
857 2292 977 2334 vobis
1018 2292 1323 2346 providendam
1356 2308 1491 2347 neque

153 2362 177 2387 a
222 2347 395 2389 tribuno
440 2347 499 2402 pl.
542 2351 785 2402 susceptam
823 2365 958 2405 neque
997 2364 1022 2390 a
1059 2351 1232 2392 consule
1273 2351 1492 2393 defensam

112 431 132 460 10
