1619 2542
54 722 86 746 10

54 1013 86 1039 15

57 1893 90 1917 30

57 2184 90 2209 35

532 85 630 120 CAP.
659 90 714 129 40,
741 90 784 120 41
812 90 831 128 ξ
860 90 1054 122 110-116,
1372 87 1451 126 143

107 182 362 231 Quinctiana
393 181 559 235 iniqua,
595 181 724 235 falsa,
762 182 1029 236 turbulenta,
1066 182 1310 237 popularia,
1343 182 1452 223 sedi-

106 241 219 282 tiosa
249 241 406 282 iudicia
437 241 620 282 fuerunt.
669 240 790 294 Esto,
822 241 965 295 potuit
997 255 1088 282 esse
1120 243 1323 283 innocens
1354 240 1450 282 Fal-

106 300 213 342 cula.
262 299 355 340 Iam
384 313 486 354 ergo
514 298 648 353 aliqui
670 299 954 354 Oppianicum
981 300 1118 354 gratis
1140 300 1450 352 condemnavit,

105 359 191 399 iam
228 373 315 399 non
352 372 424 399 eos
456 357 603 398 Iunius
644 358 904 399 subsortitus
943 361 1025 412 est,
1067 359 1139 413 qui
1170 360 1352 413 pecunia
1383 374 1450 400 ac-

107 420 232 471 cepta
263 417 612 469 condemnarent,
644 416 731 458 iam
772 417 914 471 potuit
953 417 1086 471 aliqui
1118 418 1171 458 ab
1203 417 1328 459 initio
1361 432 1450 459 non

107 476 265 517 sedisse
316 478 358 516 et
407 478 554 516 tamen
605 474 888 529 Oppianicum
940 476 1077 530 gratis
1129 476 1447 518 condemnasse.

108 534 284 587 Verum,
317 534 354 574 si
385 534 587 575 innocens
619 533 814 587 Falcula,
849 549 1024 588 quaero,
1057 535 1150 589 quis
1184 535 1241 576 sit
1272 550 1448 589 nocens3

107 593 142 634 si
178 593 248 634 hic
288 592 424 647 gratis
463 592 781 646 condemnavit,
821 593 915 647 quis
949 594 1140 647 accepit?
1202 593 1326 648 Nego
1358 609 1448 635 rem

106 666 197 692 6336
241 652 374 692 ullam
415 651 612 704 cuiquam
650 652 824 692 illorum
867 652 1096 705 obiectam,
1141 667 1248 707 quae
1285 652 1449 694 Fidicu-

105 710 221 751 lanio
254 724 340 751 non
372 710 540 751 obiecta
572 711 641 764 sit,
677 712 752 752 aut
785 711 1012 765 quicquam
1043 711 1176 752 fuisse
1208 711 1253 752 in
1284 711 1449 753 Fidicu-

105 769 194 810 lani
225 783 370 822 causa,
408 768 521 823 quod
555 768 663 809 idem
694 783 780 810 non
813 772 926 810 esset
957 769 1002 810 in
1035 772 1285 811 ceterorum.
1347 770 1436 811 Aut
1454 781 1519 812 114

104 828 186 869 1106
228 827 429 868 iudicium
475 827 759 881 reprehendas
797 830 861 882 tu,
906 828 1024 869 cuius
1067 829 1282 870 accusatio
1320 829 1448 870 rebus

105 886 302 928 iudicatis
334 886 564 940 nitebatur,
595 901 767 928 necesse
800 890 866 928 est
893 890 979 941 aut,
1011 888 1046 928 si
1072 887 1153 929 hoc
1179 903 1328 929 verum
1356 902 1448 929 esse

105 945 311 999 concedis,
338 944 621 999 Oppianicum
649 945 785 1001 gratis
812 946 1142 987 condemnatum
1163 961 1254 987 esse
1274 946 1449 988 fateare.

194 1004 462 1057 Quamquam
513 1004 619 1044 satis
671 1018 829 1059 magno
873 1007 1129 1059 argumento
1174 1019 1266 1046 esse
1312 1005 1448 1059 debet,

106 1062 217 1116 quod
255 1077 305 1103 ex
341 1066 429 1103 tam
462 1063 608 1104 multis
640 1063 849 1104 iudicibus
882 1064 1082 1105 absoluto
1116 1063 1290 1105 Falcula
1321 1079 1446 1105 nemo

105 1136 202 1162 reus
240 1121 378 1162 factus
418 1123 494 1162 est.
559 1120 669 1170 Quid
707 1122 819 1162 enim
860 1122 966 1163 mihi
998 1122 1226 1164 damnatos
1259 1123 1448 1164 ambitus

106 1179 313 1235 colligitis
341 1180 425 1220 alia
444 1180 551 1234 lege,
578 1181 704 1221 certis
727 1180 990 1234 criminibus,
1016 1181 1213 1235 plurimis
1234 1182 1448 1223 testibus‘.>

107 1253 201 1280 cum
244 1238 431 1292 primum
474 1239 541 1279 illi
584 1238 668 1293 ipsi
713 1239 936 1280 debuerint
979 1240 1123 1294 potius
1167 1240 1358 1282 accusari
1399 1240 1449 1281 de

54 1309 67 1331 2
106 1297 296 1351 pecuniis
328 1297 575 1352 repetundis
608 1313 736 1352 quam
768 1298 967 1340 ambitus.
1024 1298 1137 1340 Nam
1171 1299 1207 1340 si
1238 1300 1282 1339 in
1315 1299 1447 1340 ambi-

106 1358 176 1396 tus
207 1356 373 1397 iudiciis
405 1356 486 1397 hoc
516 1356 569 1397 iis
603 1356 752 1410 obfuit,
784 1372 879 1398 cum
913 1357 997 1398 alia
1021 1358 1116 1412 lege
1143 1372 1315 1399 causam
1343 1358 1448 1398 dice-

107 1417 214 1467 rent,
239 1418 363 1468 certe,
390 1414 425 1455 si
451 1415 625 1469 propria
650 1416 744 1470 lege
770 1416 895 1456 huius
916 1417 1081 1470 peccati
1101 1416 1272 1457 adducti
1293 1418 1449 1469 essent,

107 1472 243 1513 multo
274 1473 370 1526 plus
404 1472 626 1514 obfuisset.
668 1473 844 1527 Deinde,
878 1474 913 1514 si
945 1477 1068 1515 tanta
1100 1474 1164 1515 vis
1195 1474 1279 1515 fuit
1310 1474 1435 1515 istius
1453 1485 1517 1516 115

108 1530 316 1584 criminis,
355 1533 419 1584 ut,
451 1546 535 1585 qua
567 1531 744 1585 quisque
777 1532 872 1587 lege
905 1547 956 1573 ex
987 1532 1074 1573 illis
1105 1532 1317 1574 iudicibus
1350 1547 1448 1574 reus

55 1601 69 1624 ‘2
107 1589 247 1630 factus
287 1592 417 1643 esset,
453 1593 599 1630 tamen
635 1590 714 1631 hac
751 1591 883 1645 plaga
920 1590 1095 1645 periret,
1133 1606 1207 1632 cur
1243 1591 1289 1632 in
1325 1594 1449 1633 tanta

107 1647 382 1689 multitudine
433 1650 728 1689 accusatorum
777 1649 912 1690 tantis
962 1649 1163 1703 praemiis
1215 1650 1344 1691 ceteri
1386 1650 1450 1691 rei

106 1706 210 1748 facti
240 1721 327 1748 non
359 1707 486 1748 sunt?
548 1706 630 1748 Hic
662 1706 878 1761 profertur
909 1707 968 1761 id,
1001 1708 1113 1761 quod
1143 1708 1346 1750 iudicium
1379 1724 1448 1763 ap-

108 1765 261 1820 pellari
298 1779 385 1806 non
422 1768 609 1820 oportet,
650 1764 695 1806 P.
727 1764 936 1820 Septimio
973 1765 1201 1808 Scaevolae
1238 1767 1359 1808 litem
1398 1783 1446 1809 eo

107 1824 279 1865 nomine
315 1838 407 1864 esse
440 1824 724 1865 aestimatam.
787 1823 916 1866 Cuius
949 1825 1011 1866 rei
1044 1840 1151 1880 quae
1184 1826 1446 1868 consuetudo

110 1882 179 1936 sit,
211 1883 412 1936 quoniam
445 1883 557 1937 apud
582 1883 776 1924 homines
803 1883 1086 1937 peritissimos
1113 1884 1219 1938 dico,
1251 1885 1447 1939 pluribus

109 1941 251 1982 verbis
295 1941 443 1982 docere
486 1956 574 1982 non
617 1941 761 1982 debeo.
830 1942 1077 1996 Numquam
1115 1943 1227 1984 enim
1265 1958 1315 1985 ea
1356 1944 1447 1984 dili-

110 1998 272 2054 gentia,
310 2014 416 2054 quae
449 2000 561 2041 solet
592 2000 785 2040 adhiberi
816 1999 860 2040 in
893 2001 1044 2042 ceteris
1075 2002 1260 2055 iudiciis,
1299 2002 1444 2042 eadem

108 2072 180 2098 reo
213 2057 413 2099 damnato
447 2058 641 2099 adhibita
673 2061 753 2112 est3
787 2059 831 2099 in
863 2059 1012 2100 litibus
1039 2060 1318 2101 aestimandis
1345 2060 1433 2101 fere
1452 2072 1516 2102 116

109 2115 267 2157 iudices
295 2120 379 2170 aut,
406 2117 518 2170 quod
546 2117 628 2158 sibi
654 2132 760 2170 eum,
787 2132 911 2171 quem
939 2120 1068 2159 semel
1096 2119 1445 2172 condemnarunt,

109 2174 328 2215 inimicum
359 2177 515 2228 putant
541 2190 645 2229 esse,
678 2176 714 2216 si
740 2190 847 2229 quae
873 2176 918 2217 in
944 2191 1040 2217 eum
1066 2177 1117 2218 lis
1145 2177 1297 2232 capitis
1324 2177 1446 2217 illata

111 2235 194 2284 est,
224 2247 311 2273 non
342 2233 576 2275 admittunt
608 2237 699 2287 aut,
738 2234 850 2287 quod
882 2249 926 2275 se
957 2235 1203 2290 perfunctos
1235 2235 1320 2276 iam
1354 2249 1445 2276 esse

111 2291 389 2346 arbitrantur,
414 2306 507 2332 cum
536 2292 585 2333 de
611 2307 682 2334 reo
708 2292 960 2349 iudicarunt,
986 2294 1284 2350 neglegentius
1311 2295 1445 2334 atten-
