1687 2533
505 94 607 130 CAP.
634 97 771 129 37—39
798 97 817 136 ς
844 97 1017 129 99-104.
1343 92 1430 134 495

88 190 288 232 arbitrati
328 192 445 244 sunt,
490 190 665 232 eandem
704 203 782 244 ego
823 189 975 231 subibo
1014 203 1062 231 ac
1102 189 1338 242 sustinebo,
1382 191 1430 230 ut

88 249 200 304 apud
239 251 435 303 posteros
474 251 647 291 nostros
685 263 772 290 non
804 249 1015 290 extinctor
1047 247 1353 289 coniurationis
1387 250 1429 288 et

89 307 273 362 sceleris,
306 308 377 349 sed
410 310 558 350 auctor
590 310 632 349 et
663 307 745 348 dux
776 306 909 348 fuisse
941 307 1116 348 videar?
1165 306 1289 348 Hanc
1314 317 1499 360 vero,102

88 366 332 420 pontifices,
365 367 505 407 labem
537 365 817 420 turpitudinis
851 370 893 406 et
923 365 1238 407 inconstantiae
1270 365 1429 420 poterit

52 425 235 479 5populi
275 425 459 466 Romani
502 425 689 480 dignitas
729 424 938 465 sustinere
970 425 1067 466 vivo
1102 426 1269 478 senatu,
1306 424 1428 465 vobis

87 483 353 538 principibus
374 483 535 538 publici
555 483 736 535 consilii,
755 486 804 524 ut
824 483 974 524 domus
995 482 1052 523 M.
1074 482 1190 524 Tulli
1211 482 1427 524 Ciceronis

89 556 184 583 cum
235 542 359 583 domo
406 542 467 584 M.
512 542 633 583 Fulvi
678 541 819 583 Flacci
869 542 921 583 acl
974 541 1224 583 memoriam
1268 555 1428 596 poenae

88 601 256 654 publice
283 601 542 642 constitutae
568 600 794 642 coniuncta
814 615 905 641 esse
925 600 1148 642 videatur?
1175 600 1231 641 M.
1252 600 1429 642 Flaccus

90 659 189 713 quia
240 673 335 701 cum
380 659 422 701 C.
468 658 658 701 Graccho
707 661 857 700 contra
902 659 1084 700 salutem
1128 659 1188 700 rei
1231 659 1429 713 publicae

36 729 70 754 10
89 717 260 771 fecerat,
287 733 336 759 ex
364 720 536 759 senatus
557 718 768 759 sententia
789 720 854 759 est
873 717 1142 772 interfectus3
1168 718 1257 759 eius
1279 718 1429 759 domus

91 790 240 817 eversa
284 779 327 817 et
371 777 589 831 publicata
634 779 717 830 est,
761 777 804 817 in
849 791 932 831 qua
969 776 1181 830 porticum
1220 779 1319 831 post
1357 777 1430 818 ali-

90 838 249 890 quanto
289 834 335 884 Q.
366 834 543 877 Catulus
583 835 634 876 de
667 835 881 876 manubiis
915 833 1139 877 Cimbricis
1166 835 1278 876 fecit.
1340 834 1430 876 Ista

91 896 234 935 autem
284 893 355 935 fax
405 908 452 935 ac
500 893 613 935 furia
655 894 820 948 patriae
864 908 958 935 cum
1002 894 1150 935 urbem
1190 894 1343 935 Pisone
1387 897 1430 935 et

90 951 275 993 Gabinio
321 952 495 994 ducibus
541 952 741 1007 cepisset,
791 955 1059 1007 occupasset,
1111 955 1296 1006 teneret,
1345 967 1428 994 uno

38 1022 71 1047 15
92 1011 322 1065 eodemque
347 1015 539 1065 tempore
566 1014 609 1052 et
628 1011 854 1053 clarissimi
874 1011 954 1051 viri
974 1011 1133 1052 mortui
1152 1014 1431 1053 monumenta

91 1069 262 1110 delebat
287 1074 329 1111 et
355 1084 491 1111 meam
511 1069 685 1111 domum
706 1084 799 1111 cum
820 1069 961 1111 Flacci
983 1070 1109 1111 domo
1131 1070 1431 1125 coniungebat,

90 1130 155 1180 ut,
193 1142 276 1182 qua
313 1142 451 1184 poena
489 1130 663 1170 senatus
703 1128 916 1170 adfecerat
959 1143 1198 1177 eversorem
1230 1129 1430 1182 civitatiS,

92 1186 236 1228 eadem
263 1187 345 1228 iste
372 1201 577 1242 oppresso
606 1190 756 1228 senatu
782 1187 980 1228 adficeret
1007 1202 1113 1241 eum,
1139 1202 1263 1242 quem
1284 1163 1467 1253 patreso

91 1245 322 1310 conscripti
366 1245 585 1287 custodem
629 1246 792 1300 patriae
830 1245 1102 1287 iudicassent.
1168 1245 1292 1287 Hanc
1330 1232 1503 1314 verossg

38 1314 72 1339 20
92 1304 135 1343 in
167 1303 336 1346 Palatio
376 1307 502 1358 atque
540 1305 585 1345 in
623 1304 909 1358 pulcherrimo
942 1304 1060 1345 urbis
1091 1305 1185 1346 loco
1217 1305 1431 1359 porticum

94 1376 184 1403 esse
222 1362 462 1416 patiemini,
499 1361 654 1403 furoris
693 1362 930 1415 tribunicii,
969 1363 1141 1404 sceleris
1184 1363 1431 1417 consularis,

94 1419 357 1462 crudelitatis
390 1421 720 1473 coniuratorum,
752 1420 1011 1462 calamitatis
1036 1421 1098 1462 rei
1122 1421 1328 1476 publicae,
1361 1421 1430 1462 do-

94 1478 198 1519 loiis
243 1479 326 1519 mei
371 1478 553 1520 defixum
597 1454 800 1521 111(110111111
846 1480 898 1520 ad
942 1480 1195 1521 memmiam
1241 1480 1430 1521 omnium

95 1537 285 1592 gentium
337 1538 668 1592 sempiternam?
721 1552 847 1592 quam
892 1538 1104 1591 porticum
1148 1553 1225 1592 pio
1274 1553 1430 1592 amore,

42 1606 74 1633 25
96 1610 219 1650 quem
258 1595 427 1637 habetis
465 1596 509 1637 in
546 1610 635 1637 rem
674 1596 889 1651 publicam
928 1599 970 1637 et
1008 1611 1175 1650 semper
1205 1597 1431 1650 habuistis,

94 1669 180 1695 non
207 1654 331 1695 modo
353 1655 587 1707 sententiis,
613 1655 698 1707 sed,
726 1654 761 1695 si
781 1669 888 1709 opus
910 1658 1033 1709 esset,
1059 1655 1255 1697 manibus
1276 1656 1430 1697 vestris

95 1713 336 1754 disturbare
370 1714 599 1767 cuperetis,
638 1712 720 1753 nisi
753 1727 877 1766 quem
909 1713 1020 1754 forte
1052 1714 1168 1755 illius
1202 1714 1431 1757 castissimi

97 1771 329 1813 sacerdotis
363 1771 663 1826 superstitiosa
695 1771 902 1812 dedicatio
936 1771 1132 1814 deterret.

183 1830 218 1871 O
250 1844 358 1884 rem,
391 1844 517 1884 quam
549 1829 742 1871 homines
776 1830 906 1870 soluti
938 1830 1073 1872 ridere
1104 1845 1190 1873 non
1221 1831 1503 1885 desinant,104

45 1898 76 1924 30
96 1888 310 1930 tristiores
367 1890 522 1929 autem
567 1888 657 1929 sine
706 1902 905 1929 maxumo
956 1888 1101 1930 dolore
1151 1890 1296 1931 audire
1344 1904 1431 1931 non

96 1946 280 2001 possint!
342 1946 573 1988 Publiusne
606 1945 793 2000 Clodius,
825 1946 897 2001 qui
928 1961 977 1988 ex
1009 1948 1223 2001 pontificis
1256 1948 1432 1989 maximi

98 2004 222 2047 domo
254 2005 505 2059 religionem
539 2005 707 2060 eripuit,
739 2005 775 2046 is
807 2006 852 2046 in
877 2019 1016 2047 meam
1041 2007 1216 2048 intulit?
1260 2005 1431 2048 Huncin

98 2077 191 2115 vos,
227 2063 298 2117 qui
337 2064 440 2104 estis
481 2064 696 2105 antistites
736 2063 1088 2106 caerimoniarum
1128 2068 1169 2106 et
1202 2079 1431 2118 sacrorum,

99 2124 314 2162 auctorem
357 2121 525 2163 habetis
570 2125 613 2164 et
653 2122 909 2177 magistrum
946 2123 1142 2177 publicae
1180 2122 1430 2178 religionis?

46 2178 134 2221 350
178 2179 220 2220 di
263 2179 544 2221 immortales!
590 2178 684 2235 (vos
727 2180 837 2221 enim
882 2180 985 2223 haec
1029 2181 1173 2223 audire
1212 2179 1353 2236 cupio)
1384 2180 1429 2222 P.

99 2236 273 2279 Clodius
298 2240 441 2279 vestra
468 2252 588 2280 sacra
614 2241 745 2292 curat,
776 2242 966 2280 vestrum
991 2254 1147 2280 numen
1172 2238 1331 2292 horret,
1362 2253 1429 2280 res

100 2295 237 2337 omnis
269 2295 479 2337 humanas
506 2296 712 2351 religione
740 2300 882 2339 vestra
909 2297 1116 2339 contineri
1141 2297 1294 2351 putat?
1349 2296 1430 2339 Hic
