1619 2542
503 71 602 107 CAP.
631 76 768 107 13-15
795 75 814 114 ξ
840 75 990 107 37-42.
1363 71 1414 112 51

79 168 223 221 nobis,
262 183 389 222 quam
421 168 712 210 condicionem
744 168 958 210 vobismet
989 167 1114 223 ipsis,
1148 182 1276 222 quam
1309 168 1421 209 deni·

82 242 163 282 que
189 227 354 268 civitati
379 227 520 282 legem
546 227 806 268 constituere
831 227 986 268 velitis.
1036 226 1223 268 Huiusce
1250 227 1420 281 generis

81 301 166 327 una
198 288 263 327 est
290 287 400 327 actio
426 300 502 340 per
527 285 608 326 1100
633 286 921 340 interdictum,
955 300 1038 340 quo
1064 299 1142 327 nos
1169 286 1235 327 usi
1262 300 1420 338 sumus,

82 345 334 398 constituta3
372 359 421 385 ea
459 344 496 385 si
526 344 635 385 nihil
667 345 782 386 valet
814 347 887 386 aut
918 345 954 385 si
987 344 1041 385 ad
1072 344 1182 386 hanc
1213 359 1304 386 rem
1335 359 1422 385 non

44 414 62 440 5
81 404 278 459 pertinet,
311 403 411 457 quid
436 403 734 457 neglegentius
762 406 836 444 aut
861 403 962 457 quid
988 403 1162 444 stultius
1187 403 1421 445 maioribus

81 463 241 504 nostris
273 462 353 503 dici
384 464 540 516 potest,
574 463 645 516 qui
678 464 752 503 aut
784 465 930 503 tantae
962 462 1024 503 rei
1054 461 1423 516 praetermiserint

83 521 292 563 actionem
325 523 399 561 aut
428 535 519 561 eam
546 520 856 574 constituerint⁷
887 535 994 575 quae
1018 535 1290 575 nequaquam
1317 521 1422 562 satis

81 579 222 621 verbis
261 593 433 620 causam
466 582 509 620 et
538 579 751 620 rationem
783 579 886 621 iuris
920 579 1278 633 amplecteretur?
1328 578 1423 621 Hoc

82 641 146 680 est
177 638 479 692 periculosum,
513 638 689 679 dissolvi
720 638 801 680 1100
832 638 1124 693 interdictum,
1164 641 1229 680 est
1262 638 1423 693 captio-

29 708 63 733 10
83 712 176 739 sum
217 697 414 738 omnibus
455 711 545 738 rem
586 697 721 738 ullam
762 697 965 738 constitui
1007 697 1096 738 eius
1137 697 1270 750 modi,
1315 712 1422 751 quae

82 771 178 799 cum
210 756 340 797 armis
373 758 496 811 gesta
528 756 603 808 sit,
634 755 817 797 rescindi
847 755 938 797 iure
970 770 1057 797 non
1087 757 1244 811 possit3
1274 771 1424 797 verum

82 819 227 856 tamen
257 814 364 856 illud
396 817 460 856 est
486 814 796 870 turpissimum,
827 817 975 856 tantae
1003 815 1213 856 stultitiae
1241 815 1424 868 pruden-

81 873 272 916 tissimos
309 873 505 915 homines
544 873 834 927 condemnari,
871 877 919 914 ut
954 888 1031 915 vos
1071 873 1265 915 iudicetis
1297 873 1423 915 huius

82 932 145 974 rei
180 931 246 973 ius
285 935 412 987 atque
451 932 665 974 actionem
698 933 743 973 in
775 934 962 973 mentem
994 932 1229 974 maioribus
1262 932 1424 974 nostris

30 1000 64 1028 15
82 1006 168 1033 non
197 991 376 1032 venisse.

173 1048 460 1103 ‘Queramur'‚
503 1050 660 1104 inquit,
704 1048 840 1103 ‘licet3
884 1052 1029 1090 tamen
1072 1049 1154 1091 hoc
1194 1049 1422 1091 interdicto
1451 1048 1490 1079 41

83 1109 294 1150 Aebutius
325 1123 411 1150 11011
442 1107 637 1150 tenetur?
689 1107 799 1157 Quid
823 1108 913 1149 ita?
963 1107 1100 1157 ‘Quod
1127 1109 1192 1149 vis
1220 1107 1425 1150 Caecinae

83 1168 198 1209 facta
228 1182 317 1209 non
349 1166 445 1208 est.'
507 1166 604 1208 Dici
634 1167 679 1208 in
710 1167 790 1208 hac
828 1181 956 1208 causa
994 1169 1153 1221 potest,
1192 1167 1267 1208 ubi
1307 1182 1426 1208 arma

83 1227 257 1276 fuerint,
294 1226 367 1267 ubi
404 1228 552 1267 coacta
582 1226 806 1267 hominum
839 1225 1088 1278 multitudo,
1119 1226 1193 1267 ubi
1225 1226 1426 1267 instructi

32 1295 66 1320 ‘20
86 1288 128 1326 et
158 1285 284 1326 certis
318 1284 422 1326 locis
450 1299 545 1326 cum
570 1284 683 1326 ferro
710 1284 905 1326 11011111103
931 1285 1140 1338 collocati,
1172 1285 1245 1325 ubi
1272 1285 1425 1337 minae,

84 1343 272 1398 pericula
290 1346 558 1398 terroresque
577 1344 740 1397 mortis,
760 1343 820 1384 ibi
840 1343 927 1384 vim
946 1357 1033 1384 non
1052 1343 1214 1384 fuisse?
1242 1341 1425 1396 ‘Nemo’7

84 1403 237 1457 inquit,
269 1401 446 1443 ‘occisus
467 1405 532 1443 est
550 1416 685 1456 neque
707 1400 947 1443 sauciatus?
997 1400 1106 1449 Quid
1127 1401 1220 1442 ais‘?
1253 1416 1348 1442 cum
1374 1401 1424 1442 cle

86 1461 367 1515 possessionis
406 1461 696 1502 controversia
733 1463 775 1501 et
813 1460 863 1500 de
901 1461 1167 1513 privatorum
1199 1460 1424 1501 hominum

88 1519 361 1561 contentione
404 1519 507 1560 iuris
545 1520 786 1573 loquamur,
828 1522 876 1559 tu
913 1518 998 1558 vim
1036 1518 1215 1571 negabis
1252 1519 1424 1572 factam,

34 1587 68 1614 25
89 1579 124 1619 31
163 1577 310 1619 caedes
350 1580 391 1618 et
429 1577 583 1618 occisio
628 1577 744 1618 facta
780 1591 869 1617 non
908 1576 1015 1618 erit?
1076 1576 1171 1631 Ego
1214 1578 1423 1618 exercitus

88 1637 296 1678 maximos
341 1650 465 1689 saepe
509 1636 653 1689 pulsos
695 1640 737 1676 et
778 1635 949 1689 fugatos
992 1649 1084 1676 esse
1127 1635 1220 1676 dico
1261 1638 1423 1676 terrore

87 1697 180 1750 ipso
222 1696 467 1749 impetuque
508 1694 696 1735 hostium
741 1693 831 1734 sine
877 1693 1126 1748 cuiusquam
1164 1708 1252 1736 non
1296 1694 1422 1735 modo

89 1756 241 1807 morte,
278 1768 426 1795 verum
465 1753 593 1794 etiam
625 1752 811 1794 vulnere.
866 1752 1057 1806 Etenim,
1093 1755 1423 1807 recuperatores,
1441 1738 1495 1820 13

89 1827 176 1854 non
208 1827 257 1854 ea
289 1813 380 1853 sola
413 1812 476 1853 vis
510 1814 590 1860 est,
629 1825 736 1865 quae
775 1810 827 1851 ad
866 1825 1017 1864 corpus
1049 1814 1243 1852 nostrum
1274 1812 1425 1852 vitam·
1475 1809 1494 1820 ⁸

37 1881 72 1906 30
91 1885 171 1926 que
197 1871 402 1924 pervenit,
435 1871 505 1911 sed
532 1870 660 1911 etiam
687 1869 821 1911 multo
847 1870 984 1911 maior
1010 1884 1071 1924 ea,
1103 1884 1208 1924 quae
1233 1869 1423 1925 periculo

90 1930 238 1971 mortis
289 1929 445 1971 iniecto
497 1928 720 1969 formidine
771 1928 959 1969 animum
1007 1929 1280 1983 perterritum
1329 1929 1423 1970 1000

92 2002 215 2042 saepe
248 1990 290 2029 et
321 1991 437 2029 certo
472 1987 520 2028 cle
555 1989 672 2028 statu
704 1987 908 2027 demovet.
963 1986 1115 2040 Itaque
1142 1987 1273 2028 saucii
1298 2001 1423 2040 saepe

89 2047 282 2088 homines
314 2060 409 2087 cum
442 2060 614 2100 corpore
648 2045 942 2099 debilitantur,
981 2046 1120 2087 animo
1161 2049 1305 2087 tamen
1336 2059 1424 2086 non

91 2105 245 2147 cedunt
274 2119 411 2159 neque
444 2119 538 2146 eum
569 2104 817 2158 relinquunt
846 2104 998 2158 locum,
1029 2119 1153 2158 quem
1181 2106 1424 2145 statuerunt

36 2172 72 2198 35
92 2163 334 2217 defendere3
378 2166 423 2204 at
459 2163 531 2204 alii
568 2163 785 2216 pelluntur
821 2162 995 2217 integri3
1037 2166 1086 2204 ut
1122 2177 1210 2203 non
1249 2162 1423 2202 dubium

93 2223 166 2275 sit,
207 2222 308 2275 quin
338 2221 474 2263 maior
513 2221 702 2262 adhibita
733 2221 796 2262 vis
829 2221 867 2262 ei
898 2221 969 2275 sit,
1008 2222 1126 2263 cuius
1166 2220 1333 2262 animus
1366 2220 1424 2261 sit

91 2280 361 2335 perterritus,
405 2294 532 2334 quam
569 2280 651 2333 illi,
696 2279 813 2321 cuius
856 2293 1007 2334 corpus
1049 2281 1316 2321 vulneratum
1355 2278 1422 2319 sit.

1154 2346 1204 2381 4*
