1687 2533
547 84 649 120 CAP.
678 87 816 118 12—14
841 87 860 125 ,3
886 88 1035 119 34—40.
1375 83 1460 125 353

121 179 265 223 Sullae
291 180 548 233 rettulisset3
581 180 722 234 etiam,
754 182 804 221 ut
829 180 1027 234 arbitror,
1059 194 1155 221 cum
1182 179 1460 222 auctoritates

119 239 359 294 principum
404 239 708 280 coniurationis
751 239 804 280 ad
848 238 1088 280 incitandos
1133 238 1298 280 animos
1341 238 1461 280 Allo-

119 298 304 353 brogum
344 298 566 353 colligeret
598 296 792 351 Cassius,
830 300 873 339 et
904 312 999 339 cum
1031 297 1160 339 sciret
1191 300 1358 339 exteras
1390 312 1462 338 na-

120 358 259 398 tiones
286 356 468 397 maxime
493 356 720 397 nobilitate
747 356 922 410 moveri,
947 371 1035 398 non
1059 356 1178 411 prius
1199 356 1461 398 Autronium

86 427 250 470 5quam
284 414 448 456 Sullam
486 415 808 456 nominavisset.
869 415 961 456 Iam
1001 415 1100 456 Vero
1138 415 1247 456 illud
1285 415 1461 468 probari

122 474 295 515 minime
345 476 507 528 potest,
557 472 706 515 Gallos
757 473 971 515 Autronio
1014 474 1236 515 nominato
1288 476 1462 528 putasse

0 566 3 587 ,
122 535 297 586 propter
329 532 590 573 calamitatis
619 532 941 574 similitudinem
969 532 1052 573 sibi
1078 532 1237 586 aliquid
1264 532 1313 573 de
1341 531 1463 574 Sulla

0 592 3 596 '
124 606 214 632 esse
254 591 560 645 quaerendum,
599 589 766 644 Cassio,
804 592 840 632 si
876 591 945 633 hic
978 593 1090 632 esset
1120 591 1166 632 in
1198 591 1346 632 eodem
1378 605 1464 632 sce2

124 650 225 703 lere,
255 664 309 690 ne
342 664 437 691 cum
471 649 734 704 appellasset
761 650 930 704 quidem
957 649 1229 703 Autronium,
1260 649 1387 691 huius
1418 649 1463 690 in

70 721 104 745 10
126 711 312 750 mentem
349 708 493 749 venire
531 709 733 762 potuisse.
802 708 883 750 Sed
914 709 1067 750 ‘tamen
1105 708 1206 763 quid
1242 708 1464 763 respondit

125 768 174 809 de
208 766 328 808 Sulla
361 766 560 808 Cassius?
623 766 675 808 Se
706 769 870 809 nescire
903 770 1078 809 certum.
1128 767 1244 809 ‘Non
1276 766 1463 822 purgat’,

123 826 274 880 inquit.
318 825 418 867 Dixi
450 828 595 867 antea:
626 825 692 867 Ne
725 827 762 867 si
794 829 994 881 argueret
1027 826 1195 881 quidem
1227 828 1320 867 tum
1352 826 1465 867 deni-

126 899 217 939 que,
249 899 343 926 cum
377 887 488 926 esset
513 884 818 940 interrogatus,
849 886 891 926 id
917 885 1024 926 mihi
1050 885 1325 926 criminosum
1352 884 1463 925 vide-

124 946 252 985 retur.
315 942 396 984 Sed
440 957 519 999 ego
563 944 608 984 in
650 944 817 985 indiciis
856 947 898 985 et
934 944 979 985 in
1017 943 1339 997 quaestionibus
1378 957 1464 984 non

74 1014 107 1039 15
127 1002 208 1043 hoc
249 1002 533 1056 quaerendum
573 1002 777 1056 arbitror,
819 1017 923 1044 num
959 1006 1168 1057 purgetur
1204 1002 1354 1056 aliqui,
1393 1001 1465 1042 sed

124 1075 227 1102 num
260 1063 476 1116 arguatur.
538 1060 710 1102 Etenim
749 1076 845 1103 cum
883 1076 927 1102 se
964 1064 1097 1116 negat
1135 1061 1241 1115 scire
1275 1060 1462 1113 Cassius,

125 1122 270 1161 utrum
316 1120 512 1161 sublevat
553 1118 713 1161 Sullam
761 1135 813 1161 an
853 1120 958 1162 satis
996 1121 1154 1175 probat
1193 1134 1237 1161 se
1274 1119 1465 1161 nescire?

127 1176 350 1219 ‘Sublevat
401 1178 513 1233 apud
562 1177 736 1220 Gallos?
800 1178 910 1227 Quid
958 1179 1049 1220 ita?
1120 1178 1200 1220 eNe
1250 1176 1464 1220 indicent.’

127 1236 264 1285 Quid?
310 1237 346 1278 si
389 1236 624 1292 periculum
669 1252 761 1279 esse
805 1239 1016 1292 putasset,
1058 1251 1111 1278 ne
1155 1237 1220 1278 1111
1262 1251 1466 1291 umquam

73 1307 108 1332 20
127 1296 373 1349 indicarent,
405 1295 455 1336 de
488 1310 532 1337 se
562 1296 655 1350 ipse
686 1295 905 1337 confessus
939 1296 1080 1336 esset?
1143 1294 1323 1336 ‘Nesciit
1353 1295 1466 1336 vide-

127 1353 254 1395 licet.'
327 1353 691 1396 Credo·eelatum
737 1368 828 1395 esse
871 1353 1067 1395 Cassium
1112 1354 1161 1394 de
1204 1352 1323 1394 Sulla
1365 1368 1466 1406 uno3

127 1427 227 1453 nam
260 1412 309 1453 de
342 1412 491 1453 ceteris
525 1415 637 1453 certe
670 1413 853 1466 sciebat3
887 1412 1044 1453 etenim
1071 1412 1185 1452 domi
1217 1412 1305 1453 eius
1330 1413 1467 1467 plera-

130 1485 210 1525 que
248 1470 430 1511 conflata
470 1485 561 1511 esse
601 1471 838 1512 constabat.
901 1469 983 1518 Qui
1012 1484 1169 1524 negare
1200 1470 1342 1511 noluit
1375 1484 1466 1511 esse

128 1529 175 1570 in
218 1543 266 1570 eo
309 1543 486 1570 numero
532 1527 714 1583 Sullam,
759 1543 840 1583 quo
885 1530 980 1582 plus
1024 1529 1114 1582 spei
1154 1527 1291 1570 Gallis
1337 1529 1468 1583 daret,

76 1599 111 1625 25
131 1588 268 1629 dicere
321 1589 464 1629 autem
507 1587 665 1628 falsum
708 1602 795 1629 non
839 1601 966 1628 ausus
1011 1590 1094 1641 est,
1142 1588 1305 1629 nescire
1350 1587 1467 1628 dixit.

131 1645 267 1700 Atqui
304 1646 385 1687 hoc
426 1645 697 1699 perspicuum
736 1650 819 1699 est,
857 1660 953 1687 cum
989 1646 1043 1699 is,
1083 1647 1154 1700 qui
1187 1645 1236 1687 de
1269 1646 1466 1688 omnibus

132 1705 289 1757 scierit,
333 1704 382 1745 de
423 1703 539 1746 Sulla
578 1719 622 1745 se
662 1704 768 1745 scire
805 1705 992 1759 negarit,
1034 1704 1211 1746 eandem
1251 1719 1342 1746 esse
1379 1705 1467 1746 vim

130 1763 378 1819 negationis
416 1763 560 1815 huius,
599 1777 724 1816 quam
764 1763 800 1803 si
835 1765 955 1804 extra
986 1762 1324 1805 coniurationem
1356 1763 1467 1805 hunc

133 1837 224 1864 esse
257 1836 300 1863 se
333 1822 438 1863 scire
471 1821 658 1862 dixisset.
700 1820 815 1862 Nam
847 1822 964 1863 cuius
997 1821 1220 1863 scientiam
1252 1822 1302 1863 de
1334 1822 1468 1864 omni-

79 1891 115 1916 30
134 1881 211 1922 bus
250 1882 419 1922 constat
449 1879 600 1933 fuisse,
638 1879 726 1920 eius
758 1880 975 1935 ignoratio
1008 1879 1057 1920 de
1090 1880 1234 1934 aliquo
1266 1880 1468 1936 purgatio

135 1939 259 1980 debet
288 1938 433 1980 videri.
496 1937 578 1979 Sed
608 1938 694 1979 iam
726 1953 813 1979 non
846 1952 1020 1992 quaero,
1050 1941 1261 1994 purgetne
1295 1938 1468 1980 Cassius

135 1996 317 2050 Sullam3
355 1997 462 2038 illud
501 1996 607 2038 mihi
642 1999 811 2038 tantum
851 1996 958 2039 satis
995 1999 1079 2051 est,
1120 2000 1270 2039 contra
1303 1996 1468 2038 Sullam

134 2055 242 2096 nihil
274 2070 364 2096 esse
395 2055 440 2096 in
470 2054 638 2096 indicio.

1488 435 1534 465 38

1491 964 1535 995 39

222 2113 430 2155 Exclusus
479 2114 559 2155 hac
609 2113 904 2155 criminatione
948 2113 1188 2170 Torquatus
1233 2128 1379 2155 rursus
1422 2113 1467 2154 in
1486 2112 1540 2152 14

83 2182 117 2209 35
137 2186 203 2212 me
240 2172 382 2226 irruit,
420 2187 487 2213 me
526 2175 712 2225 accusat3
755 2173 816 2213 ait
847 2187 914 2214 me
946 2173 1088 2227 aliter,
1127 2187 1175 2214 ac
1207 2172 1368 2213 dictum
1399 2172 1468 2224 sit,
1494 2165 1539 2195 40

136 2230 181 2271 in
211 2230 382 2271 tabulas
413 2230 606 2284 publicas
632 2230 860 2273 rettulisse.
903 2230 938 2272 O
966 2231 1008 2272 di
1032 2230 1300 2272 inmortales!
1328 2228 1468 2285 (vobis

138 2287 250 2329 enim
275 2289 430 2342 tribuo,
457 2303 564 2343 quae
583 2292 725 2330 vestra
752 2291 861 2344 sunt,
886 2303 963 2331 nec
982 2304 1083 2331 vero
1103 2303 1278 2344 possum
1298 2290 1468 2330 tantum

208 2361 279 2388 CIC.
298 2363 339 2389 11.
359 2363 382 2388 2.
1214 2360 1257 2391 23
