<?xml version="1.0" encoding="UTF-8"?>
<!DOCTYPE html PUBLIC "-//W3C//DTD XHTML 1.0 Transitional//EN"
    "http://www.w3.org/TR/xhtml1/DTD/xhtml1-transitional.dtd">
<html xmlns="http://www.w3.org/1999/xhtml" xml:lang="en" lang="en">
 <head>
  <title>
</title>
<meta http-equiv="Content-Type" content="text/html;charset=utf-8" />
  <meta name='ocr-system' content='tesseract 3.04.00' />
  <meta name='ocr-capabilities' content='ocr_page ocr_carea ocr_par ocr_line ocrx_word'/>
</head>
<body>
  <div class='ocr_page' id='page_1' title='image "./p2scriptaquaemanse02ciceuoft_0465.png"; bbox 0 0 1619 2542; ppageno 0'>
   <div class='ocr_carea' id='block_1_1' title="bbox 537 50 1452 93">
    <p class='ocr_par' dir='ltr' id='par_1_1' title="bbox 537 50 1452 93">
     <span class='ocr_line' id='line_1_1' title="bbox 537 50 1452 93; baseline 0.007 -7"><span class='ocrx_word' id='word_1_1' title='bbox 537 50 638 86; x_wconf 86' lang='lat' dir='ltr'>CAP.</span> <span class='ocrx_word' id='word_1_2' title='bbox 668 54 805 85; x_wconf 80' lang='lat'>13—15</span> <span class='ocrx_word' id='word_1_3' title='bbox 832 53 851 93; x_wconf 63' lang='grc' dir='ltr'>ξ</span> <span class='ocrx_word' id='word_1_4' title='bbox 878 54 1029 86; x_wconf 82' lang='lat'><strong>29—33.</strong></span> <span class='ocrx_word' id='word_1_5' title='bbox 1368 51 1452 92; x_wconf 83' lang='lat'>313</span> 
     </span>
    </p>
   </div>
   <div class='ocr_carea' id='block_1_2' title="bbox 34 145 1534 2299">
    <p class='ocr_par' dir='ltr' id='par_1_2' title="bbox 105 145 1452 380">
     <span class='ocr_line' id='line_1_2' title="bbox 107 145 1452 201; baseline -0.002 -11"><span class='ocrx_word' id='word_1_6' title='bbox 107 149 143 191; x_wconf 91' lang='lat' dir='ltr'>si</span> <span class='ocrx_word' id='word_1_7' title='bbox 182 148 325 190; x_wconf 86' lang='lat' dir='ltr'>omnia</span> <span class='ocrx_word' id='word_1_8' title='bbox 362 147 496 201; x_wconf 89' lang='lat' dir='ltr'>bella,</span> <span class='ocrx_word' id='word_1_9' title='bbox 535 160 642 200; x_wconf 89' lang='lat' dir='ltr'>quae</span> <span class='ocrx_word' id='word_1_10' title='bbox 674 160 770 188; x_wconf 89' lang='lat' dir='ltr'>cum</span> <span class='ocrx_word' id='word_1_11' title='bbox 803 145 977 188; x_wconf 84' lang='lat' dir='ltr'>Graecis</span> <span class='ocrx_word' id='word_1_12' title='bbox 1005 146 1231 201; x_wconf 78' lang='lat' dir='ltr'>gessimus,</span> <span class='ocrx_word' id='word_1_13' title='bbox 1263 148 1452 188; x_wconf 88' lang='lat' dir='ltr'>contem-</span> 
     </span>
     <span class='ocr_line' id='line_1_3' title="bbox 105 204 1451 261; baseline -0.002 -12"><span class='ocrx_word' id='word_1_14' title='bbox 105 207 245 249; x_wconf 86' lang='lat' dir='ltr'>nenda</span> <span class='ocrx_word' id='word_1_15' title='bbox 294 209 411 261; x_wconf 92' lang='lat' dir='ltr'>sunt,</span> <span class='ocrx_word' id='word_1_16' title='bbox 462 205 703 247; x_wconf 73' lang='lat' dir='ltr'>derideatur</span> <span class='ocrx_word' id='word_1_17' title='bbox 756 204 806 246; x_wconf 91' lang='lat' dir='ltr'>de</span> <span class='ocrx_word' id='word_1_18' title='bbox 850 218 950 260; x_wconf 88' lang='lat' dir='ltr'>rege</span> <span class='ocrx_word' id='word_1_19' title='bbox 992 204 1160 260; x_wconf 87' lang='lat' dir='ltr'>Pyrrho</span> <span class='ocrx_word' id='word_1_20' title='bbox 1206 204 1451 260; x_wconf 81' lang='lat' dir='ltr'>triumphus</span> 
     </span>
     <span class='ocr_line' id='line_1_4' title="bbox 107 262 1452 320; baseline -0.002 -12"><span class='ocrx_word' id='word_1_21' title='bbox 107 266 176 308; x_wconf 89' lang='lat' dir='ltr'>M’.</span> <span class='ocrx_word' id='word_1_22' title='bbox 196 265 310 320; x_wconf 83' lang='lat' dir='ltr'>Curi,</span> <span class='ocrx_word' id='word_1_23' title='bbox 336 265 387 306; x_wconf 90' lang='lat' dir='ltr'>de</span> <span class='ocrx_word' id='word_1_24' title='bbox 411 263 615 319; x_wconf 90' lang='lat' dir='ltr'>Philippo</span> <span class='ocrx_word' id='word_1_25' title='bbox 642 263 688 305; x_wconf 90' lang='lat' dir='ltr'>T.</span> <span class='ocrx_word' id='word_1_26' title='bbox 708 262 952 318; x_wconf 83' lang='lat' dir='ltr'>Flaminini,</span> <span class='ocrx_word' id='word_1_27' title='bbox 978 263 1029 305; x_wconf 89' lang='lat' dir='ltr'>de</span> <span class='ocrx_word' id='word_1_28' title='bbox 1055 263 1221 306; x_wconf 84' lang='lat' dir='ltr'>Aetolis</span> <span class='ocrx_word' id='word_1_29' title='bbox 1242 263 1299 305; x_wconf 87' lang='lat' dir='ltr'>M.</span> <span class='ocrx_word' id='word_1_30' title='bbox 1315 263 1452 317; x_wconf 85' lang='lat' dir='ltr'>Fulvi,</span> 
     </span>
     <span class='ocr_line' id='line_1_5' title="bbox 109 321 1452 380; baseline -0.003 -13"><span class='ocrx_word' id='word_1_31' title='bbox 109 325 158 367; x_wconf 89' lang='lat' dir='ltr'>de</span> <span class='ocrx_word' id='word_1_32' title='bbox 190 338 290 380; x_wconf 89' lang='lat' dir='ltr'>rege</span> <span class='ocrx_word' id='word_1_33' title='bbox 322 324 450 365; x_wconf 88' lang='lat' dir='ltr'>Perse</span> <span class='ocrx_word' id='word_1_34' title='bbox 483 322 528 364; x_wconf 94' lang='lat' dir='ltr'>L.</span> <span class='ocrx_word' id='word_1_35' title='bbox 548 322 687 376; x_wconf 90' lang='lat' dir='ltr'>Pauli,</span> <span class='ocrx_word' id='word_1_36' title='bbox 721 322 771 363; x_wconf 91' lang='lat' dir='ltr'>de</span> <span class='ocrx_word' id='word_1_37' title='bbox 803 322 1168 378; x_wconf 84' lang='lat' dir='ltr'>Pseudophilippo</span> <span class='ocrx_word' id='word_1_38' title='bbox 1203 321 1250 371; x_wconf 84' lang='lat' dir='ltr'>Q.</span> <span class='ocrx_word' id='word_1_39' title='bbox 1270 321 1452 377; x_wconf 85' lang='lat' dir='ltr'>Metelli,</span> 
     </span>
    </p>

    <p class='ocr_par' dir='ltr' id='par_1_3' title="bbox 72 380 1452 673">
     <span class='ocr_line' id='line_1_6' title="bbox 72 380 1451 437; baseline -0.001 -12"><span class='ocrx_word' id='word_1_40' title='bbox 72 393 88 420; x_wconf 90' lang='lat'>5</span> <span class='ocrx_word' id='word_1_41' title='bbox 109 384 159 425; x_wconf 91' lang='lat' dir='ltr'>de</span> <span class='ocrx_word' id='word_1_42' title='bbox 192 382 426 425; x_wconf 83' lang='lat' dir='ltr'>Corinthiis</span> <span class='ocrx_word' id='word_1_43' title='bbox 457 381 504 423; x_wconf 90' lang='lat' dir='ltr'>L.</span> <span class='ocrx_word' id='word_1_44' title='bbox 535 380 729 422; x_wconf 85' lang='lat' dir='ltr'>Mummi.</span> <span class='ocrx_word' id='word_1_45' title='bbox 785 380 859 422; x_wconf 88' lang='lat' dir='ltr'>Sin</span> <span class='ocrx_word' id='word_1_46' title='bbox 897 381 1001 423; x_wconf 89' lang='lat' dir='ltr'>haec</span> <span class='ocrx_word' id='word_1_47' title='bbox 1038 381 1153 423; x_wconf 91' lang='lat' dir='ltr'>bella</span> <span class='ocrx_word' id='word_1_48' title='bbox 1192 382 1451 437; x_wconf 86' lang='lat' dir='ltr'>gravissima</span> 
     </span>
     <span class='ocr_line' id='line_1_7' title="bbox 106 439 1452 496; baseline -0.001 -13"><span class='ocrx_word' id='word_1_49' title='bbox 106 442 394 496; x_wconf 84' lang='lat' dir='ltr'>victoriaeque</span> <span class='ocrx_word' id='word_1_50' title='bbox 434 454 581 482; x_wconf 88' lang='lat' dir='ltr'>eorum</span> <span class='ocrx_word' id='word_1_51' title='bbox 612 439 824 481; x_wconf 89' lang='lat' dir='ltr'>bellorum</span> <span class='ocrx_word' id='word_1_52' title='bbox 856 440 1119 482; x_wconf 82' lang='lat' dir='ltr'>clarissimae</span> <span class='ocrx_word' id='word_1_53' title='bbox 1151 440 1341 494; x_wconf 86' lang='lat' dir='ltr'>fuerunt,</span> <span class='ocrx_word' id='word_1_54' title='bbox 1378 455 1452 482; x_wconf 90' lang='lat' dir='ltr'>cur</span> 
     </span>
     <span class='ocr_line' id='line_1_8' title="bbox 107 498 1450 553; baseline -0.002 -10"><span class='ocrx_word' id='word_1_55' title='bbox 107 500 326 543; x_wconf 75' lang='lat' dir='ltr'>Asiaticae</span> <span class='ocrx_word' id='word_1_56' title='bbox 356 499 553 541; x_wconf 91' lang='lat' dir='ltr'>nationes</span> <span class='ocrx_word' id='word_1_57' title='bbox 588 501 716 553; x_wconf 89' lang='lat' dir='ltr'>atque</span> <span class='ocrx_word' id='word_1_58' title='bbox 748 498 821 539; x_wconf 89' lang='lat' dir='ltr'>ille</span> <span class='ocrx_word' id='word_1_59' title='bbox 849 514 874 539; x_wconf 88' lang='lat' dir='ltr'>a</span> <span class='ocrx_word' id='word_1_60' title='bbox 898 501 941 540; x_wconf 89' lang='lat' dir='ltr'>te</span> <span class='ocrx_word' id='word_1_61' title='bbox 965 498 1104 540; x_wconf 88' lang='lat' dir='ltr'>hostis</span> <span class='ocrx_word' id='word_1_62' title='bbox 1131 499 1450 541; x_wconf 73' lang='lat' dir='ltr'>contemnitur?</span> 
     </span>
     <span class='ocr_line' id='line_1_9' title="bbox 108 557 1451 614; baseline -0.002 -12"><span class='ocrx_word' id='word_1_63' title='bbox 108 560 243 614; x_wconf 89' lang='lat' dir='ltr'>Atqui</span> <span class='ocrx_word' id='word_1_64' title='bbox 280 573 331 601; x_wconf 82' lang='lat' dir='ltr'>ex</span> <span class='ocrx_word' id='word_1_65' title='bbox 368 561 559 600; x_wconf 79' lang='lat' dir='ltr'>veterum</span> <span class='ocrx_word' id='word_1_66' title='bbox 597 571 740 599; x_wconf 91' lang='lat' dir='ltr'>rerum</span> <span class='ocrx_word' id='word_1_67' title='bbox 778 557 1068 599; x_wconf 89' lang='lat' dir='ltr'>monumentis</span> <span class='ocrx_word' id='word_1_68' title='bbox 1106 558 1175 599; x_wconf 87' lang='lat' dir='ltr'>vel</span> <span class='ocrx_word' id='word_1_69' title='bbox 1215 557 1451 599; x_wconf 80' lang='lat' dir='ltr'>maximum</span> 
     </span>
     <span class='ocr_line' id='line_1_10' title="bbox 107 615 1451 673; baseline -0.002 -12"><span class='ocrx_word' id='word_1_70' title='bbox 107 619 266 661; x_wconf 87' lang='lat' dir='ltr'>bellum</span> <span class='ocrx_word' id='word_1_71' title='bbox 297 617 504 673; x_wconf 91' lang='lat' dir='ltr'>populum</span> <span class='ocrx_word' id='word_1_72' title='bbox 535 616 776 658; x_wconf 85' lang='lat' dir='ltr'>Romanum</span> <span class='ocrx_word' id='word_1_73' title='bbox 809 630 904 657; x_wconf 89' lang='lat' dir='ltr'>cum</span> <span class='ocrx_word' id='word_1_74' title='bbox 938 617 1074 671; x_wconf 90' lang='lat' dir='ltr'>[rege]</span> <span class='ocrx_word' id='word_1_75' title='bbox 1104 615 1322 658; x_wconf 88' lang='lat' dir='ltr'>Antiocho</span> <span class='ocrx_word' id='word_1_76' title='bbox 1356 629 1451 671; x_wconf 87' lang='lat' dir='ltr'>ges-</span> 
     </span>
    </p>

    <p class='ocr_par' dir='ltr' id='par_1_4' title="bbox 55 674 1522 967">
     <span class='ocr_line' id='line_1_11' title="bbox 55 674 1450 730; baseline -0.001 -11"><span class='ocrx_word' id='word_1_77' title='bbox 55 687 88 713; x_wconf 87' lang='lat'>10</span> <span class='ocrx_word' id='word_1_78' title='bbox 109 678 215 719; x_wconf 87' lang='lat' dir='ltr'>sisse</span> <span class='ocrx_word' id='word_1_79' title='bbox 253 676 395 730; x_wconf 83' lang='lat' dir='ltr'>vide03</span> <span class='ocrx_word' id='word_1_80' title='bbox 433 675 551 718; x_wconf 83' lang='lat' dir='ltr'>cuius</span> <span class='ocrx_word' id='word_1_81' title='bbox 589 675 693 716; x_wconf 91' lang='lat' dir='ltr'>belli</span> <span class='ocrx_word' id='word_1_82' title='bbox 729 675 867 716; x_wconf 86' lang='lat' dir='ltr'>victor</span> <span class='ocrx_word' id='word_1_83' title='bbox 902 674 949 717; x_wconf 90' lang='lat' dir='ltr'>L.</span> <span class='ocrx_word' id='word_1_84' title='bbox 970 674 1111 730; x_wconf 80' lang='lat' dir='ltr'>Scipio</span> <span class='ocrx_word' id='word_1_85' title='bbox 1151 690 1287 730; x_wconf 89' lang='lat' dir='ltr'>aequa</span> <span class='ocrx_word' id='word_1_86' title='bbox 1323 678 1450 730; x_wconf 88' lang='lat' dir='ltr'>parta</span> 
     </span>
     <span class='ocr_line' id='line_1_12' title="bbox 109 734 1451 790; baseline -0.002 -12"><span class='ocrx_word' id='word_1_87' title='bbox 109 751 204 778; x_wconf 85' lang='lat' dir='ltr'>cum</span> <span class='ocrx_word' id='word_1_88' title='bbox 242 735 288 777; x_wconf 91' lang='lat' dir='ltr'>P.</span> <span class='ocrx_word' id='word_1_89' title='bbox 325 735 458 777; x_wconf 84' lang='lat' dir='ltr'>fratre</span> <span class='ocrx_word' id='word_1_90' title='bbox 503 734 661 790; x_wconf 89' lang='lat' dir='ltr'>gloria,</span> <span class='ocrx_word' id='word_1_91' title='bbox 705 749 833 789; x_wconf 90' lang='lat' dir='ltr'>quam</span> <span class='ocrx_word' id='word_1_92' title='bbox 871 734 1042 775; x_wconf 88' lang='lat' dir='ltr'>laudem</span> <span class='ocrx_word' id='word_1_93' title='bbox 1078 734 1153 776; x_wconf 89' lang='lat' dir='ltr'>ille</span> <span class='ocrx_word' id='word_1_94' title='bbox 1191 734 1341 776; x_wconf 86' lang='lat' dir='ltr'>Africa</span> <span class='ocrx_word' id='word_1_95' title='bbox 1379 748 1451 788; x_wconf 94' lang='lat' dir='ltr'>op-</span> 
     </span>
     <span class='ocr_line' id='line_1_13' title="bbox 109 792 1452 849; baseline -0.001 -13"><span class='ocrx_word' id='word_1_96' title='bbox 109 809 258 849; x_wconf 88' lang='lat' dir='ltr'>pressa</span> <span class='ocrx_word' id='word_1_97' title='bbox 296 794 548 848; x_wconf 84' lang='lat' dir='ltr'>cognomine</span> <span class='ocrx_word' id='word_1_98' title='bbox 585 793 678 847; x_wconf 89' lang='lat' dir='ltr'>ipso</span> <span class='ocrx_word' id='word_1_99' title='bbox 717 807 819 847; x_wconf 86' lang='lat' dir='ltr'>prae</span> <span class='ocrx_word' id='word_1_100' title='bbox 857 807 901 834; x_wconf 90' lang='lat' dir='ltr'>se</span> <span class='ocrx_word' id='word_1_101' title='bbox 938 792 1122 847; x_wconf 87' lang='lat' dir='ltr'>ferebat,</span> <span class='ocrx_word' id='word_1_102' title='bbox 1167 793 1345 834; x_wconf 88' lang='lat' dir='ltr'>eandem</span> <span class='ocrx_word' id='word_1_103' title='bbox 1383 792 1452 834; x_wconf 91' lang='lat' dir='ltr'>hic</span> 
     </span>
     <span class='ocr_line' id='line_1_14' title="bbox 110 850 1522 906; baseline -0.002 -11"><span class='ocrx_word' id='word_1_104' title='bbox 110 854 193 895; x_wconf 90' lang='lat' dir='ltr'>sibi</span> <span class='ocrx_word' id='word_1_105' title='bbox 219 868 269 895; x_wconf 81' lang='lat' dir='ltr'>ex</span> <span class='ocrx_word' id='word_1_106' title='bbox 295 853 424 894; x_wconf 87' lang='lat' dir='ltr'>Asiae</span> <span class='ocrx_word' id='word_1_107' title='bbox 450 851 622 894; x_wconf 90' lang='lat' dir='ltr'>nomine</span> <span class='ocrx_word' id='word_1_108' title='bbox 648 851 898 906; x_wconf 88' lang='lat' dir='ltr'>adsumpsit.</span> <span class='ocrx_word' id='word_1_109' title='bbox 948 850 1040 900; x_wconf 87' lang='lat' dir='ltr'>Quo</span> <span class='ocrx_word' id='word_1_110' title='bbox 1068 851 1239 905; x_wconf 91' lang='lat' dir='ltr'>quidem</span> <span class='ocrx_word' id='word_1_111' title='bbox 1266 853 1311 893; x_wconf 88' lang='lat' dir='ltr'>in</span> <span class='ocrx_word' id='word_1_112' title='bbox 1336 851 1450 893; x_wconf 90' lang='lat' dir='ltr'>bello</span> <span class='ocrx_word' id='word_1_113' title='bbox 1478 863 1522 893; x_wconf 82' lang='lat'>32</span> 
     </span>
     <span class='ocr_line' id='line_1_15' title="bbox 108 909 1450 967; baseline -0.002 -13"><span class='ocrx_word' id='word_1_114' title='bbox 108 913 246 954; x_wconf 86' lang='lat' dir='ltr'>virtus</span> <span class='ocrx_word' id='word_1_115' title='bbox 279 911 432 953; x_wconf 88' lang='lat' dir='ltr'>enituit</span> <span class='ocrx_word' id='word_1_116' title='bbox 464 910 638 967; x_wconf 89' lang='lat' dir='ltr'>egregia</span> <span class='ocrx_word' id='word_1_117' title='bbox 662 909 719 952; x_wconf 91' lang='lat' dir='ltr'>M.</span> <span class='ocrx_word' id='word_1_118' title='bbox 741 909 930 964; x_wconf 85' lang='lat' dir='ltr'>Catonis,</span> <span class='ocrx_word' id='word_1_119' title='bbox 962 910 1113 965; x_wconf 84' lang='lat' dir='ltr'>proavi</span> <span class='ocrx_word' id='word_1_120' title='bbox 1139 910 1220 964; x_wconf 81' lang='lat' dir='ltr'>tui3</span> <span class='ocrx_word' id='word_1_121' title='bbox 1254 924 1336 964; x_wconf 88' lang='lat' dir='ltr'>quo</span> <span class='ocrx_word' id='word_1_122' title='bbox 1363 910 1450 964; x_wconf 87' lang='lat' dir='ltr'>ille,</span> 
     </span>
    </p>

    <p class='ocr_par' dir='ltr' id='par_1_5' title="bbox 57 968 1452 1259">
     <span class='ocr_line' id='line_1_16' title="bbox 57 968 1449 1025; baseline -0.003 -12"><span class='ocrx_word' id='word_1_123' title='bbox 57 981 89 1008; x_wconf 83' lang='lat'>15</span> <span class='ocrx_word' id='word_1_124' title='bbox 110 986 206 1013; x_wconf 91' lang='lat' dir='ltr'>cum</span> <span class='ocrx_word' id='word_1_125' title='bbox 238 973 366 1024; x_wconf 88' lang='lat' dir='ltr'>esset,</span> <span class='ocrx_word' id='word_1_126' title='bbox 403 972 452 1012; x_wconf 92' lang='lat' dir='ltr'>ut</span> <span class='ocrx_word' id='word_1_127' title='bbox 482 983 561 1025; x_wconf 87' lang='lat' dir='ltr'>ego</span> <span class='ocrx_word' id='word_1_128' title='bbox 594 968 700 1010; x_wconf 87' lang='lat' dir='ltr'>mihi</span> <span class='ocrx_word' id='word_1_129' title='bbox 732 971 894 1023; x_wconf 90' lang='lat' dir='ltr'>statuo,</span> <span class='ocrx_word' id='word_1_130' title='bbox 926 969 1047 1023; x_wconf 87' lang='lat' dir='ltr'>talis,</span> <span class='ocrx_word' id='word_1_131' title='bbox 1080 969 1251 1023; x_wconf 87' lang='lat' dir='ltr'>qualem</span> <span class='ocrx_word' id='word_1_132' title='bbox 1281 972 1324 1010; x_wconf 87' lang='lat' dir='ltr'>te</span> <span class='ocrx_word' id='word_1_133' title='bbox 1357 983 1449 1010; x_wconf 88' lang='lat' dir='ltr'>esse</span> 
     </span>
     <span class='ocr_line' id='line_1_17' title="bbox 110 1026 1452 1083; baseline -0.001 -12"><span class='ocrx_word' id='word_1_134' title='bbox 110 1030 248 1082; x_wconf 83' lang='lat' dir='ltr'>video,</span> <span class='ocrx_word' id='word_1_135' title='bbox 291 1043 523 1083; x_wconf 89' lang='lat' dir='ltr'>numquam</span> <span class='ocrx_word' id='word_1_136' title='bbox 567 1029 679 1080; x_wconf 90' lang='lat' dir='ltr'>[cum</span> <span class='ocrx_word' id='word_1_137' title='bbox 726 1026 942 1082; x_wconf 84' lang='lat' dir='ltr'>Scipione]</span> <span class='ocrx_word' id='word_1_138' title='bbox 982 1031 1096 1069; x_wconf 92' lang='lat' dir='ltr'>esset</span> <span class='ocrx_word' id='word_1_139' title='bbox 1132 1027 1370 1082; x_wconf 85' lang='lat' dir='ltr'>profectus,</span> <span class='ocrx_word' id='word_1_140' title='bbox 1415 1027 1452 1070; x_wconf 91' lang='lat' dir='ltr'>si</span> 
     </span>
     <span class='ocr_line' id='line_1_18' title="bbox 110 1085 1449 1140; baseline -0.002 -10"><span class='ocrx_word' id='word_1_141' title='bbox 110 1103 205 1131; x_wconf 90' lang='lat' dir='ltr'>cum</span> <span class='ocrx_word' id='word_1_142' title='bbox 237 1087 498 1129; x_wconf 86' lang='lat' dir='ltr'>mulierculis</span> <span class='ocrx_word' id='word_1_143' title='bbox 530 1086 775 1128; x_wconf 90' lang='lat' dir='ltr'>bellandum</span> <span class='ocrx_word' id='word_1_144' title='bbox 809 1086 1103 1128; x_wconf 81' lang='lat' dir='ltr'>arbitraretur.</span> <span class='ocrx_word' id='word_1_145' title='bbox 1166 1085 1317 1140; x_wconf 90' lang='lat' dir='ltr'>Neque</span> <span class='ocrx_word' id='word_1_146' title='bbox 1349 1101 1449 1128; x_wconf 91' lang='lat' dir='ltr'>vero</span> 
     </span>
     <span class='ocr_line' id='line_1_19' title="bbox 111 1145 1451 1200; baseline -0.001 -12"><span class='ocrx_word' id='word_1_147' title='bbox 111 1162 206 1189; x_wconf 92' lang='lat' dir='ltr'>cum</span> <span class='ocrx_word' id='word_1_148' title='bbox 231 1146 278 1188; x_wconf 90' lang='lat' dir='ltr'>P.</span> <span class='ocrx_word' id='word_1_149' title='bbox 297 1146 501 1188; x_wconf 84' lang='lat' dir='ltr'>Africano</span> <span class='ocrx_word' id='word_1_150' title='bbox 528 1148 702 1188; x_wconf 88' lang='lat' dir='ltr'>senatus</span> <span class='ocrx_word' id='word_1_151' title='bbox 729 1146 901 1199; x_wconf 82' lang='lat' dir='ltr'>egisset,</span> <span class='ocrx_word' id='word_1_152' title='bbox 933 1148 981 1186; x_wconf 90' lang='lat' dir='ltr'>ut</span> <span class='ocrx_word' id='word_1_153' title='bbox 1006 1146 1177 1200; x_wconf 90' lang='lat' dir='ltr'>legatus</span> <span class='ocrx_word' id='word_1_154' title='bbox 1203 1145 1329 1186; x_wconf 79' lang='lat' dir='ltr'>fratri</span> <span class='ocrx_word' id='word_1_155' title='bbox 1355 1160 1451 1199; x_wconf 87' lang='lat' dir='ltr'>pro-</span> 
     </span>
     <span class='ocr_line' id='line_1_20' title="bbox 110 1203 1452 1260; baseline -0.002 -13"><span class='ocrx_word' id='word_1_156' title='bbox 110 1206 387 1260; x_wconf 85' lang='lat' dir='ltr'>ficisceretur,</span> <span class='ocrx_word' id='word_1_157' title='bbox 424 1219 520 1246; x_wconf 91' lang='lat' dir='ltr'>cum</span> <span class='ocrx_word' id='word_1_158' title='bbox 551 1205 643 1259; x_wconf 91' lang='lat' dir='ltr'>ipse</span> <span class='ocrx_word' id='word_1_159' title='bbox 675 1204 803 1259; x_wconf 89' lang='lat' dir='ltr'>paulo</span> <span class='ocrx_word' id='word_1_160' title='bbox 837 1206 936 1245; x_wconf 91' lang='lat' dir='ltr'>ante</span> <span class='ocrx_word' id='word_1_161' title='bbox 968 1203 1209 1245; x_wconf 86' lang='lat' dir='ltr'>Hannibale</span> <span class='ocrx_word' id='word_1_162' title='bbox 1242 1218 1292 1245; x_wconf 84' lang='lat' dir='ltr'>ex</span> <span class='ocrx_word' id='word_1_163' title='bbox 1323 1203 1452 1244; x_wconf 77' lang='lat' dir='ltr'>Italia</span> 
     </span>
    </p>

    <p class='ocr_par' dir='ltr' id='par_1_6' title="bbox 58 1262 1523 1551">
     <span class='ocr_line' id='line_1_21' title="bbox 58 1262 1450 1319; baseline -0.003 -13"><span class='ocrx_word' id='word_1_164' title='bbox 58 1272 92 1297; x_wconf 80' lang='lat'>20</span> <span class='ocrx_word' id='word_1_165' title='bbox 112 1265 301 1319; x_wconf 86' lang='lat' dir='ltr'>expulso,</span> <span class='ocrx_word' id='word_1_166' title='bbox 328 1278 378 1306; x_wconf 81' lang='lat' dir='ltr'>ex</span> <span class='ocrx_word' id='word_1_167' title='bbox 397 1263 545 1305; x_wconf 79' lang='lat' dir='ltr'>Africa</span> <span class='ocrx_word' id='word_1_168' title='bbox 571 1263 718 1317; x_wconf 88' lang='lat' dir='ltr'>eiecto,</span> <span class='ocrx_word' id='word_1_169' title='bbox 743 1262 1005 1317; x_wconf 81' lang='lat' dir='ltr'>Carthagine</span> <span class='ocrx_word' id='word_1_170' title='bbox 1026 1277 1232 1317; x_wconf 88' lang='lat' dir='ltr'>oppressa</span> <span class='ocrx_word' id='word_1_171' title='bbox 1251 1262 1450 1304; x_wconf 84' lang='lat' dir='ltr'>maximis</span> 
     </span>
     <span class='ocr_line' id='line_1_22' title="bbox 112 1321 1451 1377; baseline -0.002 -14"><span class='ocrx_word' id='word_1_172' title='bbox 112 1322 312 1377; x_wconf 71' lang='lat' dir='ltr'>periculis</span> <span class='ocrx_word' id='word_1_173' title='bbox 356 1337 447 1363; x_wconf 88' lang='lat' dir='ltr'>rem</span> <span class='ocrx_word' id='word_1_174' title='bbox 489 1321 709 1376; x_wconf 87' lang='lat' dir='ltr'>publicam</span> <span class='ocrx_word' id='word_1_175' title='bbox 751 1321 995 1373; x_wconf 85' lang='lat' dir='ltr'>liberasset,</span> <span class='ocrx_word' id='word_1_176' title='bbox 1043 1321 1127 1361; x_wconf 90' lang='lat' dir='ltr'>nisi</span> <span class='ocrx_word' id='word_1_177' title='bbox 1170 1321 1277 1361; x_wconf 88' lang='lat' dir='ltr'>illud</span> <span class='ocrx_word' id='word_1_178' title='bbox 1321 1333 1451 1374; x_wconf 86' lang='lat' dir='ltr'>grave</span> 
     </span>
     <span class='ocr_line' id='line_1_23' title="bbox 110 1378 1523 1434; baseline -0.002 -12"><span class='ocrx_word' id='word_1_179' title='bbox 110 1381 274 1422; x_wconf 91' lang='lat' dir='ltr'>bellum</span> <span class='ocrx_word' id='word_1_180' title='bbox 317 1383 360 1421; x_wconf 89' lang='lat' dir='ltr'>et</span> <span class='ocrx_word' id='word_1_181' title='bbox 397 1380 625 1422; x_wconf 82' lang='lat' dir='ltr'>vehemens</span> <span class='ocrx_word' id='word_1_182' title='bbox 663 1381 899 1434; x_wconf 54' lang='lat' dir='ltr'>putam-,etur</span> <span class='ocrx_word' id='word_1_183' title='bbox 965 1379 1100 1432; x_wconf 90' lang='lat' dir='ltr'>Atqui</span> <span class='ocrx_word' id='word_1_184' title='bbox 1138 1379 1174 1419; x_wconf 91' lang='lat' dir='ltr'>si</span> <span class='ocrx_word' id='word_1_185' title='bbox 1213 1379 1452 1434; x_wconf 80' lang='lat' dir='ltr'>diligenter,</span> <span class='ocrx_word' id='word_1_186' title='bbox 1470 1378 1523 1420; x_wconf 80' lang='lat'>15</span> 
     </span>
     <span class='ocr_line' id='line_1_24' title="bbox 113 1437 1453 1494; baseline -0.003 -13"><span class='ocrx_word' id='word_1_187' title='bbox 113 1439 214 1494; x_wconf 90' lang='lat' dir='ltr'>quid</span> <span class='ocrx_word' id='word_1_188' title='bbox 244 1438 519 1480; x_wconf 88' lang='lat' dir='ltr'>Mithridates</span> <span class='ocrx_word' id='word_1_189' title='bbox 556 1437 744 1492; x_wconf 89' lang='lat' dir='ltr'>potuerit</span> <span class='ocrx_word' id='word_1_190' title='bbox 782 1440 824 1478; x_wconf 87' lang='lat' dir='ltr'>et</span> <span class='ocrx_word' id='word_1_191' title='bbox 857 1437 957 1491; x_wconf 88' lang='lat' dir='ltr'>quid</span> <span class='ocrx_word' id='word_1_192' title='bbox 990 1437 1177 1478; x_wconf 87' lang='lat' dir='ltr'>effecerit</span> <span class='ocrx_word' id='word_1_193' title='bbox 1209 1439 1251 1478; x_wconf 89' lang='lat' dir='ltr'>et</span> <span class='ocrx_word' id='word_1_194' title='bbox 1283 1437 1355 1491; x_wconf 90' lang='lat' dir='ltr'>qui</span> <span class='ocrx_word' id='word_1_195' title='bbox 1387 1437 1453 1478; x_wconf 91' lang='lat' dir='ltr'>vir</span> 
     </span>
     <span class='ocr_line' id='line_1_25' title="bbox 112 1495 1452 1551; baseline -0.001 -13"><span class='ocrx_word' id='word_1_196' title='bbox 112 1498 253 1551; x_wconf 88' lang='lat' dir='ltr'>fuerit,</span> <span class='ocrx_word' id='word_1_197' title='bbox 273 1496 566 1550; x_wconf 86' lang='lat' dir='ltr'>consideraris,</span> <span class='ocrx_word' id='word_1_198' title='bbox 587 1496 784 1538; x_wconf 87' lang='lat' dir='ltr'>omnibus</span> <span class='ocrx_word' id='word_1_199' title='bbox 799 1496 982 1549; x_wconf 88' lang='lat' dir='ltr'>regibus,</span> <span class='ocrx_word' id='word_1_200' title='bbox 997 1495 1252 1549; x_wconf 88' lang='lat' dir='ltr'>quibuscum</span> <span class='ocrx_word' id='word_1_201' title='bbox 1268 1495 1452 1550; x_wconf 87' lang='lat' dir='ltr'>populus</span> 
     </span>
    </p>

    <p class='ocr_par' dir='ltr' id='par_1_7' title="bbox 60 1554 1453 1784">
     <span class='ocr_line' id='line_1_26' title="bbox 60 1554 1453 1610; baseline 0.001 -16"><span class='ocrx_word' id='word_1_202' title='bbox 60 1568 95 1594; x_wconf 89' lang='lat'>25</span> <span class='ocrx_word' id='word_1_203' title='bbox 113 1556 331 1598; x_wconf 85' lang='lat' dir='ltr'>Romanus</span> <span class='ocrx_word' id='word_1_204' title='bbox 368 1555 527 1596; x_wconf 88' lang='lat' dir='ltr'>bellum</span> <span class='ocrx_word' id='word_1_205' title='bbox 565 1554 719 1610; x_wconf 86' lang='lat' dir='ltr'>gessit,</span> <span class='ocrx_word' id='word_1_206' title='bbox 762 1554 874 1595; x_wconf 90' lang='lat' dir='ltr'>hunc</span> <span class='ocrx_word' id='word_1_207' title='bbox 910 1567 1055 1609; x_wconf 88' lang='lat' dir='ltr'>regem</span> <span class='ocrx_word' id='word_1_208' title='bbox 1093 1554 1297 1595; x_wconf 89' lang='lat' dir='ltr'>nimirum</span> <span class='ocrx_word' id='word_1_209' title='bbox 1336 1556 1453 1595; x_wconf 89' lang='lat' dir='ltr'>ante-</span> 
     </span>
     <span class='ocr_line' id='line_1_27' title="bbox 114 1611 1452 1669; baseline -0.003 -12"><span class='ocrx_word' id='word_1_210' title='bbox 114 1629 263 1669; x_wconf 81' lang='lat' dir='ltr'>pones3</span> <span class='ocrx_word' id='word_1_211' title='bbox 303 1628 427 1669; x_wconf 82' lang='lat' dir='ltr'>quern</span> <span class='ocrx_word' id='word_1_212' title='bbox 459 1613 504 1655; x_wconf 87' lang='lat' dir='ltr'>L.</span> <span class='ocrx_word' id='word_1_213' title='bbox 537 1611 655 1654; x_wconf 86' lang='lat' dir='ltr'>Sulla</span> <span class='ocrx_word' id='word_1_214' title='bbox 692 1613 878 1654; x_wconf 82' lang='lat' dir='ltr'>maximo</span> <span class='ocrx_word' id='word_1_215' title='bbox 911 1614 954 1654; x_wconf 90' lang='lat' dir='ltr'>et</span> <span class='ocrx_word' id='word_1_216' title='bbox 983 1612 1219 1654; x_wconf 89' lang='lat' dir='ltr'>fortissimo</span> <span class='ocrx_word' id='word_1_217' title='bbox 1253 1613 1452 1666; x_wconf 82' lang='lat' dir='ltr'>exercitu,</span> 
     </span>
     <span class='ocr_line' id='line_1_28' title="bbox 113 1671 1452 1728; baseline -0.002 -13"><span class='ocrx_word' id='word_1_218' title='bbox 113 1687 284 1728; x_wconf 83' lang='lat' dir='ltr'>pugnax</span> <span class='ocrx_word' id='word_1_219' title='bbox 316 1675 360 1714; x_wconf 92' lang='lat' dir='ltr'>et</span> <span class='ocrx_word' id='word_1_220' title='bbox 391 1686 487 1714; x_wconf 90' lang='lat' dir='ltr'>acer</span> <span class='ocrx_word' id='word_1_221' title='bbox 519 1674 562 1713; x_wconf 92' lang='lat' dir='ltr'>et</span> <span class='ocrx_word' id='word_1_222' title='bbox 593 1686 680 1713; x_wconf 91' lang='lat' dir='ltr'>non</span> <span class='ocrx_word' id='word_1_223' title='bbox 704 1671 821 1712; x_wconf 89' lang='lat' dir='ltr'>rudis</span> <span class='ocrx_word' id='word_1_224' title='bbox 848 1671 1095 1725; x_wconf 87' lang='lat' dir='ltr'>imperator,</span> <span class='ocrx_word' id='word_1_225' title='bbox 1126 1674 1175 1712; x_wconf 87' lang='lat' dir='ltr'>ut</span> <span class='ocrx_word' id='word_1_226' title='bbox 1202 1671 1318 1713; x_wconf 89' lang='lat' dir='ltr'>aliud</span> <span class='ocrx_word' id='word_1_227' title='bbox 1343 1671 1452 1712; x_wconf 92' lang='lat' dir='ltr'>nihil</span> 
     </span>
     <span class='ocr_line' id='line_1_29' title="bbox 114 1729 1452 1784; baseline -0.001 -11"><span class='ocrx_word' id='word_1_228' title='bbox 114 1733 262 1784; x_wconf 90' lang='lat' dir='ltr'>dicam,</span> <span class='ocrx_word' id='word_1_229' title='bbox 293 1746 389 1773; x_wconf 90' lang='lat' dir='ltr'>cum</span> <span class='ocrx_word' id='word_1_230' title='bbox 420 1731 535 1772; x_wconf 90' lang='lat' dir='ltr'>bello</span> <span class='ocrx_word' id='word_1_231' title='bbox 566 1730 782 1771; x_wconf 84' lang='lat' dir='ltr'>invectum</span> <span class='ocrx_word' id='word_1_232' title='bbox 813 1732 950 1771; x_wconf 85' lang='lat' dir='ltr'>totam</span> <span class='ocrx_word' id='word_1_233' title='bbox 975 1729 1021 1771; x_wconf 88' lang='lat' dir='ltr'>in</span> <span class='ocrx_word' id='word_1_234' title='bbox 1047 1729 1197 1771; x_wconf 89' lang='lat' dir='ltr'>Asiam</span> <span class='ocrx_word' id='word_1_235' title='bbox 1224 1744 1320 1771; x_wconf 91' lang='lat' dir='ltr'>cum</span> <span class='ocrx_word' id='word_1_236' title='bbox 1346 1744 1452 1784; x_wconf 90' lang='lat' dir='ltr'>pace</span> 
     </span>
    </p>

    <p class='ocr_par' dir='ltr' id='par_1_8' title="bbox 34 1788 1451 1844">
     <span class='ocr_line' id='line_1_30' title="bbox 34 1788 1451 1844; baseline -0.001 -13"><span class='ocrx_word' id='word_1_237' title='bbox 34 1788 35 1818; x_wconf 62' lang='grc' dir='ltr'><strong>ἶ</strong></span> <span class='ocrx_word' id='word_1_238' title='bbox 115 1791 294 1844; x_wconf 84' lang='lat' dir='ltr'>dimisit3</span> <span class='ocrx_word' id='word_1_239' title='bbox 333 1805 457 1844; x_wconf 89' lang='lat' dir='ltr'>quem</span> <span class='ocrx_word' id='word_1_240' title='bbox 490 1788 535 1831; x_wconf 94' lang='lat' dir='ltr'>L.</span> <span class='ocrx_word' id='word_1_241' title='bbox 564 1788 760 1841; x_wconf 90' lang='lat' dir='ltr'>Murena,</span> <span class='ocrx_word' id='word_1_242' title='bbox 789 1790 913 1842; x_wconf 85' lang='lat' dir='ltr'>pater</span> <span class='ocrx_word' id='word_1_243' title='bbox 943 1788 1137 1842; x_wconf 87' lang='lat' dir='ltr'>huiusce,</span> <span class='ocrx_word' id='word_1_244' title='bbox 1167 1788 1451 1830; x_wconf 88' lang='lat' dir='ltr'>vehementis-</span> 
     </span>
    </p>

    <p class='ocr_par' dir='ltr' id='par_1_9' title="bbox 62 1848 1534 2137">
     <span class='ocr_line' id='line_1_31' title="bbox 62 1848 1453 1904; baseline -0.001 -14"><span class='ocrx_word' id='word_1_245' title='bbox 62 1860 97 1886; x_wconf 77' lang='lat'>30</span> <span class='ocrx_word' id='word_1_246' title='bbox 117 1849 221 1890; x_wconf 88' lang='lat' dir='ltr'>sime</span> <span class='ocrx_word' id='word_1_247' title='bbox 258 1848 671 1904; x_wconf 85' lang='lat' dir='ltr'>vigilantissimeque</span> <span class='ocrx_word' id='word_1_248' title='bbox 708 1849 908 1888; x_wconf 81' lang='lat' dir='ltr'>vexatum</span> <span class='ocrx_word' id='word_1_249' title='bbox 939 1861 1180 1901; x_wconf 89' lang='lat' dir='ltr'>repressum</span> <span class='ocrx_word' id='word_1_250' title='bbox 1212 1861 1370 1902; x_wconf 88' lang='lat' dir='ltr'>magna</span> <span class='ocrx_word' id='word_1_251' title='bbox 1402 1861 1453 1888; x_wconf 84' lang='lat' dir='ltr'>ex</span> 
     </span>
     <span class='ocr_line' id='line_1_32' title="bbox 116 1905 1453 1962; baseline -0.001 -14"><span class='ocrx_word' id='word_1_252' title='bbox 116 1909 255 1961; x_wconf 88' lang='lat' dir='ltr'>parte,</span> <span class='ocrx_word' id='word_1_253' title='bbox 297 1921 384 1949; x_wconf 88' lang='lat' dir='ltr'>non</span> <span class='ocrx_word' id='word_1_254' title='bbox 421 1920 673 1962; x_wconf 88' lang='lat' dir='ltr'>oppressum</span> <span class='ocrx_word' id='word_1_255' title='bbox 709 1905 900 1958; x_wconf 81' lang='lat' dir='ltr'>reliquit3</span> <span class='ocrx_word' id='word_1_256' title='bbox 945 1905 1017 1960; x_wconf 90' lang='lat' dir='ltr'>qui</span> <span class='ocrx_word' id='word_1_257' title='bbox 1053 1920 1127 1947; x_wconf 84' lang='lat' dir='ltr'>rex</span> <span class='ocrx_word' id='word_1_258' title='bbox 1167 1905 1249 1947; x_wconf 85' lang='lat' dir='ltr'>sibi</span> <span class='ocrx_word' id='word_1_259' title='bbox 1288 1905 1453 1959; x_wconf 88' lang='lat' dir='ltr'>aliquot</span> 
     </span>
     <span class='ocr_line' id='line_1_33' title="bbox 118 1963 1452 2020; baseline -0.001 -14"><span class='ocrx_word' id='word_1_260' title='bbox 118 1965 240 2006; x_wconf 86' lang='lat' dir='ltr'>annis</span> <span class='ocrx_word' id='word_1_261' title='bbox 267 1965 449 2020; x_wconf 89' lang='lat' dir='ltr'>sumptis</span> <span class='ocrx_word' id='word_1_262' title='bbox 477 1964 530 2006; x_wconf 89' lang='lat' dir='ltr'>ad</span> <span class='ocrx_word' id='word_1_263' title='bbox 555 1964 870 2007; x_wconf 87' lang='lat' dir='ltr'>confirmandas</span> <span class='ocrx_word' id='word_1_264' title='bbox 895 1964 1084 2006; x_wconf 88' lang='lat' dir='ltr'>rationes</span> <span class='ocrx_word' id='word_1_265' title='bbox 1111 1966 1154 2005; x_wconf 88' lang='lat' dir='ltr'>et</span> <span class='ocrx_word' id='word_1_266' title='bbox 1180 1964 1324 2018; x_wconf 88' lang='lat' dir='ltr'>copias</span> <span class='ocrx_word' id='word_1_267' title='bbox 1350 1963 1452 2004; x_wconf 87' lang='lat' dir='ltr'>belli</span> 
     </span>
     <span class='ocr_line' id='line_1_34' title="bbox 117 2022 1453 2078; baseline -0.001 -14"><span class='ocrx_word' id='word_1_268' title='bbox 117 2026 284 2065; x_wconf 85' lang='lat' dir='ltr'>tantum</span> <span class='ocrx_word' id='word_1_269' title='bbox 330 2038 404 2078; x_wconf 90' lang='lat' dir='ltr'>spe</span> <span class='ocrx_word' id='word_1_270' title='bbox 447 2026 686 2076; x_wconf 86' lang='lat' dir='ltr'>conatuque</span> <span class='ocrx_word' id='word_1_271' title='bbox 730 2022 882 2077; x_wconf 84' lang='lat' dir='ltr'>valuit,</span> <span class='ocrx_word' id='word_1_272' title='bbox 927 2025 974 2063; x_wconf 89' lang='lat' dir='ltr'>ut</span> <span class='ocrx_word' id='word_1_273' title='bbox 1017 2037 1061 2064; x_wconf 92' lang='lat' dir='ltr'>se</span> <span class='ocrx_word' id='word_1_274' title='bbox 1101 2022 1315 2064; x_wconf 90' lang='lat' dir='ltr'>Oceanum</span> <span class='ocrx_word' id='word_1_275' title='bbox 1358 2036 1453 2062; x_wconf 91' lang='lat' dir='ltr'>cum</span> 
     </span>
     <span class='ocr_line' id='line_1_35' title="bbox 117 2080 1534 2137; baseline -0.001 -15"><span class='ocrx_word' id='word_1_276' title='bbox 117 2081 268 2135; x_wconf 89' lang='lat' dir='ltr'>Ponto,</span> <span class='ocrx_word' id='word_1_277' title='bbox 299 2080 460 2123; x_wconf 86' lang='lat' dir='ltr'>Sertori</span> <span class='ocrx_word' id='word_1_278' title='bbox 491 2082 636 2137; x_wconf 88' lang='lat' dir='ltr'>copias</span> <span class='ocrx_word' id='word_1_279' title='bbox 668 2095 763 2123; x_wconf 91' lang='lat' dir='ltr'>cum</span> <span class='ocrx_word' id='word_1_280' title='bbox 796 2080 882 2122; x_wconf 89' lang='lat' dir='ltr'>suis</span> <span class='ocrx_word' id='word_1_281' title='bbox 913 2081 1237 2123; x_wconf 88' lang='lat' dir='ltr'>coniuncturum</span> <span class='ocrx_word' id='word_1_282' title='bbox 1269 2082 1453 2135; x_wconf 86' lang='lat' dir='ltr'>putaret.</span> <span class='ocrx_word' id='word_1_283' title='bbox 1531 2120 1534 2121; x_wconf 13' lang='grc' dir='ltr'><em>γ</em></span> 
     </span>
    </p>

    <p class='ocr_par' dir='ltr' id='par_1_10' title="bbox 64 2138 1523 2299">
     <span class='ocr_line' id='line_1_36' title="bbox 64 2138 1523 2194; baseline -0.001 -13"><span class='ocrx_word' id='word_1_284' title='bbox 64 2150 98 2177; x_wconf 83' lang='grc'>35</span> <span class='ocrx_word' id='word_1_285' title='bbox 118 2140 186 2181; x_wconf 87' lang='lat' dir='ltr'>Ad</span> <span class='ocrx_word' id='word_1_286' title='bbox 212 2140 324 2194; x_wconf 90' lang='lat' dir='ltr'>quod</span> <span class='ocrx_word' id='word_1_287' title='bbox 349 2140 509 2182; x_wconf 90' lang='lat' dir='ltr'>bellum</span> <span class='ocrx_word' id='word_1_288' title='bbox 536 2140 700 2182; x_wconf 91' lang='lat' dir='ltr'>duobus</span> <span class='ocrx_word' id='word_1_289' title='bbox 726 2138 971 2181; x_wconf 87' lang='lat' dir='ltr'>consulibus</span> <span class='ocrx_word' id='word_1_290' title='bbox 996 2141 1057 2181; x_wconf 84' lang='lat' dir='ltr'>ita</span> <span class='ocrx_word' id='word_1_291' title='bbox 1082 2139 1237 2193; x_wconf 91' lang='lat' dir='ltr'>missis,</span> <span class='ocrx_word' id='word_1_292' title='bbox 1269 2141 1317 2180; x_wconf 89' lang='lat' dir='ltr'>ut</span> <span class='ocrx_word' id='word_1_293' title='bbox 1345 2138 1454 2179; x_wconf 90' lang='lat' dir='ltr'>alter</span> <span class='ocrx_word' id='word_1_294' title='bbox 1480 2149 1523 2180; x_wconf 87' lang='lat'>33</span> 
     </span>
     <span class='ocr_line' id='line_1_37' title="bbox 118 2197 1454 2253; baseline -0.001 -14"><span class='ocrx_word' id='word_1_295' title='bbox 118 2197 411 2239; x_wconf 79' lang='lat' dir='ltr'>Mithridatem</span> <span class='ocrx_word' id='word_1_296' title='bbox 442 2200 786 2253; x_wconf 84' lang='lat' dir='ltr'>persequeretur,</span> <span class='ocrx_word' id='word_1_297' title='bbox 826 2198 936 2239; x_wconf 88' lang='lat' dir='ltr'>alter</span> <span class='ocrx_word' id='word_1_298' title='bbox 967 2198 1220 2252; x_wconf 88' lang='lat' dir='ltr'>Bithyniam</span> <span class='ocrx_word' id='word_1_299' title='bbox 1250 2199 1454 2250; x_wconf 86' lang='lat' dir='ltr'>tueretur,</span> 
     </span>
     <span class='ocr_line' id='line_1_38' title="bbox 118 2255 1454 2299; baseline -0.002 0"><span class='ocrx_word' id='word_1_300' title='bbox 118 2256 294 2299; x_wconf 88' lang='lat' dir='ltr'>alterius</span> <span class='ocrx_word' id='word_1_301' title='bbox 332 2270 399 2298; x_wconf 89' lang='lat' dir='ltr'>res</span> <span class='ocrx_word' id='word_1_302' title='bbox 438 2259 480 2297; x_wconf 90' lang='lat' dir='ltr'>et</span> <span class='ocrx_word' id='word_1_303' title='bbox 511 2259 626 2298; x_wconf 80' lang='lat' dir='ltr'>terra</span> <span class='ocrx_word' id='word_1_304' title='bbox 658 2259 700 2297; x_wconf 88' lang='lat' dir='ltr'>et</span> <span class='ocrx_word' id='word_1_305' title='bbox 731 2255 840 2297; x_wconf 87' lang='lat' dir='ltr'>mari</span> <span class='ocrx_word' id='word_1_306' title='bbox 872 2257 1148 2298; x_wconf 85' lang='lat' dir='ltr'>calamitosae</span> <span class='ocrx_word' id='word_1_307' title='bbox 1180 2255 1454 2297; x_wconf 86' lang='lat' dir='ltr'>vehementer</span> 
     </span>
    </p>
   </div>
  </div>
 </body>
</html>
