<?xml version="1.0" encoding="UTF-8"?>
<!DOCTYPE html PUBLIC "-//W3C//DTD XHTML 1.0 Transitional//EN"
    "http://www.w3.org/TR/xhtml1/DTD/xhtml1-transitional.dtd">
<html xmlns="http://www.w3.org/1999/xhtml" xml:lang="en" lang="en">
 <head>
  <title>
</title>
<meta http-equiv="Content-Type" content="text/html;charset=utf-8" />
  <meta name='ocr-system' content='tesseract 3.04.00' />
  <meta name='ocr-capabilities' content='ocr_page ocr_carea ocr_par ocr_line ocrx_word'/>
</head>
<body>
  <div class='ocr_page' id='page_1' title='image "./p2scriptaquaemanse02ciceuoft_0649.png"; bbox 0 0 1687 2533; ppageno 0'>
   <div class='ocr_carea' id='block_1_1' title="bbox 527 93 1420 139">
    <p class='ocr_par' dir='ltr' id='par_1_1' title="bbox 527 93 1420 139">
     <span class='ocr_line' id='line_1_1' title="bbox 527 93 1420 139; baseline 0.004 -11"><span class='ocrx_word' id='word_1_1' title='bbox 527 93 626 129; x_wconf 78' lang='lat' dir='ltr'>CAP.</span> <span class='ocrx_word' id='word_1_2' title='bbox 653 98 790 130; x_wconf 75' lang='lat'><strong>27—29</strong></span> <span class='ocrx_word' id='word_1_3' title='bbox 817 99 836 138; x_wconf 60' lang='grc' dir='ltr'><strong>ς</strong></span> <span class='ocrx_word' id='word_1_4' title='bbox 864 100 1012 131; x_wconf 79' lang='lat'>71-77,</span> <span class='ocrx_word' id='word_1_5' title='bbox 1333 98 1420 139; x_wconf 76' lang='lat'>485</span> 
     </span>
    </p>
   </div>
   <div class='ocr_carea' id='block_1_2' title="bbox 23 189 1421 1593">
    <p class='ocr_par' dir='ltr' id='par_1_2' title="bbox 23 189 1421 1593">
     <span class='ocr_line' id='line_1_2' title="bbox 80 189 1420 247; baseline 0.001 -15"><span class='ocrx_word' id='word_1_6' title='bbox 80 190 232 232; x_wconf 82' lang='lat' dir='ltr'>Italiae</span> <span class='ocrx_word' id='word_1_7' title='bbox 265 189 435 232; x_wconf 88' lang='lat' dir='ltr'>decreta</span> <span class='ocrx_word' id='word_1_8' title='bbox 466 204 809 243; x_wconf 81' lang='lat' dir='ltr'>commemorem,</span> <span class='ocrx_word' id='word_1_9' title='bbox 841 190 995 244; x_wconf 88' lang='lat' dir='ltr'>quibus</span> <span class='ocrx_word' id='word_1_10' title='bbox 1027 193 1248 246; x_wconf 88' lang='lat' dir='ltr'>tamquam</span> <span class='ocrx_word' id='word_1_11' title='bbox 1279 190 1420 247; x_wconf 73' lang='lat' dir='ltr'>gradi-</span> 
     </span>
     <span class='ocr_line' id='line_1_3' title="bbox 81 249 1419 302; baseline 0.001 -11"><span class='ocrx_word' id='word_1_12' title='bbox 81 251 159 291; x_wconf 90' lang='lat' dir='ltr'>bus</span> <span class='ocrx_word' id='word_1_13' title='bbox 198 249 303 290; x_wconf 88' lang='lat' dir='ltr'>mihi</span> <span class='ocrx_word' id='word_1_14' title='bbox 341 249 487 290; x_wconf 90' lang='lat' dir='ltr'>videor</span> <span class='ocrx_word' id='word_1_15' title='bbox 518 249 563 290; x_wconf 89' lang='lat' dir='ltr'>in</span> <span class='ocrx_word' id='word_1_16' title='bbox 595 249 757 290; x_wconf 87' lang='lat' dir='ltr'>caelum</span> <span class='ocrx_word' id='word_1_17' title='bbox 790 249 1048 302; x_wconf 82' lang='lat' dir='ltr'>ascendisse,</span> <span class='ocrx_word' id='word_1_18' title='bbox 1085 264 1171 292; x_wconf 91' lang='lat' dir='ltr'>non</span> <span class='ocrx_word' id='word_1_19' title='bbox 1203 251 1344 294; x_wconf 88' lang='lat' dir='ltr'>solum</span> <span class='ocrx_word' id='word_1_20' title='bbox 1376 250 1419 292; x_wconf 89' lang='lat' dir='ltr'>in</span> 
     </span>
     <span class='ocr_line' id='line_1_4' title="bbox 80 306 1420 364; baseline 0.001 -14"><span class='ocrx_word' id='word_1_21' title='bbox 80 308 264 362; x_wconf 88' lang='lat' dir='ltr'>patriam</span> <span class='ocrx_word' id='word_1_22' title='bbox 302 307 562 349; x_wconf 71' lang='lat' dir='ltr'>revertisse?</span> <span class='ocrx_word' id='word_1_23' title='bbox 622 306 702 349; x_wconf 89' lang='lat' dir='ltr'>Ille</span> <span class='ocrx_word' id='word_1_24' title='bbox 737 322 837 348; x_wconf 88' lang='lat' dir='ltr'>vero</span> <span class='ocrx_word' id='word_1_25' title='bbox 871 307 960 349; x_wconf 91' lang='lat' dir='ltr'>dies</span> <span class='ocrx_word' id='word_1_26' title='bbox 994 308 1065 362; x_wconf 91' lang='lat' dir='ltr'>qui</span> <span class='ocrx_word' id='word_1_27' title='bbox 1098 308 1195 363; x_wconf 90' lang='lat' dir='ltr'>fuit,</span> <span class='ocrx_word' id='word_1_28' title='bbox 1236 324 1331 351; x_wconf 89' lang='lat' dir='ltr'>cum</span> <span class='ocrx_word' id='word_1_29' title='bbox 1363 312 1420 364; x_wconf 86' lang='lat' dir='ltr'>te,</span> 
     </span>
     <span class='ocr_line' id='line_1_5' title="bbox 80 365 1421 422; baseline 0.001 -14"><span class='ocrx_word' id='word_1_30' title='bbox 80 367 124 408; x_wconf 89' lang='lat' dir='ltr'>P.</span> <span class='ocrx_word' id='word_1_31' title='bbox 155 365 352 419; x_wconf 76' lang='lat' dir='ltr'>Lentule,</span> <span class='ocrx_word' id='word_1_32' title='bbox 397 366 537 421; x_wconf 90' lang='lat' dir='ltr'>legem</span> <span class='ocrx_word' id='word_1_33' title='bbox 582 365 632 407; x_wconf 88' lang='lat' dir='ltr'>de</span> <span class='ocrx_word' id='word_1_34' title='bbox 672 380 738 407; x_wconf 87' lang='lat' dir='ltr'>me</span> <span class='ocrx_word' id='word_1_35' title='bbox 775 366 938 408; x_wconf 87' lang='lat' dir='ltr'>ferente</span> <span class='ocrx_word' id='word_1_36' title='bbox 976 367 1160 422; x_wconf 90' lang='lat' dir='ltr'>populus</span> <span class='ocrx_word' id='word_1_37' title='bbox 1198 367 1421 410; x_wconf 80' lang='lat' dir='ltr'>Romanus</span> 
     </span>
     <span class='ocr_line' id='line_1_6' title="bbox 43 425 1417 481; baseline 0.002 -16"><span class='ocrx_word' id='word_1_38' title='bbox 43 438 60 464; x_wconf 86' lang='lat'>5</span> <span class='ocrx_word' id='word_1_39' title='bbox 80 426 171 480; x_wconf 86' lang='lat' dir='ltr'>ipse</span> <span class='ocrx_word' id='word_1_40' title='bbox 196 425 303 466; x_wconf 88' lang='lat' dir='ltr'>vidit</span> <span class='ocrx_word' id='word_1_41' title='bbox 330 425 555 478; x_wconf 76' lang='lat' dir='ltr'>sensitque,</span> <span class='ocrx_word' id='word_1_42' title='bbox 583 427 767 478; x_wconf 88' lang='lat' dir='ltr'>quantus</span> <span class='ocrx_word' id='word_1_43' title='bbox 794 428 836 466; x_wconf 91' lang='lat' dir='ltr'>et</span> <span class='ocrx_word' id='word_1_44' title='bbox 863 429 1023 479; x_wconf 89' lang='lat' dir='ltr'>quanta</span> <span class='ocrx_word' id='word_1_45' title='bbox 1049 426 1258 481; x_wconf 72' lang='lat' dir='ltr'>dignitate</span> <span class='ocrx_word' id='word_1_46' title='bbox 1286 428 1417 468; x_wconf 83' lang='lat' dir='ltr'>esset!</span> 
     </span>
     <span class='ocr_line' id='line_1_7' title="bbox 80 483 1417 539; baseline 0.001 -14"><span class='ocrx_word' id='word_1_47' title='bbox 80 483 261 525; x_wconf 83' lang='lat' dir='ltr'>Constat</span> <span class='ocrx_word' id='word_1_48' title='bbox 299 484 411 524; x_wconf 88' lang='lat' dir='ltr'>enim</span> <span class='ocrx_word' id='word_1_49' title='bbox 449 483 580 524; x_wconf 88' lang='lat' dir='ltr'>nullis</span> <span class='ocrx_word' id='word_1_50' title='bbox 618 498 820 537; x_wconf 89' lang='lat' dir='ltr'>umquam</span> <span class='ocrx_word' id='word_1_51' title='bbox 859 484 1045 525; x_wconf 87' lang='lat' dir='ltr'>comitiis</span> <span class='ocrx_word' id='word_1_52' title='bbox 1078 499 1274 539; x_wconf 90' lang='lat' dir='ltr'>campum</span> <span class='ocrx_word' id='word_1_53' title='bbox 1307 485 1417 527; x_wconf 86' lang='lat' dir='ltr'>&#39;Mar-</span> 
     </span>
     <span class='ocr_line' id='line_1_8' title="bbox 78 542 1415 599; baseline 0.001 -16"><span class='ocrx_word' id='word_1_54' title='bbox 78 543 185 584; x_wconf 89' lang='lat' dir='ltr'>tium</span> <span class='ocrx_word' id='word_1_55' title='bbox 217 545 339 584; x_wconf 87' lang='lat' dir='ltr'>tanta</span> <span class='ocrx_word' id='word_1_56' title='bbox 371 542 630 596; x_wconf 82' lang='lat' dir='ltr'>celebritate,</span> <span class='ocrx_word' id='word_1_57' title='bbox 661 545 784 583; x_wconf 91' lang='lat' dir='ltr'>tanto</span> <span class='ocrx_word' id='word_1_58' title='bbox 818 543 1043 596; x_wconf 86' lang='lat' dir='ltr'>splendore</span> <span class='ocrx_word' id='word_1_59' title='bbox 1076 544 1214 584; x_wconf 90' lang='lat' dir='ltr'>omnis</span> <span class='ocrx_word' id='word_1_60' title='bbox 1247 545 1415 599; x_wconf 88' lang='lat' dir='ltr'>generis</span> 
     </span>
     <span class='ocr_line' id='line_1_9' title="bbox 78 600 1415 655; baseline 0.001 -13"><span class='ocrx_word' id='word_1_61' title='bbox 78 601 313 654; x_wconf 89' lang='lat' dir='ltr'>hominum,</span> <span class='ocrx_word' id='word_1_62' title='bbox 345 603 545 655; x_wconf 85' lang='lat' dir='ltr'>aetatum,</span> <span class='ocrx_word' id='word_1_63' title='bbox 578 600 772 642; x_wconf 88' lang='lat' dir='ltr'>ordinum</span> <span class='ocrx_word' id='word_1_64' title='bbox 805 601 1010 642; x_wconf 90' lang='lat' dir='ltr'>floruisse.</span> <span class='ocrx_word' id='word_1_65' title='bbox 1073 601 1237 644; x_wconf 88' lang='lat' dir='ltr'>Omitto</span> <span class='ocrx_word' id='word_1_66' title='bbox 1271 603 1415 644; x_wconf 89' lang='lat' dir='ltr'>civita-</span> 
     </span>
     <span class='ocr_line' id='line_1_10' title="bbox 77 659 1415 716; baseline 0.002 -16"><span class='ocrx_word' id='word_1_67' title='bbox 77 660 204 713; x_wconf 83' lang='lat' dir='ltr'>tium,</span> <span class='ocrx_word' id='word_1_68' title='bbox 240 659 481 713; x_wconf 86' lang='lat' dir='ltr'>nationum,</span> <span class='ocrx_word' id='word_1_69' title='bbox 521 659 856 714; x_wconf 87' lang='lat' dir='ltr'>provinciarum,</span> <span class='ocrx_word' id='word_1_70' title='bbox 886 674 1055 715; x_wconf 91' lang='lat' dir='ltr'>regum,</span> <span class='ocrx_word' id='word_1_71' title='bbox 1088 661 1204 702; x_wconf 85' lang='lat' dir='ltr'>orbis</span> <span class='ocrx_word' id='word_1_72' title='bbox 1237 661 1415 716; x_wconf 88' lang='lat' dir='ltr'>denique</span> 
     </span>
     <span class='ocr_line' id='line_1_11' title="bbox 25 718 1414 767; baseline 0.002 -9"><span class='ocrx_word' id='word_1_73' title='bbox 25 732 58 757; x_wconf 87' lang='lat'>10</span> <span class='ocrx_word' id='word_1_74' title='bbox 78 721 289 759; x_wconf 85' lang='lat' dir='ltr'>terrarum</span> <span class='ocrx_word' id='word_1_75' title='bbox 334 718 383 759; x_wconf 90' lang='lat' dir='ltr'>de</span> <span class='ocrx_word' id='word_1_76' title='bbox 427 718 532 759; x_wconf 89' lang='lat' dir='ltr'>meis</span> <span class='ocrx_word' id='word_1_77' title='bbox 576 718 621 759; x_wconf 93' lang='lat' dir='ltr'>in</span> <span class='ocrx_word' id='word_1_78' title='bbox 664 718 801 760; x_wconf 87' lang='lat' dir='ltr'>omnis</span> <span class='ocrx_word' id='word_1_79' title='bbox 840 719 1036 767; x_wconf 86' lang='lat' dir='ltr'>mortalis</span> <span class='ocrx_word' id='word_1_80' title='bbox 1077 720 1243 761; x_wconf 92' lang='lat' dir='ltr'>meritis</span> <span class='ocrx_word' id='word_1_81' title='bbox 1282 735 1414 762; x_wconf 87' lang='lat' dir='ltr'>unum</span> 
     </span>
     <span class='ocr_line' id='line_1_12' title="bbox 77 777 1414 832; baseline 0.002 -15"><span class='ocrx_word' id='word_1_82' title='bbox 77 777 279 819; x_wconf 86' lang='lat' dir='ltr'>iudicium</span> <span class='ocrx_word' id='word_1_83' title='bbox 316 791 529 831; x_wconf 87' lang='lat' dir='ltr'>unumque</span> <span class='ocrx_word' id='word_1_84' title='bbox 567 791 838 832; x_wconf 81' lang='lat' dir='ltr'>consensum3</span> <span class='ocrx_word' id='word_1_85' title='bbox 883 777 1089 819; x_wconf 89' lang='lat' dir='ltr'>adventus</span> <span class='ocrx_word' id='word_1_86' title='bbox 1128 793 1246 819; x_wconf 87' lang='lat' dir='ltr'>meus</span> <span class='ocrx_word' id='word_1_87' title='bbox 1287 782 1414 832; x_wconf 89' lang='lat' dir='ltr'>atque</span> 
     </span>
     <span class='ocr_line' id='line_1_13' title="bbox 76 835 1414 891; baseline 0.002 -15"><span class='ocrx_word' id='word_1_88' title='bbox 76 836 279 877; x_wconf 81' lang='lat' dir='ltr'>introitus</span> <span class='ocrx_word' id='word_1_89' title='bbox 316 836 362 876; x_wconf 93' lang='lat' dir='ltr'>in</span> <span class='ocrx_word' id='word_1_90' title='bbox 398 836 548 877; x_wconf 86' lang='lat' dir='ltr'>urbem</span> <span class='ocrx_word' id='word_1_91' title='bbox 587 836 659 890; x_wconf 90' lang='lat' dir='ltr'>qui</span> <span class='ocrx_word' id='word_1_92' title='bbox 696 836 808 877; x_wconf 79' lang='lat' dir='ltr'>fuit?</span> <span class='ocrx_word' id='word_1_93' title='bbox 875 835 1032 877; x_wconf 90' lang='lat' dir='ltr'>Utrum</span> <span class='ocrx_word' id='word_1_94' title='bbox 1070 851 1137 877; x_wconf 87' lang='lat' dir='ltr'>me</span> <span class='ocrx_word' id='word_1_95' title='bbox 1175 837 1316 891; x_wconf 88' lang='lat' dir='ltr'>patria</span> <span class='ocrx_word' id='word_1_96' title='bbox 1355 837 1414 879; x_wconf 87' lang='lat' dir='ltr'>sic</span> 
     </span>
     <span class='ocr_line' id='line_1_14' title="bbox 77 895 1414 949; baseline 0.001 -13"><span class='ocrx_word' id='word_1_97' title='bbox 77 895 257 948; x_wconf 86' lang='lat' dir='ltr'>accepit,</span> <span class='ocrx_word' id='word_1_98' title='bbox 295 897 343 935; x_wconf 90' lang='lat' dir='ltr'>ut</span> <span class='ocrx_word' id='word_1_99' title='bbox 381 895 518 935; x_wconf 89' lang='lat' dir='ltr'>lucem</span> <span class='ocrx_word' id='word_1_100' title='bbox 557 895 824 949; x_wconf 84' lang='lat' dir='ltr'>salutemque</span> <span class='ocrx_word' id='word_1_101' title='bbox 855 895 1066 936; x_wconf 85' lang='lat' dir='ltr'>redditam</span> <span class='ocrx_word' id='word_1_102' title='bbox 1098 895 1181 936; x_wconf 85' lang='lat' dir='ltr'>sibi</span> <span class='ocrx_word' id='word_1_103' title='bbox 1213 910 1260 937; x_wconf 85' lang='lat' dir='ltr'>ac</span> <span class='ocrx_word' id='word_1_104' title='bbox 1292 896 1414 937; x_wconf 87' lang='lat' dir='ltr'>resti-</span> 
     </span>
     <span class='ocr_line' id='line_1_15' title="bbox 75 953 1413 1009; baseline 0.001 -15"><span class='ocrx_word' id='word_1_105' title='bbox 75 956 213 994; x_wconf 82' lang='lat' dir='ltr'>tutam</span> <span class='ocrx_word' id='word_1_106' title='bbox 241 954 430 1006; x_wconf 86' lang='lat' dir='ltr'>accipere</span> <span class='ocrx_word' id='word_1_107' title='bbox 457 953 613 1006; x_wconf 89' lang='lat' dir='ltr'>debuit,</span> <span class='ocrx_word' id='word_1_108' title='bbox 640 967 694 994; x_wconf 90' lang='lat' dir='ltr'>an</span> <span class='ocrx_word' id='word_1_109' title='bbox 719 956 767 994; x_wconf 93' lang='lat' dir='ltr'>ut</span> <span class='ocrx_word' id='word_1_110' title='bbox 793 953 1005 995; x_wconf 82' lang='lat' dir='ltr'>crudelem</span> <span class='ocrx_word' id='word_1_111' title='bbox 1032 956 1272 1008; x_wconf 88' lang='lat' dir='ltr'>tyrannum,</span> <span class='ocrx_word' id='word_1_112' title='bbox 1301 955 1413 1009; x_wconf 89' lang='lat' dir='ltr'>quod</span> 
     </span>
     <span class='ocr_line' id='line_1_16' title="bbox 23 1011 1413 1066; baseline 0.002 -15"><span class='ocrx_word' id='word_1_113' title='bbox 23 1025 56 1050; x_wconf 83' lang='lat'>15</span> <span class='ocrx_word' id='word_1_114' title='bbox 76 1027 151 1053; x_wconf 89' lang='lat' dir='ltr'>vos</span> <span class='ocrx_word' id='word_1_115' title='bbox 184 1011 393 1053; x_wconf 86' lang='lat' dir='ltr'>Catilinae</span> <span class='ocrx_word' id='word_1_116' title='bbox 432 1012 627 1066; x_wconf 78' lang='lat' dir='ltr'>gregales</span> <span class='ocrx_word' id='word_1_117' title='bbox 666 1012 716 1053; x_wconf 89' lang='lat' dir='ltr'>de</span> <span class='ocrx_word' id='word_1_118' title='bbox 753 1027 819 1053; x_wconf 90' lang='lat' dir='ltr'>me</span> <span class='ocrx_word' id='word_1_119' title='bbox 858 1012 995 1054; x_wconf 81' lang='lat' dir='ltr'>dicere</span> <span class='ocrx_word' id='word_1_120' title='bbox 1036 1013 1269 1054; x_wconf 77' lang='lat' dir='ltr'>solebatis?</span> <span class='ocrx_word' id='word_1_121' title='bbox 1331 1012 1413 1054; x_wconf 91' lang='lat' dir='ltr'>Ita-</span> 
     </span>
     <span class='ocr_line' id='line_1_17' title="bbox 78 1070 1414 1125; baseline 0.001 -14"><span class='ocrx_word' id='word_1_122' title='bbox 78 1085 157 1125; x_wconf 88' lang='lat' dir='ltr'>que</span> <span class='ocrx_word' id='word_1_123' title='bbox 197 1071 267 1112; x_wconf 86' lang='lat' dir='ltr'>ille</span> <span class='ocrx_word' id='word_1_124' title='bbox 304 1084 412 1111; x_wconf 89' lang='lat' dir='ltr'>unus</span> <span class='ocrx_word' id='word_1_125' title='bbox 452 1070 558 1122; x_wconf 90' lang='lat' dir='ltr'>dies,</span> <span class='ocrx_word' id='word_1_126' title='bbox 597 1085 678 1125; x_wconf 89' lang='lat' dir='ltr'>quo</span> <span class='ocrx_word' id='word_1_127' title='bbox 719 1070 784 1111; x_wconf 91' lang='lat' dir='ltr'>die</span> <span class='ocrx_word' id='word_1_128' title='bbox 823 1085 889 1112; x_wconf 91' lang='lat' dir='ltr'>me</span> <span class='ocrx_word' id='word_1_129' title='bbox 921 1071 1106 1125; x_wconf 88' lang='lat' dir='ltr'>populus</span> <span class='ocrx_word' id='word_1_130' title='bbox 1138 1071 1356 1112; x_wconf 85' lang='lat' dir='ltr'>Romanus</span> <span class='ocrx_word' id='word_1_131' title='bbox 1389 1087 1414 1113; x_wconf 89' lang='lat' dir='ltr'>a</span> 
     </span>
     <span class='ocr_line' id='line_1_18' title="bbox 75 1127 1413 1184; baseline 0.001 -14"><span class='ocrx_word' id='word_1_132' title='bbox 75 1132 201 1183; x_wconf 90' lang='lat' dir='ltr'>porta</span> <span class='ocrx_word' id='word_1_133' title='bbox 226 1129 270 1170; x_wconf 90' lang='lat' dir='ltr'>in</span> <span class='ocrx_word' id='word_1_134' title='bbox 297 1127 558 1183; x_wconf 86' lang='lat' dir='ltr'>Capitolium</span> <span class='ocrx_word' id='word_1_135' title='bbox 585 1134 710 1184; x_wconf 86' lang='lat' dir='ltr'>atque</span> <span class='ocrx_word' id='word_1_136' title='bbox 737 1129 834 1170; x_wconf 89' lang='lat' dir='ltr'>inde</span> <span class='ocrx_word' id='word_1_137' title='bbox 861 1129 1034 1170; x_wconf 89' lang='lat' dir='ltr'>domum</span> <span class='ocrx_word' id='word_1_138' title='bbox 1061 1144 1141 1173; x_wconf 68' lang='lat' dir='ltr'>sua.</span> <span class='ocrx_word' id='word_1_139' title='bbox 1164 1130 1413 1172; x_wconf 85' lang='lat' dir='ltr'>celebritate</span> 
     </span>
     <span class='ocr_line' id='line_1_19' title="bbox 75 1187 1414 1241; baseline 0.001 -13"><span class='ocrx_word' id='word_1_140' title='bbox 75 1187 323 1241; x_wconf 86' lang='lat' dir='ltr'>laetitiaque</span> <span class='ocrx_word' id='word_1_141' title='bbox 361 1187 611 1229; x_wconf 88' lang='lat' dir='ltr'>comitatum</span> <span class='ocrx_word' id='word_1_142' title='bbox 649 1188 911 1241; x_wconf 88' lang='lat' dir='ltr'>honestavit,</span> <span class='ocrx_word' id='word_1_143' title='bbox 951 1190 1097 1229; x_wconf 82' lang='lat' dir='ltr'>tantae</span> <span class='ocrx_word' id='word_1_144' title='bbox 1135 1189 1241 1230; x_wconf 89' lang='lat' dir='ltr'>mihi</span> <span class='ocrx_word' id='word_1_145' title='bbox 1271 1189 1414 1230; x_wconf 89' lang='lat' dir='ltr'>iucun-</span> 
     </span>
     <span class='ocr_line' id='line_1_20' title="bbox 79 1246 1411 1299; baseline 0.002 -12"><span class='ocrx_word' id='word_1_146' title='bbox 79 1246 205 1287; x_wconf 86' lang='lat' dir='ltr'>ditati</span> <span class='ocrx_word' id='word_1_147' title='bbox 236 1246 329 1299; x_wconf 87' lang='lat' dir='ltr'>fuit,</span> <span class='ocrx_word' id='word_1_148' title='bbox 360 1249 409 1287; x_wconf 90' lang='lat' dir='ltr'>ut</span> <span class='ocrx_word' id='word_1_149' title='bbox 434 1249 508 1287; x_wconf 86' lang='lat' dir='ltr'>tua</span> <span class='ocrx_word' id='word_1_150' title='bbox 534 1246 639 1287; x_wconf 89' lang='lat' dir='ltr'>mihi</span> <span class='ocrx_word' id='word_1_151' title='bbox 665 1247 955 1288; x_wconf 83' lang='lat' dir='ltr'>conscelerata</span> <span class='ocrx_word' id='word_1_152' title='bbox 981 1247 1058 1288; x_wconf 86' lang='lat' dir='ltr'>illa</span> <span class='ocrx_word' id='word_1_153' title='bbox 1083 1247 1146 1288; x_wconf 87' lang='lat' dir='ltr'>vis</span> <span class='ocrx_word' id='word_1_154' title='bbox 1172 1261 1259 1288; x_wconf 90' lang='lat' dir='ltr'>non</span> <span class='ocrx_word' id='word_1_155' title='bbox 1284 1248 1411 1289; x_wconf 89' lang='lat' dir='ltr'>modo</span> 
     </span>
     <span class='ocr_line' id='line_1_21' title="bbox 24 1304 1413 1359; baseline 0.003 -16"><span class='ocrx_word' id='word_1_156' title='bbox 24 1319 57 1343; x_wconf 83' lang='lat'>20</span> <span class='ocrx_word' id='word_1_157' title='bbox 77 1319 162 1346; x_wconf 88' lang='lat' dir='ltr'>non</span> <span class='ocrx_word' id='word_1_158' title='bbox 192 1304 500 1359; x_wconf 86' lang='lat' dir='ltr'>propulsanda,</span> <span class='ocrx_word' id='word_1_159' title='bbox 538 1305 611 1345; x_wconf 89' lang='lat' dir='ltr'>sed</span> <span class='ocrx_word' id='word_1_160' title='bbox 643 1304 774 1345; x_wconf 89' lang='lat' dir='ltr'>etiam</span> <span class='ocrx_word' id='word_1_161' title='bbox 806 1305 1011 1345; x_wconf 83' lang='lat' dir='ltr'>armanda</span> <span class='ocrx_word' id='word_1_162' title='bbox 1042 1304 1174 1346; x_wconf 87' lang='lat' dir='ltr'>fuisse</span> <span class='ocrx_word' id='word_1_163' title='bbox 1206 1306 1413 1347; x_wconf 87' lang='lat' dir='ltr'>videatur.</span> 
     </span>
     <span class='ocr_line' id='line_1_22' title="bbox 75 1362 1413 1417; baseline 0.001 -13"><span class='ocrx_word' id='word_1_164' title='bbox 75 1362 213 1411; x_wconf 82' lang='lat' dir='ltr'>Quare</span> <span class='ocrx_word' id='word_1_165' title='bbox 251 1363 328 1404; x_wconf 89' lang='lat' dir='ltr'>illa</span> <span class='ocrx_word' id='word_1_166' title='bbox 365 1362 609 1416; x_wconf 84' lang='lat' dir='ltr'>calamitas,</span> <span class='ocrx_word' id='word_1_167' title='bbox 649 1364 685 1404; x_wconf 90' lang='lat' dir='ltr'>si</span> <span class='ocrx_word' id='word_1_168' title='bbox 722 1363 782 1404; x_wconf 89' lang='lat' dir='ltr'>ita</span> <span class='ocrx_word' id='word_1_169' title='bbox 815 1366 880 1404; x_wconf 92' lang='lat' dir='ltr'>est</span> <span class='ocrx_word' id='word_1_170' title='bbox 912 1363 1188 1417; x_wconf 87' lang='lat' dir='ltr'>appellanda,</span> <span class='ocrx_word' id='word_1_171' title='bbox 1227 1364 1413 1405; x_wconf 84' lang='lat' dir='ltr'>excussit</span> 
     </span>
     <span class='ocr_line' id='line_1_23' title="bbox 74 1421 1413 1476; baseline 0 -13"><span class='ocrx_word' id='word_1_172' title='bbox 74 1421 154 1463; x_wconf 86' lang='lat' dir='ltr'>hoc</span> <span class='ocrx_word' id='word_1_173' title='bbox 188 1435 322 1476; x_wconf 88' lang='lat' dir='ltr'>genus</span> <span class='ocrx_word' id='word_1_174' title='bbox 354 1424 492 1462; x_wconf 88' lang='lat' dir='ltr'>totum</span> <span class='ocrx_word' id='word_1_175' title='bbox 525 1421 759 1474; x_wconf 86' lang='lat' dir='ltr'>maledicti,</span> <span class='ocrx_word' id='word_1_176' title='bbox 796 1435 848 1462; x_wconf 87' lang='lat' dir='ltr'>ne</span> <span class='ocrx_word' id='word_1_177' title='bbox 882 1422 1107 1475; x_wconf 87' lang='lat' dir='ltr'>quisquam</span> <span class='ocrx_word' id='word_1_178' title='bbox 1138 1422 1226 1463; x_wconf 90' lang='lat' dir='ltr'>iam</span> <span class='ocrx_word' id='word_1_179' title='bbox 1259 1422 1413 1463; x_wconf 87' lang='lat' dir='ltr'>audeat</span> 
     </span>
     <span class='ocr_line' id='line_1_24' title="bbox 74 1480 1412 1534; baseline 0.001 -13"><span class='ocrx_word' id='word_1_180' title='bbox 74 1480 381 1534; x_wconf 82' lang='lat' dir='ltr'>reprehendere</span> <span class='ocrx_word' id='word_1_181' title='bbox 413 1481 683 1520; x_wconf 89' lang='lat' dir='ltr'>consulatum</span> <span class='ocrx_word' id='word_1_182' title='bbox 714 1494 856 1520; x_wconf 85' lang='lat' dir='ltr'>meum</span> <span class='ocrx_word' id='word_1_183' title='bbox 888 1483 966 1532; x_wconf 89' lang='lat' dir='ltr'>tot,</span> <span class='ocrx_word' id='word_1_184' title='bbox 996 1480 1142 1533; x_wconf 80' lang='lat' dir='ltr'>tantiS,</span> <span class='ocrx_word' id='word_1_185' title='bbox 1174 1483 1263 1521; x_wconf 88' lang='lat' dir='ltr'>tam</span> <span class='ocrx_word' id='word_1_186' title='bbox 1289 1495 1412 1522; x_wconf 88' lang='lat' dir='ltr'>orna-</span> 
     </span>
     <span class='ocr_line' id='line_1_25' title="bbox 74 1537 1411 1593; baseline 0.001 -14"><span class='ocrx_word' id='word_1_187' title='bbox 74 1539 129 1580; x_wconf 89' lang='lat' dir='ltr'>tis</span> <span class='ocrx_word' id='word_1_188' title='bbox 168 1538 353 1589; x_wconf 87' lang='lat' dir='ltr'>iudiciis,</span> <span class='ocrx_word' id='word_1_189' title='bbox 390 1537 666 1590; x_wconf 89' lang='lat' dir='ltr'>testimoniis,</span> <span class='ocrx_word' id='word_1_190' title='bbox 705 1538 1033 1579; x_wconf 82' lang='lat' dir='ltr'>auctoritatibus</span> <span class='ocrx_word' id='word_1_191' title='bbox 1072 1539 1411 1593; x_wconf 87' lang='lat' dir='ltr'>comprobatum.</span> 
     </span>
    </p>
   </div>
   <div class='ocr_carea' id='block_1_3' title="bbox 1440 1027 1483 1058">
    <p class='ocr_par' dir='ltr' id='par_1_3' title="bbox 1440 1027 1483 1058">
     <span class='ocr_line' id='line_1_26' title="bbox 1440 1027 1483 1058; baseline 0.023 -1"><span class='ocrx_word' id='word_1_192' title='bbox 1440 1027 1483 1058; x_wconf 83' lang='lat'>76</span> 
     </span>
    </p>
   </div>
   <div class='ocr_carea' id='block_1_4' title="bbox 21 1595 1480 1650">
    <p class='ocr_par' dir='ltr' id='par_1_4' title="bbox 21 1595 1480 1650">
     <span class='ocr_line' id='line_1_27' title="bbox 21 1595 1480 1650; baseline 0.002 -15"><span class='ocrx_word' id='word_1_193' title='bbox 21 1610 53 1635; x_wconf 77' lang='lat'>25</span> <span class='ocrx_word' id='word_1_194' title='bbox 74 1595 234 1645; x_wconf 82' lang='lat' dir='ltr'>Quodsi</span> <span class='ocrx_word' id='word_1_195' title='bbox 262 1597 305 1637; x_wconf 86' lang='lat' dir='ltr'>in</span> <span class='ocrx_word' id='word_1_196' title='bbox 336 1597 420 1637; x_wconf 85' lang='lat' dir='ltr'>isto</span> <span class='ocrx_word' id='word_1_197' title='bbox 452 1600 526 1638; x_wconf 89' lang='lat' dir='ltr'>tuo</span> <span class='ocrx_word' id='word_1_198' title='bbox 558 1596 785 1638; x_wconf 88' lang='lat' dir='ltr'>maledicto</span> <span class='ocrx_word' id='word_1_199' title='bbox 812 1597 1017 1650; x_wconf 89' lang='lat' dir='ltr'>probrum</span> <span class='ocrx_word' id='word_1_200' title='bbox 1042 1611 1128 1638; x_wconf 89' lang='lat' dir='ltr'>non</span> <span class='ocrx_word' id='word_1_201' title='bbox 1153 1597 1279 1638; x_wconf 89' lang='lat' dir='ltr'>modo</span> <span class='ocrx_word' id='word_1_202' title='bbox 1306 1597 1411 1638; x_wconf 90' lang='lat' dir='ltr'>mihi</span> <span class='ocrx_word' id='word_1_203' title='bbox 1425 1600 1480 1642; x_wconf 80' lang='lat'>29</span> 
     </span>
    </p>
   </div>
   <div class='ocr_carea' id='block_1_5' title="bbox 22 1655 1411 2353">
    <p class='ocr_par' dir='ltr' id='par_1_5' title="bbox 73 1655 1411 1884">
     <span class='ocr_line' id='line_1_28' title="bbox 73 1655 1411 1711; baseline 0.001 -15"><span class='ocrx_word' id='word_1_204' title='bbox 73 1656 239 1696; x_wconf 84' lang='lat' dir='ltr'>nullum</span> <span class='ocrx_word' id='word_1_205' title='bbox 278 1655 484 1707; x_wconf 87' lang='lat' dir='ltr'>obiectas,</span> <span class='ocrx_word' id='word_1_206' title='bbox 529 1655 602 1695; x_wconf 89' lang='lat' dir='ltr'>sed</span> <span class='ocrx_word' id='word_1_207' title='bbox 640 1656 769 1696; x_wconf 88' lang='lat' dir='ltr'>etiam</span> <span class='ocrx_word' id='word_1_208' title='bbox 808 1655 977 1696; x_wconf 89' lang='lat' dir='ltr'>laudem</span> <span class='ocrx_word' id='word_1_209' title='bbox 1015 1655 1218 1696; x_wconf 90' lang='lat' dir='ltr'>inlustras</span> <span class='ocrx_word' id='word_1_210' title='bbox 1259 1671 1411 1711; x_wconf 89' lang='lat' dir='ltr'>meam,</span> 
     </span>
     <span class='ocr_line' id='line_1_29' title="bbox 75 1713 1409 1768; baseline 0.001 -13"><span class='ocrx_word' id='word_1_211' title='bbox 75 1714 175 1768; x_wconf 90' lang='lat' dir='ltr'>quid</span> <span class='ocrx_word' id='word_1_212' title='bbox 223 1717 265 1755; x_wconf 89' lang='lat' dir='ltr'>te</span> <span class='ocrx_word' id='word_1_213' title='bbox 305 1717 378 1755; x_wconf 86' lang='lat' dir='ltr'>aut</span> <span class='ocrx_word' id='word_1_214' title='bbox 415 1713 507 1754; x_wconf 89' lang='lat' dir='ltr'>fieri</span> <span class='ocrx_word' id='word_1_215' title='bbox 545 1716 618 1754; x_wconf 89' lang='lat' dir='ltr'>aut</span> <span class='ocrx_word' id='word_1_216' title='bbox 655 1713 761 1768; x_wconf 87' lang='lat' dir='ltr'>fingi</span> <span class='ocrx_word' id='word_1_217' title='bbox 800 1713 1038 1755; x_wconf 86' lang='lat' dir='ltr'>dementius</span> <span class='ocrx_word' id='word_1_218' title='bbox 1075 1714 1246 1768; x_wconf 79' lang='lat' dir='ltr'>potest?</span> <span class='ocrx_word' id='word_1_219' title='bbox 1314 1713 1409 1756; x_wconf 90' lang='lat' dir='ltr'>Uno</span> 
     </span>
     <span class='ocr_line' id='line_1_30' title="bbox 75 1772 1411 1826; baseline 0.001 -13"><span class='ocrx_word' id='word_1_220' title='bbox 75 1772 187 1813; x_wconf 90' lang='lat' dir='ltr'>enim</span> <span class='ocrx_word' id='word_1_221' title='bbox 219 1772 447 1813; x_wconf 89' lang='lat' dir='ltr'>maledicto</span> <span class='ocrx_word' id='word_1_222' title='bbox 480 1772 545 1812; x_wconf 86' lang='lat' dir='ltr'>bis</span> <span class='ocrx_word' id='word_1_223' title='bbox 578 1787 602 1813; x_wconf 86' lang='lat' dir='ltr'>a</span> <span class='ocrx_word' id='word_1_224' title='bbox 634 1787 700 1812; x_wconf 91' lang='lat' dir='ltr'>me</span> <span class='ocrx_word' id='word_1_225' title='bbox 732 1772 919 1826; x_wconf 87' lang='lat' dir='ltr'>patriam</span> <span class='ocrx_word' id='word_1_226' title='bbox 951 1777 1165 1813; x_wconf 84' lang='lat' dir='ltr'>servatam</span> <span class='ocrx_word' id='word_1_227' title='bbox 1197 1786 1289 1814; x_wconf 88' lang='lat' dir='ltr'>esse</span> <span class='ocrx_word' id='word_1_228' title='bbox 1315 1788 1411 1814; x_wconf 89' lang='lat' dir='ltr'>con-</span> 
     </span>
     <span class='ocr_line' id='line_1_31' title="bbox 75 1829 1411 1884; baseline 0.001 -13"><span class='ocrx_word' id='word_1_229' title='bbox 75 1831 205 1884; x_wconf 87' lang='lat' dir='ltr'>cedis,</span> <span class='ocrx_word' id='word_1_230' title='bbox 244 1832 390 1883; x_wconf 89' lang='lat' dir='ltr'>semel,</span> <span class='ocrx_word' id='word_1_231' title='bbox 432 1845 527 1871; x_wconf 88' lang='lat' dir='ltr'>cum</span> <span class='ocrx_word' id='word_1_232' title='bbox 566 1830 609 1871; x_wconf 91' lang='lat' dir='ltr'>id</span> <span class='ocrx_word' id='word_1_233' title='bbox 640 1829 738 1884; x_wconf 86' lang='lat' dir='ltr'>feci,</span> <span class='ocrx_word' id='word_1_234' title='bbox 778 1830 890 1884; x_wconf 91' lang='lat' dir='ltr'>quod</span> <span class='ocrx_word' id='word_1_235' title='bbox 922 1845 1068 1872; x_wconf 88' lang='lat' dir='ltr'>omnes</span> <span class='ocrx_word' id='word_1_236' title='bbox 1100 1831 1201 1872; x_wconf 89' lang='lat' dir='ltr'>boni</span> <span class='ocrx_word' id='word_1_237' title='bbox 1234 1835 1411 1873; x_wconf 88' lang='lat' dir='ltr'>censent</span> 
     </span>
    </p>

    <p class='ocr_par' dir='ltr' id='par_1_6' title="bbox 22 1889 1410 2174">
     <span class='ocr_line' id='line_1_32' title="bbox 22 1889 1408 1944; baseline 0.001 -16"><span class='ocrx_word' id='word_1_238' title='bbox 22 1903 56 1927; x_wconf 80' lang='lat'>30</span> <span class='ocrx_word' id='word_1_239' title='bbox 74 1889 402 1942; x_wconf 87' lang='lat' dir='ltr'>immortalitati,</span> <span class='ocrx_word' id='word_1_240' title='bbox 434 1889 469 1929; x_wconf 90' lang='lat' dir='ltr'>si</span> <span class='ocrx_word' id='word_1_241' title='bbox 497 1889 588 1930; x_wconf 88' lang='lat' dir='ltr'>fieri</span> <span class='ocrx_word' id='word_1_242' title='bbox 612 1891 769 1942; x_wconf 84' lang='lat' dir='ltr'>potest,</span> <span class='ocrx_word' id='word_1_243' title='bbox 801 1889 1100 1943; x_wconf 86' lang='lat' dir='ltr'>mandandum,</span> <span class='ocrx_word' id='word_1_244' title='bbox 1125 1893 1173 1930; x_wconf 91' lang='lat' dir='ltr'>tu</span> <span class='ocrx_word' id='word_1_245' title='bbox 1200 1889 1408 1944; x_wconf 88' lang='lat' dir='ltr'>supplicio</span> 
     </span>
     <span class='ocr_line' id='line_1_33' title="bbox 76 1947 1408 2002; baseline 0 -14"><span class='ocrx_word' id='word_1_246' title='bbox 76 1947 335 2001; x_wconf 90' lang='lat' dir='ltr'>puniendum</span> <span class='ocrx_word' id='word_1_247' title='bbox 373 1947 554 2002; x_wconf 85' lang='lat' dir='ltr'>putasti,</span> <span class='ocrx_word' id='word_1_248' title='bbox 592 1948 765 2001; x_wconf 87' lang='lat' dir='ltr'>iterum,</span> <span class='ocrx_word' id='word_1_249' title='bbox 805 1961 899 1989; x_wconf 86' lang='lat' dir='ltr'>cum</span> <span class='ocrx_word' id='word_1_250' title='bbox 936 1950 1057 1989; x_wconf 89' lang='lat' dir='ltr'>tuum</span> <span class='ocrx_word' id='word_1_251' title='bbox 1091 1948 1408 2001; x_wconf 89' lang='lat' dir='ltr'>multorumque</span> 
     </span>
     <span class='ocr_line' id='line_1_34' title="bbox 76 2005 1410 2061; baseline 0.001 -15"><span class='ocrx_word' id='word_1_252' title='bbox 76 2010 245 2058; x_wconf 88' lang='lat' dir='ltr'>praeter</span> <span class='ocrx_word' id='word_1_253' title='bbox 275 2010 317 2047; x_wconf 90' lang='lat' dir='ltr'>te</span> <span class='ocrx_word' id='word_1_254' title='bbox 349 2005 660 2047; x_wconf 87' lang='lat' dir='ltr'>inflammatum</span> <span class='ocrx_word' id='word_1_255' title='bbox 687 2007 730 2046; x_wconf 89' lang='lat' dir='ltr'>in</span> <span class='ocrx_word' id='word_1_256' title='bbox 758 2007 890 2047; x_wconf 87' lang='lat' dir='ltr'>bonos</span> <span class='ocrx_word' id='word_1_257' title='bbox 917 2007 1056 2047; x_wconf 86' lang='lat' dir='ltr'>omnis</span> <span class='ocrx_word' id='word_1_258' title='bbox 1081 2006 1289 2061; x_wconf 85' lang='lat' dir='ltr'>impetum</span> <span class='ocrx_word' id='word_1_259' title='bbox 1315 2020 1410 2047; x_wconf 91' lang='lat' dir='ltr'>meo</span> 
     </span>
     <span class='ocr_line' id='line_1_35' title="bbox 76 2064 1410 2119; baseline 0 -14"><span class='ocrx_word' id='word_1_260' title='bbox 76 2078 252 2118; x_wconf 84' lang='lat' dir='ltr'>corpore</span> <span class='ocrx_word' id='word_1_261' title='bbox 298 2064 459 2118; x_wconf 83' lang='lat' dir='ltr'>excepi,</span> <span class='ocrx_word' id='word_1_262' title='bbox 501 2079 553 2106; x_wconf 90' lang='lat' dir='ltr'>ne</span> <span class='ocrx_word' id='word_1_263' title='bbox 600 2079 692 2105; x_wconf 87' lang='lat' dir='ltr'>eam</span> <span class='ocrx_word' id='word_1_264' title='bbox 730 2064 966 2118; x_wconf 88' lang='lat' dir='ltr'>civitatem,</span> <span class='ocrx_word' id='word_1_265' title='bbox 1009 2079 1134 2119; x_wconf 87' lang='lat' dir='ltr'>quam</span> <span class='ocrx_word' id='word_1_266' title='bbox 1174 2078 1410 2106; x_wconf 81' lang='lat' dir='ltr'>servassem</span> 
     </span>
     <span class='ocr_line' id='line_1_36' title="bbox 76 2122 1115 2174; baseline 0.002 -12"><span class='ocrx_word' id='word_1_267' title='bbox 76 2122 267 2174; x_wconf 87' lang='lat' dir='ltr'>inermis,</span> <span class='ocrx_word' id='word_1_268' title='bbox 301 2126 488 2164; x_wconf 84' lang='lat' dir='ltr'>armatus</span> <span class='ocrx_word' id='word_1_269' title='bbox 519 2122 563 2164; x_wconf 92' lang='lat' dir='ltr'>in</span> <span class='ocrx_word' id='word_1_270' title='bbox 596 2122 822 2164; x_wconf 88' lang='lat' dir='ltr'>discrimen</span> <span class='ocrx_word' id='word_1_271' title='bbox 855 2123 1115 2165; x_wconf 88' lang='lat' dir='ltr'>adducerem.</span> 
     </span>
    </p>

    <p class='ocr_par' dir='ltr' id='par_1_7' title="bbox 25 2179 1409 2353">
     <span class='ocr_line' id='line_1_37' title="bbox 25 2179 1409 2236; baseline 0.004 -18"><span class='ocrx_word' id='word_1_272' title='bbox 25 2193 58 2217; x_wconf 76' lang='lat'>25</span> <span class='ocrx_word' id='word_1_273' title='bbox 165 2179 290 2233; x_wconf 89' lang='lat' dir='ltr'>Esto,</span> <span class='ocrx_word' id='word_1_274' title='bbox 331 2194 416 2221; x_wconf 89' lang='lat' dir='ltr'>non</span> <span class='ocrx_word' id='word_1_275' title='bbox 452 2180 534 2222; x_wconf 84' lang='lat' dir='ltr'>fuit</span> <span class='ocrx_word' id='word_1_276' title='bbox 570 2181 614 2222; x_wconf 90' lang='lat' dir='ltr'>in</span> <span class='ocrx_word' id='word_1_277' title='bbox 645 2195 712 2222; x_wconf 88' lang='lat' dir='ltr'>me</span> <span class='ocrx_word' id='word_1_278' title='bbox 744 2195 881 2235; x_wconf 90' lang='lat' dir='ltr'>poena</span> <span class='ocrx_word' id='word_1_279' title='bbox 912 2182 1003 2223; x_wconf 87' lang='lat' dir='ltr'>ulla</span> <span class='ocrx_word' id='word_1_280' title='bbox 1033 2181 1212 2236; x_wconf 87' lang='lat' dir='ltr'>peccati;</span> <span class='ocrx_word' id='word_1_281' title='bbox 1251 2184 1296 2222; x_wconf 90' lang='lat' dir='ltr'>at</span> <span class='ocrx_word' id='word_1_282' title='bbox 1326 2181 1409 2223; x_wconf 87' lang='lat' dir='ltr'>fuit</span> 
     </span>
     <span class='ocr_line' id='line_1_38' title="bbox 76 2236 1408 2294; baseline 0.003 -17"><span class='ocrx_word' id='word_1_283' title='bbox 76 2237 232 2279; x_wconf 88' lang='lat' dir='ltr'>iudicii.</span> <span class='ocrx_word' id='word_1_284' title='bbox 293 2236 451 2280; x_wconf 81' lang='lat' dir='ltr'>Cuius?</span> <span class='ocrx_word' id='word_1_285' title='bbox 490 2239 585 2293; x_wconf 90' lang='lat' dir='ltr'>quis</span> <span class='ocrx_word' id='word_1_286' title='bbox 625 2254 690 2280; x_wconf 88' lang='lat' dir='ltr'>me</span> <span class='ocrx_word' id='word_1_287' title='bbox 729 2254 931 2294; x_wconf 90' lang='lat' dir='ltr'>umquam</span> <span class='ocrx_word' id='word_1_288' title='bbox 969 2240 1059 2281; x_wconf 89' lang='lat' dir='ltr'>ulla</span> <span class='ocrx_word' id='word_1_289' title='bbox 1095 2240 1190 2294; x_wconf 89' lang='lat' dir='ltr'>lege</span> <span class='ocrx_word' id='word_1_290' title='bbox 1227 2239 1408 2281; x_wconf 88' lang='lat' dir='ltr'>interro-</span> 
     </span>
     <span class='ocr_line' id='line_1_39' title="bbox 74 2297 1409 2353; baseline 0.001 -17"><span class='ocrx_word' id='word_1_291' title='bbox 74 2297 206 2352; x_wconf 87' lang='lat' dir='ltr'>gavit,</span> <span class='ocrx_word' id='word_1_292' title='bbox 241 2297 334 2350; x_wconf 87' lang='lat' dir='ltr'>quis</span> <span class='ocrx_word' id='word_1_293' title='bbox 365 2297 613 2352; x_wconf 82' lang='lat' dir='ltr'>postulavit,</span> <span class='ocrx_word' id='word_1_294' title='bbox 646 2299 738 2352; x_wconf 91' lang='lat' dir='ltr'>quis</span> <span class='ocrx_word' id='word_1_295' title='bbox 771 2298 881 2339; x_wconf 89' lang='lat' dir='ltr'>diem</span> <span class='ocrx_word' id='word_1_296' title='bbox 914 2298 1049 2339; x_wconf 76' lang='lat' dir='ltr'>dixit?</span> <span class='ocrx_word' id='word_1_297' title='bbox 1100 2298 1246 2338; x_wconf 87' lang='lat' dir='ltr'>Potest</span> <span class='ocrx_word' id='word_1_298' title='bbox 1277 2297 1409 2353; x_wconf 83' lang='lat' dir='ltr'>igitur</span> 
     </span>
    </p>
   </div>
   <div class='ocr_carea' id='block_1_6' title="bbox 1435 2192 1478 2223">
    <p class='ocr_par' dir='ltr' id='par_1_8' title="bbox 1435 2192 1478 2223">
     <span class='ocr_line' id='line_1_40' title="bbox 1435 2192 1478 2223; baseline 0 0"><span class='ocrx_word' id='word_1_299' title='bbox 1435 2192 1478 2223; x_wconf 76' lang='lat'>77</span> 
     </span>
    </p>
   </div>
  </div>
 </body>
</html>
