1687 2533
217 115 305 158 342
613 116 706 151 PRO
733 116 773 151 Ρ.
801 115 952 150 sULLA
979 115 1167 151 ORATIO.

217 212 525 254 defendendum
557 212 744 267 putavit,
784 212 878 265 quis
909 211 962 252 iis
995 212 1147 253 horum
1180 211 1346 253 adfuit?
1406 211 1558 255 Nemo.

217 271 327 320 Quid
359 272 451 313 ita?
503 271 611 320 Quia
643 271 687 311 in
721 271 872 312 ceteris
905 271 1044 311 causis
1079 271 1209 312 etiam
1241 274 1444 313 nocentes
1475 271 1558 313 viri

214 330 335 385 boni,
374 330 410 371 si
440 330 670 372 necessarii
703 331 819 383 sunt,
858 329 1111 370 deserendos
1145 343 1236 371 esse
1267 344 1353 371 non
1385 333 1557 385 putant3

216 390 261 430 in
298 389 380 431 1106
417 388 603 430 crimine.
630 403 718 429 non
750 388 889 429 solum
922 388 1112 429 levitatis
1145 391 1211 429 est
1243 389 1379 444 culpa,
1410 403 1557 430 verum

216 448 347 489 etiam
391 448 601 501 quaedam
645 447 846 502 contagio
889 447 1080 500 sceleris,
1125 447 1162 488 si
1206 447 1408 489 defendas
1448 462 1556 502 eum,

217 521 342 560 quem
393 506 650 547 obstrictum
701 520 793 547 esse
843 506 1010 560 patriae
1059 506 1288 560 parricidio
1331 506 1559 561 suspicere.

218 565 356 614 Quid?
401 564 614 606 Autronio
648 579 788 606 nonne
815 564 997 617 sodales,
1029 579 1117 606 non
1144 564 1336 620 collegae
1363 565 1440 620 sui,
1472 580 1558 607 non

216 627 381 665 veteres
414 624 554 678 amici,
587 639 768 678 quorum
800 623 872 664 ille
905 623 1026 678 copia
1059 624 1274 678 quondam
1306 624 1558 678 abundarat,

214 697 301 724 non
332 683 378 723 hi
410 697 570 736 omnes,
602 683 674 737 qui
707 684 806 723 sunt
837 682 882 722 in
913 696 957 723 re
988 682 1160 736 publica
1185 682 1410 738 principes,
1442 683 1558 724 defu-

215 742 368 783 erunt?
441 740 580 783 Immo
626 742 757 782 etiam
801 741 1050 782 testimonio
1094 741 1286 796 plerique
1330 742 1557 783 laeserunt.

216 800 467 842 Statuerant
511 802 682 841 tantum
718 799 828 840 illud
873 814 964 840 esse
1004 800 1280 853 maleficium,
1323 800 1436 854 quod
1471 815 1558 841 non

215 859 340 901 modo
384 874 471 901 non
516 859 721 900 occultari
765 873 841 913 per
880 873 941 912 se,
985 859 1058 899 sed
1097 859 1226 899 etiam
1266 859 1423 913 aperiri
1460 859 1558 900 illu-

216 918 429 972 strarique
456 918 639 959 deberet.
685 917 822 966 Quam
850 917 905 958 ob
925 931 1015 958 rem
1036 917 1135 971 quid
1157 921 1233 971 est,
1260 918 1373 971 quod
1392 918 1558 972 mirere,

215 977 252 1017 si
295 992 392 1018 cum
434 977 569 1017 isdem
612 991 678 1017 1116
721 976 764 1016 111
802 976 882 1017 ]166
927 991 1053 1017 causa
1095 976 1213 1017 vides
1253 976 1418 1030 adesse,
1463 991 1557 1018 cum

216 1036 370 1089 quibus
414 1036 459 1076 in
500 1035 651 1076 ceteris
693 1034 911 1089 intellegis
956 1033 1143 1075 afuisse?
1206 1033 1303 1076 Nisi
1347 1050 1447 1076 vero
1490 1050 1556 1076 me

214 1108 345 1135 unum
378 1094 441 1135 vis
473 1093 612 1134 ferum
644 1096 815 1147 praeter
847 1095 1023 1147 ceteros,
1056 1107 1122 1134 1116
1156 1107 1369 1147 asperum,
1401 1108 1468 1134 me
1493 1094 1558 1135 in-

214 1152 450 1193 humanum
477 1152 725 1204 existimari,
751 1166 818 1192 me
845 1152 1056 1206 singulari
1076 1151 1332 1192 inmanitate
1353 1154 1395 1192 et
1415 1152 1558 1193 crude-

216 1211 339 1252 litate
378 1211 632 1266 praeditum.
694 1210 815 1251 Hanc
848 1210 954 1250 mihi
985 1213 1032 1251 tu
1065 1210 1101 1251 si
1131 1213 1308 1265 propter
1341 1225 1458 1251 meas
1490 1225 1556 1252 res

216 1272 361 1325 gestas
388 1269 572 1324 imponis
598 1270 643 1310 in
670 1269 786 1310 omni
813 1269 901 1310 vita
928 1283 1033 1323 mea,
1060 1268 1289 1323 Torquate,
1317 1283 1557 1324 personam,

214 1329 489 1370 vehementer
533 1343 661 1369 erras.
729 1327 798 1368 Me
837 1330 993 1369 natura
1030 1327 1368 1381 misericordem,
1414 1328 1557 1382 patria

216 1402 422 1441 severum,
454 1387 667 1428 crudelem
699 1401 776 1427 nec
807 1386 949 1441 patria
981 1401 1058 1428 1166
1088 1388 1247 1427 natura
1281 1400 1372 1428 esse
1404 1387 1557 1439 voluit3

215 1446 395 1500 denique
427 1445 559 1486 istam
591 1446 730 1500 ipsam
757 1460 985 1500 personam
1011 1445 1307 1486 vehementem
1335 1447 1377 1486 et
1404 1459 1558 1499 acrem,

217 1520 346 1559 quam
384 1504 491 1546 1111111
522 1507 615 1545 tum
646 1506 816 1558 tempus
851 1506 892 1544 et
923 1518 989 1545 res
1022 1504 1195 1558 publica
1226 1503 1434 1558 inposuit,
1472 1504 1559 1544 iam

216 1563 416 1604 voluntas
450 1566 492 1604 et
522 1565 677 1604 natura
708 1563 802 1617 ipsa
834 1562 1030 1603 detraxit.
1086 1562 1168 1603 Illa
1200 1562 1312 1603 enim
1345 1562 1398 1603 ad
1429 1562 1557 1603 breve

215 1624 384 1675 tempus
436 1622 711 1663 severitatem
761 1621 1019 1676 postulavit,
1071 1621 1175 1663 haec
1218 1621 1263 1662 in
1307 1620 1425 1662 omni
1469 1621 1557 1662 vita

216 1680 554 1721 misericordiam
604 1680 908 1734 lenitatemque
959 1679 1186 1721 desiderat.
1261 1678 1400 1728 Quare
1448 1679 1557 1720 nihil

216 1742 297 1792 est,
336 1739 447 1792 quod
485 1753 535 1779 ex
572 1741 695 1780 tanto
728 1738 937 1780 comitatu
968 1738 1159 1779 virorum
1191 1737 1559 1791 amplissimorum

216 1811 283 1838 me
310 1811 440 1837 unum
467 1797 714 1850 abstrahas3
744 1797 924 1851 simplex
951 1797 1140 1838 officium
1166 1799 1294 1850 atque
1320 1810 1404 1836 una
1423 1796 1557 1837 bono-

216 1870 311 1896 rum
350 1858 415 1896 est
453 1855 644 1896 omnium
683 1870 822 1897 causa.
891 1854 1014 1896 Nihil
1053 1855 1154 1908 erit,
1196 1854 1309 1909 quod
1349 1854 1557 1896 admirere

215 1913 407 1967 posthac,
441 1913 477 1954 si
501 1913 546 1954 in
573 1928 622 1954 ea
648 1917 783 1968 parte,
808 1913 853 1954 in
880 1929 963 1968 qua
989 1913 1068 1955 hos
1097 1913 1284 1954 animum
1312 1912 1557 1967 adverteris,

217 1987 284 2014 1116
315 1971 490 2013 videbis.
555 1971 686 2013 Nulla
719 1975 783 2013 est
815 1972 927 2013 enim
959 1971 1003 2013 in
1034 1986 1080 2012 re
1112 1971 1284 2025 publica
1310 1985 1406 2013 mea
1430 1986 1559 2013 causa

216 2030 410 2086 propria3
459 2032 628 2084 tempus
679 2031 833 2084 agendi
878 2030 961 2071 fuit
1004 2029 1111 2071 1111111
1154 2029 1294 2084 magis
1337 2030 1559 2084 proprium

218 2104 346 2143 quam
378 2088 549 2142 ceteris,
587 2089 747 2130 doloris
782 2103 881 2130 vero
916 2090 958 2129 et
988 2088 1159 2129 timoris
1192 2090 1236 2129 et
1266 2088 1447 2143 periculi
1477 2089 1559 2129 fuit

216 2148 295 2189 illa
332 2161 460 2189 causa
498 2148 755 2200 communis3
793 2161 928 2202 neque
972 2146 1084 2187 enim
1117 2160 1196 2201 ego
1229 2149 1330 2188 tunc
1361 2147 1558 2201 princeps

218 2206 272 2247 ad
303 2206 488 2248 salutem
520 2219 610 2245 esse
636 2205 887 2259 potuissem,
914 2205 950 2246 si
977 2219 1068 2246 esse
1095 2204 1170 2245 alii
1196 2205 1372 2246 comites
1399 2205 1557 2246 noluis-

218 2267 322 2306 sent.
368 2264 507 2313 Quare
533 2277 703 2304 necesse
730 2266 806 2316 est,
834 2264 945 2317 quod
972 2263 1076 2304 mihi
1097 2263 1263 2305 consuli
1282 2262 1559 2318 praecipuum

216 2323 299 2364 fuit
341 2325 513 2378 praeter
560 2321 686 2376 alios,
731 2321 774 2362 id
810 2322 896 2362 iam
933 2321 1102 2376 privato
1142 2335 1237 2363 cum
1275 2321 1425 2363 ceteris
1466 2335 1559 2362 esse

1579 754 1612 778 10

1578 1046 1611 1071 15

1577 1340 1611 1364 20

1577 1632 1611 1658 25

1577 1924 1612 1949 30

1577 2214 1612 2241 35
