1619 2542
585 126 684 163 CAP.
712 132 803 163 4-ss
831 131 849 170 ξ
875 131 1002 164 8—14.
1368 128 1456 170 253

122 239 205 267 uno
249 224 420 266 homine
469 238 635 266 summa
679 224 795 266 salus
833 224 1113 279 periclitanda
1152 225 1213 266 rei
1251 225 1458 279 publicae.

121 283 333 333 Quamdiu
371 282 476 324 mihi
508 283 671 325 consuli
705 283 948 338 designato,
986 282 1192 337 Catilina,
1230 284 1458 325 insidiatus

123 357 185 396 es,
224 357 310 383 non
346 342 517 396 publico
557 356 624 383 me
655 341 885 397 praesidio,
928 342 1000 383 sed
1032 342 1203 397 privata
1235 343 1459 398 diligentia

123 401 301 442 defendi.
351 399 457 442 Cum
488 400 692 456 proximis
725 400 908 442 comitiis
941 401 1236 443 consularibus
1269 416 1336 443 me
1362 416 1460 443 con-

86 460 260 502 5sulem
299 459 344 500 in
379 474 527 513 campo
566 462 610 500 et
650 459 951 514 competitores
989 463 1086 502 tuos
1118 460 1358 502 interficere
1390 475 1460 502 vo-

122 519 252 573 luisti,
279 518 513 573 compressi
538 520 716 559 conatus
742 522 840 559 tuos
866 518 1052 560 nefarios
1080 520 1314 561 amicorum
1340 533 1460 574 prae-

125 577 231 619 sidio
253 580 296 619 et
315 577 450 631 copiis
469 577 587 618 nullo
607 577 794 618 tumultu
814 577 983 631 publice
1004 578 1235 632 concitat03
1269 578 1462 632 denique,

124 636 503 691 quotienscumque
534 650 601 677 me
625 636 786 690 petisti,
817 650 893 690 per
918 651 984 677 me
1010 636 1091 677 tibi
1118 637 1283 683 obstiti,
1317 651 1461 691 quam-

125 710 251 750 quam
277 694 473 736 videbam
499 694 728 748 perniciem
754 699 899 735 meam
920 709 1016 736 cum
1036 709 1194 751 magna
1214 696 1460 737 calamitate

72 765 106 790 10
124 754 186 795 rei
223 753 418 807 publicae
451 767 543 794 esse
574 753 856 795 coniunctam.
917 753 1044 795 Nunc
1074 755 1161 795 iam
1193 757 1339 809 aperte
1371 768 1462 795 rem
1491 765 1531 796 12

124 812 341 867 publicam
366 812 607 853 universam
627 812 750 867 petis,
776 812 940 867 templa
961 812 1135 854 deorum
1155 813 1463 866 inmortalium,

125 874 240 913 tecta
277 870 412 925 urbis,
449 871 582 912 vitam
614 871 803 912 omnium
836 871 1008 925 civium,
1040 871 1213 913 Italiam
1247 872 1461 926 [denique]

125 932 264 971 totam
290 930 343 971 ad
371 929 546 971 exitium
572 932 614 971 et
634 930 882 971 vastitatem
902 944 1040 972 vocas.
1085 929 1235 983 Quare,
1262 931 1462 986 quoniam

126 989 187 1042 id,
225 989 337 1043 quod
369 991 434 1030 est
464 988 669 1042 primum,
702 989 888 1044 et-quod
920 989 1046 1030 huius
1078 989 1249 1044 imperii
1281 989 1465 1043 discipli-

75 1058 107 1084 15
126 1062 289 1101 naeque
320 1047 529 1089 maiorum
560 1047 783 1102 proprium
810 1050 893 1101 est,
924 1048 1065 1090 facere
1096 1048 1284 1099 nondum
1317 1048 1464 1102 audeo,

125 1106 280 1148 faciam
309 1106 364 1160 id,
396 1106 508 1161 quod
539 1109 605 1148 est
637 1106 690 1147 ad
722 1107 996 1148 severitatem
1027 1107 1166 1148 lenius
1199 1109 1242 1148 et
1275 1107 1327 1148 ad
1354 1122 1464 1149 com-

127 1179 297 1206 munem
336 1165 518 1206 salutem
555 1165 715 1206 utilius.
775 1165 889 1206 Nam
928 1166 964 1206 si
1001 1167 1044 1206 te
1075 1165 1258 1208 interfici
1289 1166 1464 1219 iussero,

126 1223 330 1265 residebit
366 1224 412 1264 in
447 1238 492 1265 re
530 1224 703 1278 publica
740 1224 905 1278 reliqua
942 1224 1262 1266 coniuratorum
1295 1239 1465 1279 manus3

128 1282 195 1324 sin
218 1286 278 1335 tu,
304 1282 416 1337 quod
440 1284 484 1324 te
509 1282 596 1324 iam
622 1282 780 1324 dudum
809 1283 975 1337 hortor,
1001 1283 1166 1337 exieris,
1192 1283 1465 1325 exhaurietur

75 1351 110 1378 2⁰
128 1356 178 1382 ex
209 1341 312 1382 urbe
342 1344 514 1383 tuorum
546 1342 750 1383 comitum
776 1355 934 1397 magna
965 1344 1008 1383 et
1034 1342 1271 1395 perniciosa
1299 1342 1465 1384 sentina

128 1400 189 1441 rei
221 1400 428 1455 publicae.
490 1399 601 1449 Quid
633 1402 712 1454 est,
742 1399 954 1442 Catilina?
986 1414 1089 1441 num
1121 1400 1292 1441 dubitas
1323 1400 1367 1440 id
1399 1415 1466 1441 me
1494 1410 1535 1442 13

128 1458 367 1513 imperante
389 1458 540 1512 facere,
566 1459 681 1513 quod
699 1459 785 1500 iam
805 1461 880 1500 tua
901 1461 1053 1512 sponte
1072 1458 1296 1499 faciebas?
1336 1458 1465 1500 Exire

130 1531 181 1557 ex
211 1517 314 1558 urbe
345 1516 465 1558 iubet
496 1517 644 1558 consul
674 1517 855 1558 hostem.
904 1516 1152 1572 Interrogas
1185 1531 1264 1570 me,
1294 1531 1397 1558 num
1423 1518 1467 1558 in

132 1575 326 1628 exilium,
358 1589 445 1616 non
469 1575 613 1629 iubeo,
645 1575 731 1628 sed,
757 1576 794 1616 si
819 1589 887 1616 me
913 1575 1111 1628 consulis,
1138 1575 1306 1616 suadeo.
1357 1575 1467 1624 Quid
1493 1577 1519 1618 6

78 1644 112 1670 25
133 1637 198 1675 est
229 1633 353 1687 enim,
385 1632 582 1687 Catilina,
615 1634 729 1688 quod
759 1636 803 1674 te
834 1635 921 1674 iam
951 1634 997 1674 in
1021 1633 1102 1674 hac
1128 1634 1230 1675 urbe
1257 1634 1466 1676 delectare

131 1692 298 1746 possit?
335 1692 380 1732 in
417 1706 502 1745 qua
538 1706 663 1733 nemo
701 1694 767 1733 est
805 1695 925 1733 extra
961 1692 1091 1733 istam
1129 1692 1467 1734 coniurationem

131 1750 395 1804 perditorum
425 1750 667 1805 hominum,
707 1751 780 1805 qui
810 1754 853 1792 te
884 1765 971 1791 non
1003 1754 1182 1804 metuat,
1219 1766 1363 1806 nemo,
1396 1754 1468 1807 qui

131 1823 218 1851 non
258 1809 406 1850 oderit.
475 1808 590 1858 Quae
629 1811 734 1850 nota
769 1809 1026 1850 domesticae
1063 1809 1342 1864 turpitudinis
1381 1825 1468 1852 non

132 1868 276 1909 inusta
305 1868 418 1909 vitae
444 1871 543 1909 tuae
569 1867 663 1909 est‘?
695 1867 807 1921 quod
832 1868 1098 1922 privatarum
1121 1883 1263 1922 rerum
1289 1869 1467 1911 dedecus

79 1937 115 1962 30
133 1940 222 1967 non
251 1926 400 1968 haeret
429 1926 473 1967 in
503 1925 647 1968 fama?
681 1940 788 1980 quae
819 1926 965 1968 lubido
998 1927 1051 1968 ab
1084 1927 1231 1981 oculis,
1262 1928 1374 1982 quod
1404 1927 1467 1969 fa-

135 1984 253 2025 cinus
285 1999 310 2026 a
341 1985 536 2026 manibus
568 1999 771 2039 umquam
801 1984 900 2039 tuis,
931 1985 1043 2039 quod
1074 1985 1286 2040 flagitium
1318 2001 1342 2027 a
1373 1989 1466 2027 toto

135 2057 312 2097 corpore
332 2043 468 2084 afuit?
489 2043 556 2085 cui
575 2046 623 2085 tu
638 2043 969 2098 adulescentulo,
989 2058 1115 2098 quem
1127 2045 1467 2099 corruptelarum

135 2101 359 2142 inlecebris
390 2102 623 2156 inretisses,
654 2116 740 2143 non
773 2104 847 2143 aut
879 2102 932 2143 ad
964 2102 1183 2144 audaciam
1208 2103 1367 2144 ferrum
1395 2106 1467 2143 aut
1548 2152 1551 2153 ⁷

137 2159 190 2200 ad
232 2159 465 2201 lubidinem
500 2160 637 2202 facem
674 2160 948 2215 plaetulisti‘?
1015 2161 1125 2210 Quid
1162 2161 1291 2203 vero?
1333 2176 1467 2215 nuper
1496 2171 1537 2202 14

84 2227 233 2258 850um
284 2220 421 2259 morte
465 2219 696 2274 superioris
739 2219 882 2261 uxoris
925 2219 1047 2261 novis
1090 2220 1252 2274 nuptiis
1297 2219 1468 2273 domum

138 2275 455 2330 vacuefecisses,
484 2292 623 2319 nonne
656 2277 784 2319 etiam
817 2277 900 2319 alio
932 2278 1170 2320 incredibili
1202 2279 1356 2319 scelere
1379 2270 1468 2319 hoc

139 2334 275 2376 scelus
325 2335 582 2378 cumulasti?
633 2336 745 2391 quod
795 2350 873 2391 ego
917 2337 1214 2392 praeteimitto
1260 2338 1302 2377 et
1343 2335 1467 2377 facile
