1619 2542
160 83 217 124 34
521 84 613 120 PRO
639 85 688 119 M
715 82 925 120 FONTEIO
953 84 1140 121 ORATIO.

160 179 260 234 ipsa
290 195 426 246 nuper
458 180 679 223 obsidione
716 181 907 223 hostium
945 180 1128 222 libfflata
1163 195 1275 223 nunc
1315 181 1499 224 eiusdem

162 238 347 279 miseiiis
375 254 423 281 ac
448 240 648 294 periculis
668 242 971 281 commovetur
1026 238 1231 294 Denique,
1256 242 1304 281 ut
1329 243 1501 295 oportet

161 297 277 338 bello
305 296 484 350 Gallico,
516 301 564 339 ut
590 298 801 340 maimum
825 298 920 340 iura
944 312 1167 353 moresque
1192 299 1500 354 praescribunt,

159 370 284 397 nemo
330 359 396 398 est
435 356 537 398 civis
578 357 816 410 Romanus,
861 356 934 411 qui
977 356 1061 398 sibi
1102 357 1190 398 ulla
1230 358 1499 400 excusatione

159 415 366 456 utendum
389 418 530 470 putet;
557 430 704 457 omnes
728 415 845 456 illius
870 415 1113 471 provinciae
1132 416 1361 469 publicani,
1387 417 1498 472 agri·
1518 426 1535 452 5

161 474 291 527 colae,
321 474 520 529 pecuarii,
552 475 682 516 ceteri
707 474 1000 530 negotiatores
1032 488 1115 515 uno
1143 475 1285 516 animo
1310 474 1366 517 M.
1391 475 1498 516 Fon-

91 531 294 573 21teium
321 535 450 587 atque
483 548 567 573 una
595 547 698 574 voce
731 533 974 576 defendunt.
1033 534 1126 585 [17]
1160 532 1320 582 Quodsi
1351 536 1498 576 tantas

91 1129 132 1160 47

86 1773 133 1805 48

161 590 416 632 auxiliorum
441 594 689 633 nostrorum
715 592 859 647 copias
891 591 1209 634 Indutiomarus
1234 592 1326 647 ipse
1353 592 1497 646 despe-

160 649 288 702 xerit,
327 649 410 691 dux
441 650 730 706 Allobrogum
763 653 1080 704 ceterorumque
1113 649 1356 705 Gallorum,
1395 666 1498 692 num

160 707 290 749 etiam
323 708 372 749 de
405 708 556 750 matris
593 709 706 750 hunc
738 709 981 763 complexu,
1020 708 1278 750 lectissimae
1316 709 1498 751 miserri-
1518 719 1552 744 10

161 781 340 821 maeque
379 767 582 821 feminae,
624 767 745 809 vobis
788 767 1129 821 inspectantibus
1172 767 1329 809 avellet
1369 770 1498 823 atque

161 825 413 867 abstrahet?
458 826 711 880 praesertim
749 841 844 868 cum
882 826 1003 881 virgo
1042 826 1233 868 Vestalis
1271 841 1321 867 ex
1361 827 1499 868 altera

160 887 279 938 parte
309 898 559 938 germanum
584 885 763 926 fratrem
790 885 1011 940 complexa
1042 888 1188 926 teneat
1212 887 1496 940 vestramque,

159 918 336 996 iudiceso,
375 958 423 985 ac
460 943 610 998 populi
648 944 832 984 Romani
869 943 995 985 fidem
1033 944 1239 998 inplor;et
1279 958 1387 999 quae
1418 959 1496 999 pro

160 1001 280 1042 vobis
313 1001 544 1056 liberisque
570 1002 723 1043 vestris
756 1005 823 1044 tot
849 1017 981 1044 annos
1013 1003 1057 1043 in
1084 1002 1146 1043 dis
1178 1002 1496 1045 immortalibus
1517 1013 1550 1038 15

159 1060 379 1114 placandis
422 1063 630 1116 occupata
670 1064 752 1114 est,
792 1063 841 1102 ut
881 1076 930 1102 ea
970 1075 1082 1102 nunc
1123 1075 1199 1115 pro
1242 1062 1379 1103 salute
1420 1076 1497 1103 sua

159 1118 392 1173 fratrisque
418 1119 484 1160 sui
510 1119 675 1161 animos
702 1122 867 1161 vestros
899 1120 1069 1174 placare
1100 1120 1249 1174 possit.
1303 1121 1383 1172 [37]
1419 1119 1498 1162 Cui

160 1177 339 1218 miserae
369 1178 481 1232 quod
507 1178 779 1232 praesidium,
811 1179 923 1233 quod
949 1178 1156 1220 solacium
1189 1178 1400 1233 reliquum
1432 1181 1499 1220 est

158 1235 240 1277 hoc
272 1235 459 1278 amisso?
509 1235 623 1277 Nam
654 1240 816 1278 ceterae
848 1236 1030 1277 feminae
1057 1237 1233 1292 gignere
1264 1237 1382 1290 ipsae
1414 1237 1498 1279 sibi

158 1295 372 1349 praesidia
404 1298 446 1336 et
478 1295 636 1336 habere
670 1295 784 1336 domi
815 1295 1084 1336 fortunarum
1112 1295 1302 1336 omnium
1334 1296 1494 1337 socium
1516 1305 1550 1330 20

158 1352 496 1408 participemque
521 1356 718 1408 possunt3
744 1353 843 1395 huic
868 1368 968 1395 vero
989 1353 1145 1408 virgini
1168 1353 1269 1407 quid
1288 1356 1354 1395 est
1378 1368 1495 1407 prae-

158 1414 225 1452 ter
249 1411 429 1453 fratrem
455 1413 567 1467 quod
591 1415 665 1453 aut
690 1412 918 1454 iucundum
945 1415 1019 1453 aut
1039 1427 1184 1454 carum
1211 1426 1302 1453 esse
1329 1413 1494 1466 possit?

159 1469 306 1512 Nolite
332 1471 435 1526 pati,
467 1471 638 1525 iudices,
670 1486 765 1512 aras
792 1470 967 1512 deorum
991 1471 1302 1512 immortalium
1321 1470 1495 1513 Vestae-

160 1543 240 1583 que
271 1530 421 1571 matris
460 1529 686 1571 cotidianis
717 1530 896 1584 virginis
928 1529 1308 1571 lamentationibus
1346 1529 1396 1570 de
1427 1536 1495 1571 ve-

157 1591 250 1629 stro
276 1588 431 1630 iudicio
458 1588 736 1642 commoneri;
768 1588 1013 1643 prospicite,
1040 1603 1093 1629 ne
1118 1588 1194 1629 ille
1218 1588 1332 1643 ignis
1359 1591 1492 1629 aeter·
1514 1597 1548 1623 25

158 1660 238 1687 nus
280 1648 499 1688 nocturnis
543 1647 747 1689 Fonteiae
793 1647 1014 1688 laboribus
1063 1646 1308 1702 vigiliisque
1353 1661 1493 1688 serva-

159 1707 229 1746 tus
262 1705 493 1747 sacerdotis
526 1708 694 1747 vestrae
727 1706 916 1747 lacrimis
952 1705 1163 1747 extinctus
1194 1719 1285 1746 esse
1321 1705 1495 1746 dicatur.

162 1764 243 1816 [38]
257 1762 412 1804 Tendit
426 1764 478 1807 ad
492 1779 568 1806 vos
583 1765 705 1819 virgo
715 1764 904 1806 Vestalis
921 1778 1071 1805 manus
1085 1763 1298 1818 supplices
1313 1763 1494 1817 easdem,

161 1836 267 1875 quas
309 1837 387 1876 pro
426 1823 549 1864 vobis
588 1800 677 1864 diso
692 1823 1010 1864 immortalibus
1050 1823 1222 1863 tendeie
1264 1822 1493 1863 consuevit.

161 1880 328 1933 Cavete,
359 1895 412 1922 ne
443 1881 729 1936 periculosum
761 1881 1074 1936 superbumque
1106 1880 1163 1921 sit
1195 1879 1283 1920 eius
1315 1894 1391 1922 vos
1423 1880 1492 1922 ob·
1513 1891 1548 1917 3⁰

161 1939 441 1981 secr-ationem
473 1939 714 1993 repudiare,
749 1941 867 1982 cuius
898 1954 1043 1994 preces
1077 1939 1113 1979 si
1146 1938 1187 1978 di
1219 1952 1493 1993 aspernaren-

159 2000 245 2051 tur,
282 1997 387 2039 haec
425 1998 545 2039 salva
583 2012 674 2039 esse
711 2013 797 2040 non
834 2000 1020 2053 possent.
1081 1996 1302 2037 Videtisne
1340 1997 1494 2051 subito,

159 2031 337 2110 iudices,
369 2055 506 2096 virum
538 2055 840 2107 fortissimum,
870 2055 925 2097 M.
956 2054 1198 2108 Fonteium,
1229 2055 1419 2110 parentio
1451 2058 1495 2096 et

162 2114 320 2156 sororis
369 2114 774 2156 commemoratione
823 2114 1022 2155 lacrimas
1071 2112 1340 2168 profudisse?
1413 2112 1494 2162 Qui

159 2188 392 2228 numquam
429 2173 475 2214 in
506 2172 594 2214 acie
628 2173 913 2227 pertimuerit,
952 2172 1023 2226 qui
1061 2185 1105 2212 se
1137 2175 1328 2213 armatus
1366 2186 1491 2226 saepe
1508 2182 1545 2211 25

160 2232 204 2273 in
242 2231 432 2273 hostium
470 2245 644 2272 manum
681 2230 1080 2284 multitudinemque
1116 2229 1361 2284 immiserit,
1398 2245 1493 2272 eum

160 2291 204 2332 111
242 2289 332 2332 eius
376 2289 492 2331 modi
534 2289 733 2344 periculis
773 2289 917 2330 eadem
956 2302 1000 2329 se
1043 2288 1202 2330 solacia
1239 2288 1326 2330 suis
1366 2288 1493 2330 relin-
