1687 2533
183 372 224 403 13

202 1007 227 1047 6

187 1309 230 1340 14

194 2245 234 2275 15

250 88 337 129 394
623 84 716 119 PRO
745 85 784 119 L.
811 83 992 119 FLACCO
1020 82 1208 117 ORATIO.

251 198 343 225 esse
369 183 548 236 infinita,
582 182 619 222 si
646 181 751 222 mihi
776 181 909 221 libeat
935 179 1068 221 totius
1097 178 1236 234 gentis
1261 178 1307 219 in
1330 177 1590 219 testimoniis

251 242 440 284 dicendis
469 241 681 295 explicare
709 239 941 279 levitatem.
979 237 1061 279 Sed
1079 238 1278 292 proprius
1299 237 1515 291 accedam3
1540 236 1590 277 de

250 301 317 342 his
349 301 511 342 nostris
544 299 726 340 testibus
761 297 909 339 dicam.

338 358 647 400 Vehementem
681 359 971 398 accusatorem
1002 355 1118 397 nacti
1150 369 1315 408 sumus,
1346 353 1517 407 iudices,
1549 355 1592 394 et

250 418 472 459 inimicum
498 416 543 457 in
569 416 685 458 omni
711 429 864 469 genere
891 414 1083 456 odiosum
1111 428 1159 455 ac
1185 413 1432 467 molestum3
1466 426 1591 466 quem
1609 425 1626 452 5

252 491 376 531 spero
421 476 489 517 1115
533 473 676 516 nervis
719 474 811 515 fore
855 487 1013 528 magno
1051 472 1147 513 usui
1184 474 1226 513 et
1265 471 1412 513 amicis
1451 474 1494 512 et
1529 465 1592 512 rei

250 536 468 590 publicae3
507 534 581 575 sed
620 536 733 574 certe
765 532 1054 573 inflammatus
1085 530 1327 572 incredibili
1358 529 1591 585 cupiditate

252 594 362 635 hanc
407 607 580 635 causam
626 591 1026 644 accusationemque
1068 591 1266 644 suscepit.
1340 587 1422 638 Qui
1464 588 1591 630 comi-

251 656 368 694 tatus
418 652 463 692 in
506 650 777 705 inquirendo!
846 649 1107 691 Comitatum
1153 648 1263 701 1116ος
1308 647 1438 689 11111110
1490 661 1590 688 vero

253 714 437 765 quantus
471 710 696 751 exercitus!
737 723 843 762 quae
875 708 1051 761 iactura,
1085 707 1156 761 qui
1188 709 1398 762 sumptus,
1430 709 1590 760 quanta
1611 721 1644 746 ιο

252 770 445 825 largitio!
509 767 625 817 Quae
660 781 918 823 quamquam
950 767 1074 807 utilia
1107 768 1206 807 sunt
1237 779 1407 818 causae,
1443 764 1592 805 timide

252 832 398 870 tamen
441 827 553 882 dico,
598 827 710 881 quod
753 840 918 880 vereor,
961 840 1013 866 ne
1051 824 1222 866 Laelius
1261 839 1311 865 ex
1348 823 1414 864 his
1453 823 1592 874 rebus,

254 902 360 941 quas
387 886 470 928 sibi
496 885 683 939 suscepit
708 884 872 939 gloriae
899 899 1038 937 631153,
1063 886 1187 938 putet
1213 882 1375 938 aliquid
1398 882 1591 924 ora-tione

254 961 348 987 mea
392 945 600 986 sermonis
644 944 689 984 in
733 958 824 985 sese
867 946 940 984 aut
980 943 1166 984 invidiae
1211 956 1301 982 esse
1340 941 1591 995 quaesitum.

255 1005 405 1058 ltaque
430 1004 541 1045 hanc
566 1005 735 1058 partem
761 1005 901 1043 totam
926 1002 1186 1055 relinquam3
1220 1003 1389 1041 tantum
1417 1015 1441 1041 3
1466 999 1588 1040 vobis
1612 1013 1644 1040 15

255 1066 412 1118 petam,
444 1062 616 1115 iudices,
648 1064 707 1114 ut,
733 1060 770 1101 si
796 1061 894 1115 quid
920 1060 1003 1114 ipsi
1029 1059 1209 1100 audistis
1236 1059 1451 1100 communi
1476 1057 1593 1098 fama

255 1124 384 1176 atque
418 1134 612 1161 sermone
645 1120 695 1160 (16
727 1119 787 1172 vi,
825 1119 874 1159 de
907 1133 1052 1167 manu,
1092 1118 1141 1158 de
1174 1117 1322 1170 armis,
1363 1117 1412 1158 de
1446 1116 1592 1170 copiis,

255 1180 554 1231 memineritis3
594 1192 775 1232 quarum
812 1192 954 1218 rerum
992 1176 1150 1217 invidia
1188 1176 1282 1231 lege
1321 1175 1398 1216 hac
1431 1174 1593 1216 recenti

256 1253 304 1280 36
334 1253 446 1279 nova
478 1240 619 1279 certus
647 1238 712 1277 est
743 1235 1012 1290 inquisitioni
1038 1235 1242 1276 comitum
1268 1248 1468 1275 numerus
1495 1248 1591 1274 con-

258 1297 446 1338 stitutus.
491 1295 573 1336 Sed
604 1298 651 1336 ut
682 1295 794 1336 113116
826 1295 908 1335 vim
943 1294 1154 1347 omittam,
1187 1296 1346 1347 quanta
1378 1292 1455 1334 illa
1482 1294 1592 1346 sunt,
1613 1309 1627 1333 ε

256 1370 363 1410 quae
408 1355 609 1409 quoniam
654 1353 917 1395 accusatorio
961 1353 1052 1393 iure
1096 1355 1139 1393 et
1175 1366 1293 1393 more
1332 1353 1433 1392 sunt
1467 1350 1592 1401 facta,

255 1414 564 1469 reprehendere
607 1427 694 1454 non
738 1426 984 1466 possumus,
1034 1411 1152 1465 queri
1195 1413 1340 1451 tamen
1384 1409 1593 1464 cogimur!

255 1473 441 1527 primum
475 1472 586 1527 quod
619 1471 860 1512 distributis
892 1470 1087 1525 partibus
1114 1483 1253 1510 sermo
1280 1471 1346 1510 est
1371 1470 1466 1510 tota
1490 1468 1594 1509 Asia

257 1532 490 1585 dissipatus
524 1530 598 1572 Cn.
629 1530 890 1584 Pompeium,
923 1528 1035 1582 quod
1066 1527 1111 1570 L.
1142 1527 1295 1569 Flacco
1328 1530 1440 1568 esset
1470 1526 1594 1567 vehe-

259 1593 424 1631 menter
467 1589 682 1642 inimicus,
733 1587 1000 1629 contendisse
1045 1602 1069 1628 a
1113 1586 1163 1628 D.
1208 1585 1371 1639 Laelio,
1414 1587 1591 1639 paterno
1613 1596 1646 1621 25

258 1649 392 1690 amico
420 1663 468 1689 36
493 1646 822 1703 pernecessario,
855 1649 902 1687 ut
926 1645 1038 1687 hunc
1064 1646 1143 1686 hoc
1169 1645 1322 1686 iudicio
1351 1645 1594 1696 arcesseret,

258 1721 510 1761 omnemque
537 1706 575 1747 ei
601 1721 723 1747 suam
745 1705 1058 1757 auctoritatem,
1086 1703 1284 1758 gratiam,
1310 1702 1467 1757 copiaS,
1492 1715 1594 1754 opes

259 1765 312 1807 ad
342 1765 423 1806 hoc
454 1765 677 1820 negotium
710 1763 1014 1805 conficiendum
1048 1762 1259 1803 detulisse.
1314 1760 1364 1802 Id
1394 1760 1476 1801 hoc
1506 1760 1595 1800 veri

258 1824 442 1865 similius
470 1823 644 1864 Graecis
670 1822 914 1864 hominibus
942 1821 1176 1869 videbatur,
1203 1819 1315 1873 quod
1340 1818 1469 1873 paulo
1496 1820 1594 1860 ante

258 1883 303 1924 in
341 1882 488 1923 eadem
525 1881 745 1935 provincia
781 1880 1038 1921 familiarem
1069 1878 1261 1920 Laelium
1293 1877 1445 1919 Flacco
1483 1876 1595 1918 vide·
1613 1889 1648 1913 30

259 1943 369 1982 rant.
412 1940 590 1994 Pompei
617 1943 761 1980 autem
788 1938 1021 1980 auctoritas
1048 1952 1142 1979 cum
1169 1935 1280 1991 apud
1308 1950 1454 1977 omnes
1474 1937 1596 1976 tanta

260 2002 337 2053 est,
372 2002 529 2053 quanta
561 2012 652 2039 esse
684 1998 821 2051 debet,
853 2001 942 2038 tum
976 1996 1145 2037 excellit
1175 1994 1218 2035 in
1250 1994 1336 2036 ista
1366 1993 1597 2048 provincia,

262 2073 389 2112 quam
426 2070 562 2112 nuper
602 2058 644 2097 et
680 2057 943 2110 praedonum
983 2057 1024 2095 et
1055 2067 1204 2107 regum
1236 2053 1351 2094 bello
1384 2052 1595 2093 liberavit.

260 2115 468 2158 Adiunxit
498 2115 595 2167 illa,
626 2116 674 2154 ut
706 2129 796 2168 eos,
829 2114 901 2169 qui
933 2113 1056 2154 domo
1090 2112 1201 2152 exire
1232 2111 1449 2163 nolebant,
1479 2111 1597 2152 testi-

262 2174 395 2216 monii
428 2173 751 2215 denuntiatione
783 2175 974 2224 terreret,
1006 2170 1077 2225 qui
1109 2169 1223 2211 domi
1256 2173 1368 2211 stare
1393 2184 1479 2210 non
1504 2170 1596 2224 pot·
1616 2178 1649 2204 3⁵

264 2235 398 2287 erant,
431 2233 554 2287 largo
587 2233 629 2272 et
661 2230 831 2271 liberali
863 2230 1016 2271 viatico
1051 2230 1349 2270 commoveret.
1400 2226 1468 2269 Sic
1500 2227 1597 2268 adu-

262 2293 424 2333 lescens
452 2290 614 2345 ingenii
640 2289 790 2343 plenus
817 2289 1051 2342 locupletes
1073 2289 1201 2340 metu,
1226 2289 1373 2327 tenues
1393 2285 1598 2340 praemiO,
