1619 2542
557 113 657 149 GAP.
685 118 798 149 9—11
825 118 844 158 g
870 118 1019 150 20—25.
1351 117 1435 158 271

97 209 247 265 possit.
290 209 559 251 Postremum
580 212 721 251 autem
742 223 875 266 genus
896 213 962 252 est
980 225 1068 253 non
1087 212 1227 255 solum
1246 228 1437 268 numero,

98 283 241 310 verum
283 269 414 310 etiam
452 283 604 322 genere
643 269 737 323 ipso
769 270 895 323 atque
926 270 1034 325 vita,
1072 271 1185 325 quod
1214 273 1436 327 proprium

98 325 309 368 Catilinae
342 330 419 380 est,
451 327 501 369 de
533 327 622 368 eius
655 327 823 381 dilectu,
854 328 985 371 immo
1011 343 1111 371 vero
1137 330 1188 372 de
1213 332 1437 385 complexu

99 386 188 427 eius
227 400 276 428 ac
313 387 425 440 sinu3
463 400 569 441 quos
607 400 714 440 pexo
754 386 910 442 capillo
949 388 1108 430 nitidos
1141 391 1214 430 aut
1244 389 1436 432 inberbis

61 455 78 480 ⁵
100 448 173 485 aut
192 445 297 486 bene
317 445 522 487 barbatos
542 444 709 499 videtis,
729 445 954 488 manicatis
975 450 1018 488 et
1037 447 1247 490 talaribus
1267 450 1436 503 tunicis,

97 503 205 544 velis
231 503 423 557 amictos,
448 518 534 545 non
559 503 695 559 togis3
722 518 903 558 quorum
931 506 1069 548 omnis
1088 506 1302 549 industria
1320 508 1435 550 vitae

98 564 141 603 et
172 562 379 616 vigilandi
404 562 528 603 labor
553 562 599 603 in
623 563 890 605 antelucanis
916 563 1031 606 cenis
1058 566 1334 620 expromitur.
1384 566 1435 609 In

96 620 164 661 his
197 620 400 676 gregibus
433 635 579 662 omnes
611 621 842 676 aleatores,
875 637 1019 664 omnes
1053 623 1253 679 adulteri,
1285 639 1432 667 omnes

96 679 239 733 inpuri
270 679 539 734 inpudicique
571 677 811 722 versantur.
860 680 919 722 Hi
950 682 1196 736 pueritam
1227 684 1358 739 lepidi
1384 699 1432 726 ac

46 749 79 774 10
98 738 268 779 delicati
303 753 390 780 non
427 739 566 780 solum
605 753 749 780 amare
787 741 829 781 et
862 741 997 782 amari
1029 755 1165 795 neque
1196 742 1356 784 saltare
1389 746 1432 785 et

98 799 288 851 cantare,
325 797 399 838 sed
436 798 566 839 etiam
605 797 714 840 sicas
752 798 923 840 vibrare
961 802 1004 841 et
1035 814 1237 854 spargere
1268 816 1432 843 venena

97 855 346 897 didicerunt.
417 854 498 904 Qui
540 855 624 898 nisi
672 859 843 910 exeunt,
895 857 980 899 nisi
1023 861 1222 913 pereunt,
1262 860 1432 902 etiamsi

98 913 284 956 Catilina
308 914 496 969 perierit,
528 916 682 956 scitote
708 915 788 957 hoc
813 917 859 957 in
884 930 929 957 re
955 917 1128 970 publica
1155 918 1431 960 seminarium

98 971 379 1014 Catilinarum
431 973 634 1016 futurum.
693 972 855 1016 Verum
897 977 1044 1017 tamen
1089 977 1189 1030 quid
1233 978 1315 1018 sibi
1358 978 1432 1019 isti

44 1041 78 1068 15
97 1031 242 1072 miseri
282 1032 466 1073 volunt?
502 1047 605 1074 num
643 1047 741 1074 suas
775 1047 917 1075 secum
949 1035 1222 1076 mulierculas
1255 1039 1355 1078 sunt
1386 1037 1431 1078 in

97 1093 239 1132 castra
276 1090 475 1132 ducturi?
536 1090 670 1139 Quem
702 1091 754 1132 ad
786 1092 958 1134 modum
993 1093 1141 1135 autem⁴
1168 1094 1255 1136 illis
1287 1110 1430 1137 carere

96 1151 315 1203 poterunt,
354 1149 422 1191 his
460 1150 713 1203 praesertim
749 1151 834 1192 iam
872 1152 1099 1194 noctibus?
1163 1152 1255 1201 Quo
1289 1156 1431 1195 autem

96 1210 223 1261 pacto
261 1208 326 1248 illi
363 1208 666 1263 Appenninum
705 1211 832 1263 atque
871 1210 969 1252 illas
1007 1211 1185 1265 pruinas
1223 1227 1272 1253 ac
1308 1213 1429 1254 nives

96 1266 340 1320 perferent?
371 1268 454 1308 nisi
485 1267 644 1309 idcirco
676 1281 721 1309 se
751 1268 921 1310 facilius
953 1269 1137 1311 hiemem
1169 1271 1429 1313 toleraturos

43 1336 77 1360 20
95 1327 266 1379 putant,
298 1325 411 1378 quod
440 1325 543 1367 nudi
572 1325 617 1367 in
648 1326 852 1368 conviviis
885 1327 1043 1369 saltare
1076 1329 1323 1371 didicerunt.

185 1383 219 1424 O
252 1384 411 1425 bellum
437 1399 593 1439 magno
621 1399 747 1439 opere
772 1386 1168 1440 pertimescendum,
1200 1402 1295 1429 cum
1321 1388 1430 1430 hanc
1446 1375 1497 1416 ῙῙ

62 1450 68 1454 “
98 1441 154 1482 sit
177 1441 403 1483 habiturus
429 1441 617 1484 Catilina
642 1446 880 1485 scortorum
906 1445 1125 1486 cohortem
1151 1446 1428 1500 praetoriam!

97 1499 302 1541 Instruite
344 1515 473 1554 nunc,
516 1500 720 1555 Quirites,
763 1504 912 1543 contra.
948 1503 1026 1544 has
1064 1506 1153 1544 tam
1190 1504 1430 1557 praeclaras

99 1557 311 1599 Catilinae
343 1559 486 1613 copias
519 1562 662 1600 vestra
692 1560 903 1614 praesidia
935 1564 1183 1616 vestrosque
1210 1563 1429 1604 exercitus.

44 1627 77 1653 25
98 1616 155 1657 Et
186 1618 373 1672 primum
407 1617 637 1672 gladiatori
666 1617 731 1658 illi
763 1618 956 1660 confecto
989 1622 1032 1660 et
1064 1621 1207 1662 saucio
1234 1622 1430 1663 consules

98 1676 462 1730 imperatoresque
494 1678 659 1717 vestros
693 1678 912 1731 opponite3
945 1677 1094 1719 deinde
1126 1681 1277 1721 contra
1307 1680 1429 1722 illam

97 1733 406 1788 naufragorum
450 1734 625 1776 eiectam
670 1749 718 1776 ac
758 1735 1027 1778 debilitatam
1068 1752 1241 1779 manum
1281 1738 1430 1780 florem

98 1793 230 1834 totius
262 1791 414 1834 Italiae
448 1807 496 1834 ao
526 1794 656 1834 robur
688 1793 862 1834 educite.
911 1794 1002 1836 Iam
1035 1810 1134 1837 vero
1166 1797 1293 1838 urbes
1319 1798 1430 1839 colo-

97 1851 265 1892 niarum
286 1866 334 1893 ac
354 1852 683 1905 municipiorum
697 1852 1014 1906 respondebunt
1029 1852 1238 1896 Catilinae
1253 1857 1429 1897 tumulis

45 1921 80 1946 30
100 1909 382 1952 silvestribus.
447 1909 596 1965 Neque
641 1924 719 1965 ego
759 1913 920 1952 ceteras
961 1913 1122 1967 copias,
1167 1918 1431 1969 ornamenta,

99 1968 309 2022 praesidia
349 1971 490 2010 vestra
515 1984 609 2010 cum
642 1969 757 2009 illius
788 1969 971 2011 latronis
1001 1971 1146 2025 inopia
1177 1975 1304 2028 atque
1337 1987 1429 2028 ege-

100 2029 210 2067 state
236 2027 426 2068 conferre
453 2027 595 2069 debeo.
646 2025 728 2068 Sed
754 2027 791 2068 si
816 2029 984 2070 omissis
1010 2029 1077 2071 his
1104 2031 1243 2084 rebus⁷
1275 2031 1427 2085 quibus
1454 2051 1472 2072 ·.

100 2099 178 2126 nos
198 2085 530 2139 suppeditamur,
556 2088 654 2141 eget
678 2086 763 2139 ille,
788 2089 949 2140 senatu,
976 2089 1189 2142 equitibus
1210 2089 1428 2140 Romanis,

100 2143 221 2194 urbe,
263 2145 442 2197 aerario,
482 2144 780 2199 vectigalibus,
821 2148 971 2187 cuncta
1007 2146 1154 2201 Italia,
1197 2148 1427 2202 provinciis

48 2212 83 2238 35
103 2201 312 2254 omnibus,
336 2202 489 2243 exteris
516 2203 773 2255 nationibus,
799 2203 834 2244 si
853 2203 921 2245 his
941 2205 1066 2247 rebus
1089 2205 1257 2247 omissis
1277 2220 1427 2247 causas

100 2260 233 2313 ipsas,
278 2274 385 2313 quae
421 2260 532 2302 inter
569 2276 613 2303 se
650 2262 900 2317 confligunt,
944 2265 1197 2305 contendere
1235 2264 1428 2318 velimus,

101 2333 151 2359 ex
183 2332 230 2359 eo
262 2317 367 2371 ipso,
400 2334 525 2373 quam
557 2319 680 2362 valde
710 2320 774 2361 illi
800 2320 977 2376 iaceant,
1007 2322 1256 2377 intellegere
1281 2336 1426 2377 possu-

1460 578 1504 609 23

1456 1427 1501 1457 24
