1619 2542
102 399 143 430 15

102 1104 142 1134 1ss

104 1702 144 1734 17

106 2330 147 2362 18

168 117 254 159 268
492 118 544 153 IN
569 119 609 153 L.
638 117 903 153 CATILINAM
930 117 1108 154 ORATIO
1129 119 1172 155 11.

168 213 297 255 minis
330 228 422 255 esse
454 214 634 267 dicetur3
666 216 709 255 et
741 217 876 268 erunt,
909 214 981 268 qui
1010 214 1146 267 illum,
1171 214 1209 256 si
1239 214 1320 256 hoc
1344 215 1505 270 fecerit,

168 286 256 314 non
287 272 543 328 improbum,
574 272 648 314 sed
680 272 895 327 miserum,
927 287 994 314 me
1018 288 1105 315 non
1131 273 1505 327 diligentissimum

170 331 401 384 consulem,
416 331 489 373 sed
504 331 845 373 crudelissimum
858 334 1090 385 tyrannum
1106 332 1339 373 existimari
1353 333 1504 374 velint!

169 389 252 431 Est
288 390 395 431 mihi
426 391 556 443 tanti,
596 389 800 443 Quirites,
836 389 961 431 huius
993 390 1178 432 invidiae
1208 390 1344 432 falsae
1376 393 1503 446 atque

168 448 338 503 iniquae
369 451 672 504 tempestatem
704 448 859 501 subire,
890 449 990 490 dum
1022 449 1147 490 modo
1181 464 1206 491 a
1229 450 1352 491 vobis
1378 450 1539 492 huius5

168 507 390 549 horribilis
410 508 514 548 belli
534 522 582 548 ac
601 507 755 548 nefarii
775 507 1011 562 periculum
1032 508 1283 562 depellatur.
1324 508 1504 550 Dicatur

170 580 271 607 sane
316 566 473 607 eiectus
512 581 602 607 esse
641 581 666 606 a
703 580 788 619 me,
831 566 931 607 dum
967 567 1094 608 modo
1133 570 1202 608 eat
1238 567 1284 609 in
1321 567 1504 609 exilium.

171 623 263 678 Sed,
289 624 394 666 mihi
415 624 586 678 credite,
611 639 696 666 non
718 628 783 666 est
802 625 952 666 iturus.
996 624 1245 680 Numquam
1265 639 1344 680 ego
1364 627 1418 668 ab
1439 627 1503 667 dis

170 683 471 725 inmortalibus
505 683 678 738 optabo,
710 682 908 737 Quirites,
939 684 1124 725 invidiae
1156 699 1276 726 meae
1301 685 1504 726 levandae

169 756 308 795 causa,
334 744 381 783 ut
405 742 451 783 L.
473 741 704 783 Catilinam
731 742 879 784 ducere
905 743 1135 784 exercitum
1161 743 1351 786 hostium
1377 746 1504 799 atque
1524 754 1559 781 10

169 800 214 842 in
246 800 375 841 armis
408 801 590 843 volitare
623 800 818 854 audiatis,
851 801 923 842 sed
954 801 1096 842 triduo
1129 804 1274 843 tamen
1306 802 1506 856 audietis;

169 860 392 913 multoque
430 860 571 915 magis
609 859 718 900 illud
753 859 903 913 timeo,
939 874 992 901 ne
1023 860 1129 901 mihi
1161 862 1218 902 sit
1248 861 1505 903 invidiosum

170 918 417 972 aliquando,
462 918 574 972 quod
617 918 740 959 illum
785 918 998 959 emiserim
1040 919 1184 973 potius
1228 934 1353 974 quam
1394 919 1505 975 quod

171 976 378 1018 eiecerim.
423 976 504 1018 Sed
536 991 631 1018 cum
664 976 752 1017 sint
782 976 989 1030 homines,
1022 978 1094 1031 qui
1125 978 1259 1032 illum,
1290 993 1386 1020 cum
1411 993 1505 1033 pro-

169 1035 305 1077 fectus
346 1035 420 1088 sit,
462 1035 644 1077 eiectum
685 1049 776 1076 esse
814 1035 974 1089 dicant,
1013 1036 1143 1089 idem,
1184 1036 1220 1077 81
1257 1036 1505 1078 interfectus
1524 1047 1559 1075 15

172 1096 301 1146 esset,
333 1093 435 1147 quid
467 1093 687 1135 dicerent?
749 1092 1016 1148 Quamquam
1048 1095 1137 1148 isti,
1170 1096 1241 1148 qui
1274 1094 1505 1137 Catilinam

169 1151 407 1194 Massiliam
438 1151 499 1193 ire
532 1152 744 1205 dictitant,
774 1167 860 1193 non
891 1155 980 1193 tam
1012 1153 1094 1194 1109
1119 1156 1354 1208 queruntur
1378 1169 1504 1208 quam

170 1214 382 1251 verentur.
430 1209 568 1252 Nemo
596 1214 661 1252 est
685 1210 866 1251 istorum
891 1214 980 1251 tam
1007 1212 1260 1266 misericors,
1285 1213 1357 1266 qui
1381 1212 1505 1253 illum

170 1283 256 1310 non
288 1269 340 1309 ad
365 1268 574 1310 Manlium
607 1284 735 1323 quam
761 1269 813 1310 ad
838 1269 1129 1312 Massilienses
1154 1270 1216 1311 ire
1241 1271 1376 1312 malit.
1425 1269 1505 1311 Ille

172 1331 332 1380 autem,
364 1327 401 1369 si
432 1328 672 1369 mehercule
703 1327 801 1381 hoc,
833 1328 946 1382 quod
977 1329 1085 1383 agit,
1115 1344 1348 1383 numquam
1380 1332 1505 1370 antea
1524 1341 1558 1366 2⁰

171 1386 423 1440 cogitasset,
473 1389 618 1428 tamen
667 1386 993 1428 latrocinantem
1044 1402 1088 1429 se
1131 1387 1313 1429 interfici
1357 1387 1506 1429 mallet

172 1459 300 1499 quam
332 1444 499 1486 exulem
530 1446 685 1487 vivere.
741 1444 864 1486 Nunc
895 1460 1008 1499 velo,
1039 1461 1133 1488 cum
1165 1446 1203 1488 ei
1228 1445 1337 1487 nihil
1368 1446 1505 1488 adhuc

170 1505 341 1558 piaetei
383 1503 518 1558 ipsius
557 1504 824 1545 voluntat-em
867 1505 1256 1559 cogitationemque
1295 1504 1505 1559 acciderit,

170 1562 254 1603 nisi
291 1562 404 1617 quod
441 1562 548 1603 vivis
586 1563 711 1604 nobis
753 1562 891 1604 Roma
927 1564 1144 1618 proiectus
1182 1567 1264 1617 est,
1308 1566 1503 1619 optemus

171 1620 336 1675 potius,
367 1623 416 1661 ut
447 1624 517 1662 eat
547 1622 591 1661 in
623 1621 815 1675 exilium,
848 1636 976 1675 quam
1008 1637 1245 1698 queramur.
1522 1632 1557 1659 25

261 1654 341 1719 Sed
374 1693 447 1720 9111·
477 1683 567 1720 tam
600 1680 669 1721 diu
695 1680 744 1720 de
776 1694 860 1721 11110
892 1680 1016 1722 hoste
1047 1680 1273 1736 loquimur,
1305 1682 1348 1722 et
1378 1681 1428 1721 de
1453 1695 1502 1722 eo

172 1736 309 1790 hoste,
341 1737 413 1791 qui
438 1738 524 1778 iam
555 1737 716 1780 fatetur
747 1753 792 1780 89
824 1753 916 1780 9889
946 1738 1127 1793 hostem,
1158 1742 1201 1780 et
1225 1753 1361 1793 quem,
1394 1739 1503 1793 quia,

173 1795 285 1849 quod
311 1809 479 1850 semper
503 1797 629 1850 volui,
661 1811 805 1838 murus
831 1797 1022 1851 interest,
1052 1812 1139 1839 non
1162 1798 1314 1851 timeo3
1346 1797 1396 1838 de
1422 1797 1502 1849 his,

174 1853 246 1907 qui
278 1853 569 1908 dissimulant,
608 1857 681 1909 qui
711 1855 873 1896 Romae
904 1858 1143 1910 remanent,
1179 1855 1250 1909 qui
1280 1855 1502 1897 nobiscum

173 1914 283 1965 sunt,
314 1911 423 1952 nihil
457 1912 662 1955 dicimus?
718 1912 832 1962 Quos
865 1914 1034 1968 quidem
1066 1928 1158 1969 ego,
1189 1913 1226 1955 81
1256 1914 1345 1955 11110
1377 1914 1503 1956 modo
1521 1925 1557 1950 30

171 1969 264 2011 fieri
289 1970 446 2024 possit,
483 1985 569 2011 non
599 1974 689 2013 tam
720 1973 868 2014 ulcisci
899 1972 1047 2013 studeo
1081 1986 1208 2026 quam
1240 1985 1389 2013 sanare
1421 1973 1503 2014 sibi

171 2030 306 2082 ipsos,
342 2028 513 2083 placare
545 2030 606 2070 rei
638 2030 849 2083 publicae,
879 2045 1027 2084 neque,
1058 2030 1101 2071 id
1133 2045 1263 2084 quare
1293 2031 1386 2072 fieri
1415 2045 1503 2073 non

172 2087 320 2141 possit,
352 2087 389 2127 si
419 2101 487 2128 me
519 2088 664 2129 audire
695 2089 851 2142 volent,
882 2089 1095 2143 intellego.
1138 2089 1360 2143 Exponam
1393 2090 1503 2130 enim

172 2145 312 2199 vobis,
351 2143 556 2198 Quirites,
598 2160 647 2186 ex
686 2147 839 2200 quibus
877 2146 1102 2201 generibus
1142 2147 1363 2188 hominum
1393 2148 1503 2189 istae

174 2205 320 2258 copiae
357 2206 678 2258 comparentur3
719 2205 866 2246 deinde
904 2205 1080 2259 singulis
1119 2205 1370 2248 medicinam
1408 2215 1557 2248 con-35

176 2262 260 2303 silii
297 2264 424 2317 atque
462 2261 668 2303 orationis
700 2277 836 2318 meae,
873 2263 910 2304 si
941 2278 1068 2317 quam
1099 2267 1267 2318 potero,
1304 2264 1504 2305 adferam.

174 2320 317 2362 Unum
358 2334 491 2375 genus
537 2322 603 2361 est
639 2334 802 2376 eorum,
847 2322 918 2376 qui
959 2335 1115 2376 magno
1152 2322 1196 2362 in
1234 2336 1328 2363 aere
1366 2322 1503 2363 alieno
