1687 2533
567 109 667 145 CAP.
695 113 786 144 7-9
812 113 831 151 ξ
860 113 901 144 14
915 113 1006 144 -18.
1370 112 1453 152 521

114 221 191 262 per
224 221 292 248 me
325 209 399 248 aut
431 207 484 248 ab
518 206 614 247 aliis
646 206 869 256 haberem,
909 220 995 247 non
1026 206 1314 259 praedicarem
1346 208 1458 261 apud

115 280 209 320 vos,
257 280 310 307 ne
350 266 478 307 nimis
521 265 697 320 gloriari
737 265 920 318 viderer3
969 265 1042 306 sed
1086 279 1182 306 cum
1223 266 1310 306 sint
1351 267 1457 308 mihi

117 324 220 366 data
245 339 270 366 a
295 325 430 378 vobis,
462 338 557 365 cum
590 339 639 365 ea
672 324 991 377 adtemptentur
1023 323 1112 364 eius
1145 324 1305 380 lingua,
1338 325 1455 367 cuius

119 386 218 425 ante
256 398 385 424 manu
424 397 570 424 eversa
607 397 683 424 vos
722 382 828 423 mihi
868 385 910 423 et
941 382 1088 423 liberis
1121 385 1226 424 meis
1259 384 1456 425 manibus

77 441 268 483 5vestris
307 442 570 495 reddidistis,
607 456 693 482 non
732 455 810 496 ego
851 441 901 482 de
940 441 1064 495 meis,
1103 442 1175 482 sed
1215 442 1264 483 de
1298 444 1453 484 vestris

112 500 237 542 factis
264 501 418 555 loquor
441 515 518 542 nec
544 514 703 554 vereor,
729 514 781 540 ne
807 500 911 541 haec
938 515 1033 541 mea
1058 504 1301 542 vestrorum
1328 502 1453 543 bene-

111 559 305 601 ficiorum
337 559 595 614 praedicatio
629 573 715 600 non
747 561 872 613 grata
903 559 1046 613 potius
1080 574 1208 614 quam
1235 560 1453 614 adrogans

112 618 316 659 videatur.
367 617 645 672 Quamquam,
671 618 707 658 si
732 632 799 658 me
826 618 960 659 tantis
986 618 1208 659 laboribus
1235 634 1313 673 pro
1341 634 1452 660 com-

113 677 230 718 muni
257 677 396 718 salute
422 676 693 731 perfunctum
721 676 900 717 ecferret
927 676 1156 731 aliquando
1185 677 1236 718 ad
1271 678 1454 732 gloriam

62 746 94 771 10
114 735 157 776 in
188 735 427 776 refutandis
467 735 705 776 maledictis
743 735 965 776 hominum
997 736 1292 801 improborum
1325 738 1455 778 animi

114 794 286 848 quidam
309 794 442 847 dolor,
469 795 562 848 quis
582 808 668 835 non
687 795 959 849 ignosceret?
998 793 1099 835 Vidi
1119 795 1232 835 enim
1252 795 1454 837 hesterno

113 853 179 894 die
207 853 416 908 quendam
443 856 796 906 murmurantem,
822 868 947 907 quem
969 853 1142 894 aiebant
1167 868 1327 919 negare
1353 854 1457 896 ferri

111 926 179 953 me
205 926 343 965 posse,
376 913 488 966 quia,
520 926 615 952 011111
641 912 694 952 ab
720 911 800 952 hoc
828 912 976 953 eodem
1002 913 1294 966 impurissimo
1322 914 1455 968 pani-

113 970 206 1012 cida
238 984 427 1026 rogarer,
459 970 576 1012 cuius
609 984 746 1011 essem
778 971 986 1023 civitatis,
1024 971 1224 1025 respondi
1256 986 1323 1012 me
1355 987 1452 1026 pro·

58 1040 91 1065 15
112 1029 315 1070 bantibus
362 1032 404 1070 et
448 1029 569 1070 vobis
615 1032 656 1070 et
700 1029 914 1083 equitibus
958 1029 1165 1071 Romanis
1213 1031 1302 1071 eius
1349 1045 1454 1085 esse,

111 1103 219 1142 quae
251 1102 392 1129 carere
424 1102 491 1129 me
521 1102 608 1129 non
639 1089 861 1142 potuisset.
922 1088 1018 1143 Ille,
1058 1091 1108 1129 ut
1140 1089 1308 1143 opinor,
1340 1089 1455 1144 inge-

110 1147 231 1188 muit.
293 1145 402 1195 Quid
433 1147 568 1202 igitur
605 1147 936 1201 responderem?
973 1145 1150 1202 (quaero
1184 1162 1233 1188 ex
1266 1162 1314 1189 eo
1347 1149 1453 1202 ipso,

111 1205 183 1259 qui
218 1205 328 1246 ferre
365 1220 432 1246 me
469 1219 556 1246 non
587 1204 748 1260 potest)
782 1220 848 1246 me
881 1206 1016 1246 civem
1050 1220 1142 1247 esse
1174 1205 1451 1248 Romanum?

110 1263 322 1305 Litterate
341 1264 669 1317 respondissem.
702 1263 772 1304 An
792 1265 1052 1306 tacuissem?
1079 1264 1310 1306 Desertum
1324 1279 1453 1320 nego-

58 1333 92 1357 20
112 1323 233 1363 1111111.
288 1321 439 1363 Potest
471 1322 697 1376 quisquam
728 1322 794 1363 vir
824 1323 868 1363 in
898 1323 1026 1364 rebus
1058 1324 1226 1377 magnis
1260 1337 1356 1364 cum
1388 1325 1451 1365 in-

110 1381 224 1422 vidia
258 1384 452 1422 versatus
492 1382 597 1421 satis
636 1381 825 1435 graviter
863 1381 1025 1423 inimici
1058 1381 1328 1422 contumeliis
1363 1383 1452 1423 sine

112 1454 189 1481 sua
219 1439 344 1480 laude
375 1439 660 1494 respondere?
721 1440 781 1480 At
811 1440 902 1494 ipse
934 1454 1020 1481 non
1052 1440 1177 1481 modo
1210 1440 1453 1495 respondet,

113 1498 316 1552 quidquid
347 1501 503 1552 potest,
536 1512 630 1539 cum
663 1500 728 1539 est
758 1499 995 1551 lacessitus,
1027 1499 1101 1540 sed
1133 1498 1263 1539 etiam
1295 1499 1453 1554 gaudet

113 1571 158 1598 se
190 1557 243 1598 ab
277 1557 438 1610 amicis,
470 1556 570 1610 quid
601 1557 869 1611 respondeat,
903 1557 1135 1598 admoneri.

61 1625 94 1650 25
204 1614 285 1656 Sed
323 1615 524 1669 quoniam
563 1630 658 1656 mea
696 1630 824 1657 causa
867 1616 1063 1670 expedita
1107 1618 1190 1669 est,
1234 1616 1453 1658 videamus

112 1687 236 1726 nunc,
269 1673 369 1727 quid
394 1674 640 1727 haruspices
668 1674 820 1715 dicant.
870 1673 965 1729 Ego
999 1674 1110 1715 enim
1141 1674 1281 1715 fateor
1312 1689 1379 1715 me
1411 1678 1454 1716 et

113 1731 409 1785 magnitudine
435 1733 596 1773 ostenti
623 1735 665 1773 et
691 1733 903 1787 gravitate
929 1733 1123 1786 responsi
1150 1735 1191 1772 et
1217 1747 1302 1773 una
1328 1735 1456 1787 atque

114 1790 332 1832 constanti
369 1790 643 1843 haruspicum
683 1805 786 1832 voce
828 1790 1100 1831 vehementer
1137 1805 1229 1832 esse
1269 1805 1456 1833 commo-

113 1851 223 1902 tum,
256 1863 393 1902 neque
424 1848 461 1888 is
488 1863 593 1902 sum,
626 1849 709 1902 qui,
742 1850 777 1890 si
804 1848 870 1890 cui
895 1849 1007 1889 forte
1033 1849 1179 1891 videor
1203 1850 1300 1904 plus
1328 1865 1456 1904 quam

63 1917 97 1942 30
117 1907 264 1960 ceteri,
298 1907 370 1960 qui
403 1921 534 1960 aeque
567 1910 696 1960 atque
729 1921 808 1961 ego
842 1910 942 1948 sunt
974 1908 1185 1962 occupati,
1217 1909 1379 1949 versari
1411 1909 1457 1949 in

116 1965 256 2007 studio
283 1965 540 2017 litterarum,
566 1965 633 2006 his
661 1965 846 2006 delecter
869 1969 942 2006 aut
968 1969 1065 2007 utar
1086 1967 1257 2007 omnino
1284 1966 1455 2018 litteris,

116 2038 223 2089 quae
260 2027 432 2065 nostros
473 2024 638 2065 animos
675 2024 890 2065 deterrent
928 2027 1056 2079 atque
1089 2027 1272 2066 avocant
1305 2039 1329 2065 a
1360 2025 1456 2065 reli-

117 2082 253 2136 gione.
314 2082 409 2137 Ego
448 2096 546 2123 vero
588 2082 775 2136 primum
816 2082 953 2123 habeo
996 2086 1191 2125 auctores
1234 2097 1281 2124 ac
1323 2083 1456 2137 magi-

117 2142 228 2182 stros
254 2141 510 2195 religionum
540 2141 814 2181 colendarum
840 2141 1023 2182 maiores
1055 2145 1241 2194 nostros,
1274 2155 1455 2195 quorum

63 2209 98 2234 35
118 2199 224 2239 mihi
255 2201 377 2240 tanta
407 2198 540 2239 fuisse
574 2199 786 2253 sapientia
817 2199 995 2253 videtur,
1027 2203 1074 2240 ut
1107 2199 1211 2240 satis
1245 2213 1454 2253 superque

116 2257 345 2310 prudentes
391 2257 494 2310 sint,
539 2257 611 2311 qui
654 2258 826 2298 illorum
869 2258 1143 2313 prudentiam
1186 2271 1274 2298 non
1318 2257 1454 2298 dicam

117 2315 305 2370 assequi,
353 2315 443 2370 sed,
483 2317 644 2369 quanta
684 2315 830 2370 fuerit,
871 2316 1110 2371 perspicere
1151 2315 1337 2369 possint,
1383 2316 1454 2369 qui

1483 633 1524 664 17

1480 1601 1506 1642 9

1484 1653 1527 1684 18
