1687 2533
180 598 225 630 26

250 79 337 120 384
568 80 662 115 PRO
690 79 871 115 ARCHIA
896 79 1054 116 POETA
1081 79 1274 116 ORATIO.

250 175 535 230 repudiasset,
581 191 705 230 quem
746 191 824 218 nos
862 176 907 217 in
944 176 1141 218 contione
1179 176 1381 231 vidimus,
1423 192 1518 219 cum
1557 177 1596 218 ei

250 235 446 276 libellum
478 235 617 276 malus
650 238 779 290 poeta
812 235 860 275 (13
887 235 1048 289 populo
1076 235 1339 289 subiecisset,
1373 236 1486 290 quod
1511 236 1595 291 epi-

251 308 447 349 gramma
471 293 516 334 in
543 309 638 335 eum
663 293 836 335 fecisset
862 296 1031 335 tantum
1052 294 1179 336 modo
1201 294 1379 335 alternis
1400 294 1594 336 versibus

252 353 550 407 longiusculis,
585 352 735 393 statim
768 367 817 393 ex
849 352 901 393 iis
934 353 1075 405 rebus,
1109 367 1214 407 quas
1246 355 1339 394 tum
1371 354 1595 406 vendebat,

250 412 395 454 iubere
428 412 466 452 ei
497 412 736 466 praemium
767 411 911 460 tribui,
944 412 1017 452 sed
1050 426 1099 452 ea
1125 411 1383 466 condicione,
1413 426 1466 453 ne
1493 386 1595 466 quid

250 473 403 526 postea
435 471 650 512 scriberet.
696 470 777 519 Qui
810 461 1079 511 sedulitatem
1112 471 1216 511 mali
1248 473 1402 536 poetae
1428 471 1596 512 duxerit

252 530 397 583 aliquo
448 532 594 570 tamen
637 529 828 584 praemio
874 529 1067 584 dignam,
1116 529 1243 571 huius
1287 529 1508 584 ingenium
1553 532 1596 570 et

252 589 457 630 virtutem
483 589 529 628 in
550 588 775 629 scribendo
797 590 839 629 et
858 588 1025 642 copiam
1045 602 1132 629 non
1152 589 1414 654 expetisset?
1456 588 1595 637 Quid?

253 662 277 689 a
319 646 365 695 Q
404 646 582 688 Metello
627 646 722 701 Pio,
772 646 1110 688 familiarissimo
1157 662 1252 701 suo,
1303 647 1376 702 qui
1421 647 1595 689 civitate

251 706 410 747 multos
445 706 630 756 donavit,
662 720 796 760 neque
827 720 903 760 per
936 720 979 746 se
1011 720 1147 759 neque
1178 721 1254 760 per
1286 706 1486 747 Lucullos
1518 706 1595 747 1111-

251 765 541 820 petravisset?
587 765 659 819 qui
697 765 952 819 piwaeseitim
990 779 1123 818 usque
1163 779 1212 806 30
1252 765 1302 806 de
1343 765 1430 806 suis
1468 765 1594 806 rebus

253 824 382 866 scribi
414 826 600 878 cuperet,
630 826 678 864 ut
712 824 840 864 etiam
867 822 1090 865 Cordubae
1122 824 1237 864 natis
1268 824 1409 878 poetis
1436 824 1595 879 pingue

254 883 456 937 quiddam
502 882 752 924 sonantibus
798 884 926 936 atque
970 882 1244 937 peregrinum
1288 885 1434 924 tamen
1472 896 1595 924 aures

186 942 351 983 1131133
398 941 580 982 dederet.
653 939 802 995 Neque
847 940 959 982 enim
998 943 1063 982 est
1106 941 1186 982 hoc
1230 941 1595 994 dissimulandum,

183 1361 226 1393 27

185 1890 229 1921 28

254 1000 367 1055 quod
399 1001 619 1041 obscurari
649 1014 737 1041 non
773 1002 927 1054 potest,
960 1000 1033 1040 sed
1064 1014 1166 1054 prae
1198 1000 1322 1041 nobis
1354 1000 1594 1041 ferendum:

253 1059 482 1101 Trahimur
526 1073 673 1100 omnes
719 1058 859 1099 studio
905 1058 1062 1111 laudis,
1107 1061 1149 1099 et
1188 1059 1376 1112 optimus
1416 1059 1595 1124 quisque

254 1118 438 1159 maxime
477 1117 614 1171 gloria
648 1117 826 1160 ducitur.
887 1117 978 1171 Ipsi
1010 1117 1074 1157 illi
1105 1117 1356 1171 philosophi
1388 1118 1521 1159 etiam
1551 1117 1597 1158 in

252 1177 305 1218 iis
356 1176 533 1218 libellis
585 1190 690 1229 quos
742 1176 791 1216 de
842 1175 1152 1217 contemnenda
1201 1176 1340 1230 gloria
1391 1176 1596 1226 scribunt,

253 1249 410 1277 nomen
455 1249 577 1276 suum
615 1234 873 1287 inscribunt3
910 1235 954 1275 in
992 1249 1040 1276 30
1078 1234 1191 1289 ipso,
1229 1235 1274 1275 in
1312 1249 1394 1288 quo
1433 1234 1595 1290 praedi-

254 1294 468 1336 cationem
505 1293 862 1348 nobilitatemque
901 1293 1157 1348 despiciunt,
1193 1293 1432 1346 praedicari
1469 1293 1519 1334 de
1552 1307 1630 1334 333>

255 1368 303 1395 30
328 1352 544 1394 11011111131·1
569 1353 730 1393 volunt.
776 1351 977 1393 Decimus
1005 1351 1176 1406 quidem
1196 1351 1371 1402 Brutus,
1404 1366 1594 1393 summus

256 1412 321 1453 vir
365 1414 407 1452 et
449 1411 702 1464 imperator,
745 1410 865 1464 Acci,
911 1410 1160 1452 amicissimi
1204 1411 1288 1463 3111,
1334 1411 1594 1452 carminibus

255 1471 516 1525 templorum
543 1484 590 1511 ac
616 1470 979 1511 monimentorum
1007 1469 1148 1511 aditus
1170 1469 1390 1511 exornavit
1410 1484 1595 1511 suorum.

254 1529 347 1570 Iam
379 1543 479 1570 vero
511 1529 597 1582 1113,
631 1528 703 1582 (1111
734 1543 830 1570 011111
857 1528 1024 1570 Α310113
1049 1528 1190 1569 Ennio
1223 1528 1378 1569 comite
1405 1528 1596 1582 bellavit,

254 1587 430 1629 Fulvius
469 1602 555 1628 non
593 1587 806 1629 dubitavit
836 1587 989 1629 Martis
1028 1587 1252 1628 manubias
1284 1586 1418 1628 Musis
1452 1601 1594 1628 conse-

256 1661 385 1688 crare.
449 1645 606 1700 Quare,
638 1647 683 1687 in
710 1661 794 1700 qua
825 1647 929 1687 urbe
960 1646 1243 1699 imperatores
1275 1660 1408 1700 prope
1441 1645 1595 1687 armati

255 1708 478 1759 poetarum
512 1719 667 1746 nomen
695 1708 737 1746 et
762 1704 981 1746 Musarum
1009 1704 1186 1745 delubra
1212 1704 1445 1754 coluerunt,
1475 1704 1520 1745 in
1547 1718 1596 1744 ea

254 1778 341 1804 non
386 1764 540 1804 debent
584 1764 725 1819 togati
767 1763 926 1805 iudices
971 1778 996 1804 a
1032 1762 1252 1804 Musarum
1290 1762 1451 1804 honore
1491 1764 1533 1803 et
1572 1777 1596 1803 a

255 1825 481 1876 poetarum
515 1823 651 1863 salute
685 1822 926 1864 abhorrere.

346 1881 488 1934 Atque
527 1884 575 1922 ut
605 1881 647 1921 id
680 1881 883 1922 libentius
915 1880 1103 1934 faciatis,
1141 1880 1225 1920 iam
1258 1894 1325 1920 me
1357 1879 1498 1933 vobis,
1535 1879 1595 1920 iu-

257 1939 382 1993 dices,
407 1939 604 1980 indicabo
633 1942 675 1981 et
701 1940 749 1981 de
777 1954 871 1980 meo
898 1939 1082 1994 quodam
1108 1953 1251 1979 amore
1279 1938 1443 1993 gloriae
1468 1938 1595 1979 nimis

257 1998 344 2040 acri
380 1997 583 2051 fortasse,
620 2012 769 2039 verum
806 2001 953 2039 tamen
983 1998 1164 2038 honesto
1197 1997 1318 2038 vobis
1351 1997 1596 2038 confitebor.

255 2055 382 2109 Nam,
409 2070 514 2110 quas
541 2071 607 2097 res
634 2071 711 2098 nos
738 2057 782 2097 in
809 2056 1036 2099 consulatu
1055 2058 1205 2097 nostro
1226 2055 1446 2097 vobiscum
1468 2055 1595 2096 simul

256 2130 332 2169 pro
361 2115 500 2156 salute
526 2114 651 2157 huius
677 2116 790 2157 urbis
817 2118 945 2169 atque
970 2114 1139 2169 imperii
1166 2116 1208 2154 et
1232 2128 1310 2169 pro
1331 2113 1420 2155 vita
1441 2113 1596 2155 civium

257 2188 418 2228 proque
449 2173 649 2215 universa
681 2188 726 2214 re
757 2174 930 2227 publica
961 2173 1191 2228 gessimus,
1225 2172 1373 2228 attigit
1403 2171 1473 2214 hic
1504 2186 1594 2213 ver-

257 2232 375 2273 sibus
428 2234 556 2286 atque
598 2231 828 2273 inchoavit.
903 2231 1064 2280 Quibus
1111 2231 1284 2286 auditis,
1336 2231 1448 2285 quod
1492 2230 1597 2272 mihi

257 2305 416 2347 magna
447 2305 514 2332 res
548 2293 590 2332 et
620 2290 803 2332 iucunda
835 2291 926 2332 visa
958 2293 1035 2344 est,
1066 2290 1177 2331 hunc
1210 2289 1262 2331 ad
1293 2289 1595 2345 perficiendum

1617 721 1649 746 10

1616 1014 1648 1040 15

1615 1600 1648 1625 25

1615 1893 1650 1918 30

1616 2183 1650 2210 35
