1687 2533
508 96 606 132 CAP.
637 102 771 132 10—12
799 101 818 140 ξ
845 102 994 132 27—33.
1338 99 1423 140 469

84 193 210 236 modo
242 208 378 248 neque
409 208 485 248 per
517 208 636 248 quos,
667 193 1015 247 patefaciundum
1047 194 1153 235 mihi
1186 209 1276 235 esse
1311 195 1424 237 arbi-

83 256 185 294 tror.
243 251 287 293 Si
318 252 424 293 utile
455 252 518 293 rei
548 252 742 307 publicae
773 251 857 294 suit
888 252 1059 294 haurire
1091 268 1159 295 me
1189 268 1319 294 unum
1346 268 1423 308 pro

85 311 282 353 omnibus
314 311 435 352 illam
466 310 810 366 indignissimam
843 311 1147 366 calamitatem,
1178 312 1308 354 etiam
1342 312 1424 354 hoc

82 370 188 411 utile
220 372 302 423 est,
341 384 519 424 quorum
551 369 595 410 id
627 370 784 411 scelere
816 370 1045 411 conflatum
1077 370 1152 425 sit,
1189 385 1255 412 me
1289 372 1425 412 occul-

47 440 63 465 5
82 431 175 469 tare
210 431 252 470 et
282 431 437 470 tacere.
486 427 599 469 Illud
630 442 730 469 vero
764 431 828 469 est
858 429 1046 470 hominis
1078 429 1239 484 ingrati
1270 432 1424 484 tacere,

83 487 228 542 itaque
261 487 545 528 libentissime
577 487 851 542 praedicabo,
890 486 964 529 Cn.
997 488 1248 542 Pompeium
1281 489 1422 529 studio

84 549 125 586 et
170 546 427 587 auctoritate
472 560 604 600 aeque
647 549 764 598 atque
803 560 935 586 unum
974 561 1183 601 quemque
1220 549 1424 601 vestrum,

83 604 256 659 opibuS,
288 604 578 657 contentione,
610 604 826 658 precibus,
857 605 1057 659 perieulis
1090 605 1271 660 denique
1302 620 1423 660 prae-

84 663 205 718 cipue
236 678 314 718 pro
349 664 484 704 salute
516 677 610 704 mea
642 662 874 704 laborasse.
918 662 1000 704 Hic
1031 664 1129 714 tuis,
1161 664 1207 706 P.
1230 663 1424 718 Lentule,
1442 665 1494 706 12

28 733 62 759 10
84 737 180 763 cum
218 725 266 763 tu
297 721 405 763 nihil
438 721 553 763 aliud
585 721 673 762 dies
707 725 750 762 et
780 724 928 769 noctes
960 722 1043 763 nisi
1075 722 1125 764 de
1158 723 1297 764 salute
1329 737 1425 764 mea

82 780 316 835 cogitares,
348 780 537 821 consiliis
571 780 769 821 omnibus
801 780 1015 830 interfuit,
1047 781 1116 823 hic
1147 781 1228 822 tibi
1260 781 1424 837 gravis-

82 840 214 880 simus
255 841 403 880 auctor
443 838 496 880 ad
526 838 854 891 instituendam,
892 839 1166 881 fidelissimus
1199 840 1339 882 socius
1371 840 1424 881 ad

82 898 424 952 comparandam,
449 897 710 938 fortissimus
738 897 908 939 adiutor
934 898 987 938 ad
1012 913 1103 939 rem
1123 898 1423 952 perficiendam

80 956 175 1010 fuit,
207 956 276 998 hic
307 956 539 1010 municipia
565 956 838 1010 coloniasque
865 956 983 1009 adiit,
1014 956 1084 997 liic
1109 956 1263 998 Italiae
1289 957 1423 998 totius

27 1027 60 1052 15
81 1015 288 1056 auxilium
330 1014 539 1066 cupientis
572 1014 824 1068 inploravit,
862 1014 931 1056 hic
963 1015 1008 1055 in
1041 1019 1193 1056 senatu
1225 1016 1423 1070 princeps

81 1073 318 1114 sententiae
349 1073 444 1126 fuit,
476 1073 672 1127 idemque
699 1087 794 1114 cum
827 1071 920 1097 *ἧς*
947 1073 1134 1127 dixisset,
1166 1077 1257 1115 tum
1292 1074 1424 1115 etiam

79 1146 157 1186 pro
193 1132 330 1173 salute
357 1146 451 1173 mea
476 1132 685 1186 populum
710 1131 952 1173 Romanum
980 1133 1232 1186 opsecravit.
1283 1132 1422 1181 Quare
1449 1143 1492 1174 31

79 1190 209 1232 istam
236 1190 489 1243 orationem,
516 1205 599 1245 qua
625 1204 670 1232 es
696 1205 810 1244 usus,
838 1191 1014 1232 omittas
1043 1191 1154 1243 licet,
1180 1194 1281 1246 post
1300 1191 1423 1232 illam

81 1250 350 1302 sententiam,
382 1264 509 1303 quam
542 1249 731 1290 dixeram
763 1249 814 1289 de
846 1264 1027 1303 annona,
1059 1250 1310 1304 pontificum
1338 1251 1423 1291 ani-

27 1320 61 1345 20
81 1322 173 1349 mos
207 1322 298 1349 esse
333 1310 540 1359 mutatos3
572 1307 750 1361 proinde
777 1309 901 1361 quasi
927 1308 998 1348 isti
1026 1310 1100 1348 aut
1127 1308 1176 1348 de
1204 1307 1277 1349 Cn.
1298 1308 1423 1349 Pom-

80 1366 176 1419 peio
215 1366 358 1418 aliter,
403 1368 531 1419 atque
573 1379 652 1420 ego
692 1365 909 1418 existimo,
954 1366 1143 1407 sentiant
1185 1369 1277 1420 aut,
1322 1367 1424 1420 quid

81 1424 188 1465 mihi
226 1439 303 1478 pro
337 1424 631 1478 expectatione
664 1424 812 1478 populi
843 1424 1045 1474 Romani,
1082 1439 1160 1478 pro
1195 1423 1269 1466 Cn.
1301 1424 1423 1466 Pom-

80 1482 150 1537 pei
182 1482 348 1523 meritis
382 1496 484 1537 erga
516 1496 595 1535 me,
627 1496 705 1536 pro
731 1482 898 1523 ratione
923 1482 1007 1523 mei
1033 1483 1241 1537 temporis
1267 1482 1424 1524 facien-

82 1541 183 1582 dum
214 1540 362 1592 fuerit,
393 1540 594 1595 ignorent
626 1543 699 1581 aut
732 1541 880 1593 etiam,
921 1542 957 1582 si
989 1541 1107 1582 cuius
1140 1541 1250 1582 forte
1283 1542 1424 1595 ponti-

29 1612 62 1637 25
81 1599 174 1642 ficis
202 1599 403 1652 animum,
429 1599 541 1653 quod
567 1601 683 1640 certo
711 1599 797 1640 scio
824 1600 949 1640 aliter
970 1614 1072 1649 esse,
1098 1614 1192 1640 mea
1213 1599 1426 1641 sententia

83 1657 277 1711 offendit,
317 1657 402 1698 alio
435 1657 561 1698 modo
595 1657 651 1698 sit
683 1658 995 1699 constituturus
1029 1660 1102 1698 aut
1133 1658 1183 1699 de
1214 1658 1424 1713 religione

82 1716 277 1771 pontifex
310 1718 384 1756 aut
417 1715 466 1756 de
497 1730 542 1756 re
573 1716 744 1769 publica
770 1716 889 1768 civis,
919 1731 1046 1770 quam
1073 1731 1168 1757 eum
1196 1719 1270 1758 aut
1295 1717 1424 1758 caeri-

83 1775 324 1816 moniarum
356 1774 422 1815 ius
455 1777 530 1815 aut
561 1774 748 1815 civitatis
782 1775 895 1815 salus
929 1775 1130 1830 coegerit.

171 1832 397 1888 Intellego,
423 1833 658 1887 pontifices,
684 1847 750 1873 me
776 1833 902 1886 plura
922 1836 1042 1874 extra
1062 1847 1235 1875 causam
1256 1833 1424 1887 dixisse,
1451 1844 1494 1874 32

31 1904 64 1929 30
87 1906 215 1945 quam
253 1894 327 1933 aut
365 1891 509 1945 opinio
547 1891 697 1932 tulerit
730 1894 803 1932 aut
834 1891 1036 1933 voluntas
1068 1906 1183 1944 mea3
1223 1892 1296 1933 sed
1329 1906 1424 1933 cum

84 1964 152 1991 me
190 1952 423 2005 purgatum
455 1949 577 1991 vobis
618 1964 709 1990 esse
741 1964 955 2004 cuperem,
993 1953 1084 1991 tum
1118 1951 1248 1991 etiam
1281 1952 1425 1990 vestra

83 2008 129 2048 in
161 2023 228 2049 me
260 2011 423 2049 attente
460 2008 667 2049 audiendo
694 2008 939 2063 benignitas
966 2009 1162 2063 provexit
1188 2008 1425 2049 orationem

87 2080 237 2108 meam.
300 2065 381 2107 Sed
411 2066 494 2108 hoc
525 2066 809 2120 compensabo
842 2067 1052 2108 brevitate
1085 2067 1174 2108 eius
1207 2067 1426 2120 orationis,

88 2138 195 2178 quae
215 2124 401 2178 pertinet
421 2124 474 2166 ad
492 2124 631 2179 ipsam
652 2138 816 2166 causam
831 2125 1204 2179 cognitionemque
1218 2126 1424 2177 vestram3

33 2194 68 2219 35
89 2196 196 2236 quae
234 2197 327 2223 cum
366 2182 423 2223 sit
461 2183 506 2223 in
536 2183 602 2224 ius
635 2183 855 2237 religionis
889 2186 930 2224 et
961 2184 1006 2224 in
1036 2184 1103 2224 ius
1135 2183 1197 2224 rei
1228 2182 1425 2237 publicae

89 2240 332 2293 distributa,
357 2241 577 2295 religionis
602 2244 783 2295 partem,
810 2256 916 2295 quae
943 2242 1079 2283 multo
1106 2244 1172 2282 est
1190 2240 1426 2294 verbosior,

86 2298 451 2354 praetermittam,
484 2299 533 2339 de
565 2300 654 2340 iure
686 2300 748 2340 rei
779 2300 975 2354 publicae
1008 2300 1155 2341 dicam.
1219 2297 1328 2347 Quid
1360 2301 1425 2340 est
1449 2308 1493 2340 33
