1687 2533
540 113 641 148 CAP.
669 117 730 156 25,
758 117 802 148 26
829 117 847 155 ς
875 117 1023 148 ‹ia—74.
1347 113 1434 154 365

89 212 190 253 ante
240 210 387 252 oculos
435 212 601 251 vestros
652 208 892 264 proponite.
965 207 1143 262 Ecquod
1193 211 1259 250 est
1308 208 1434 250 huius

88 269 251 311 factum
285 271 360 310 aut
392 268 668 310 commissum
694 282 780 309 non
808 267 946 309 dicam
974 267 1190 322 audacius,
1221 267 1296 309 sed
1322 268 1435 321 quod

90 328 287 382 cuiquam
312 327 442 383 paulo
470 327 609 368 minus
632 327 945 368 consideratum
964 326 1211 368 videretur?
1255 325 1434 368 Factum

91 401 267 441 quaer03
298 387 473 427 verbum
507 385 667 440 ecquod
699 400 903 439 umquam
937 399 988 426 ex
1013 399 1086 426 ore
1111 385 1239 426 huius
1267 385 1434 435 excidit,

0 452 1 492 ξ
55 446 134 486 5in
179 460 262 500 quo
303 444 529 499 quisquam
573 446 721 499 posset
765 443 951 485 offendi?
1019 443 1080 484 At
1123 458 1224 486 vero
1268 444 1315 485 in
1359 444 1434 485 illa

92 503 215 560 gravi
250 502 298 545 L.
331 502 474 544 Sullae
512 503 844 557 turbulentaque
883 502 1063 544 victoria
1101 503 1194 558 quis
1233 502 1280 543 P.
1313 501 1435 544 Sulla

91 562 256 616 mitior,
297 561 391 616 quis
424 561 739 603 misericordior
770 562 970 602 inventus
1003 561 1096 602 est‘?
1159 560 1297 610 Quam
1329 561 1434 603 mul-

90 624 233 663 torum
281 621 351 662 hic
395 620 528 662 vitam
580 623 646 661 est
689 635 713 661 a
756 618 802 661 L.
830 619 950 661 Sulla
995 619 1260 674 deprecatus!
1310 634 1435 673 quam

91 679 217 721 multi
261 682 362 721 sunt
401 680 556 720 summi
592 678 789 721 homines
829 681 871 720 et
914 679 1177 720 ornatissimi
1216 681 1260 719 et
1295 679 1436 720 nostri

43 750 74 775 ιο
94 741 136 780 et
168 738 379 793 equestris
413 738 585 788 ordinis,
617 752 798 792 quorum
830 745 919 792 pro
941 737 1081 778 salute
1113 751 1158 779 se
1189 737 1259 779 hic
1291 736 1434 779 Sullae

94 797 323 852 obligavit!
389 795 504 845 Quos
553 810 632 850 ego
680 796 948 837 nominarem
997 797 1151 850 (neque
1198 795 1312 837 enim
1351 796 1436 850 ipsi

91 856 246 897 nolunt
287 858 330 896 et
370 855 469 897 huic
505 855 647 897 animo
684 855 931 910 gratissimo
969 854 1162 909 adsunt)3
1203 854 1295 908 sed,
1336 855 1436 909 quia

93 915 229 956 maius
274 917 340 955 est
382 914 654 968 beneficium,
697 928 826 968 quam
868 927 995 968 posse
1041 913 1167 954 debet
1211 913 1315 955 civis
1354 913 1436 955 civi

94 974 212 1026 dare,
243 972 338 1015 ideo
371 988 395 1013 a
426 973 550 1014 vobis
581 976 695 1027 peto,
726 975 785 1024 ut,
817 972 929 1026 quod
960 971 1115 1026 potuit,
1145 972 1331 1027 tempori
1362 972 1436 1013 tri-

0 1056 1 1070 ι
41 1043 74 1068 15
94 1032 256 1086 buatis,
294 1031 406 1086 quod
442 1031 562 1086 fecit,
599 1030 695 1085 ipsi.
757 1030 867 1079 Quid
904 1031 1113 1085 reliquam
1146 1030 1436 1073 constantiam

93 1092 207 1132 vitae
240 1104 586 1143 commemorem,
624 1089 896 1144 dignitatem,
933 1089 1256 1144 liberalitatem,
1297 1090 1436 1131 mode-

93 1149 304 1191 rationem
342 1149 386 1190 in
427 1149 608 1203 privatis
645 1148 792 1201 rebus,
830 1148 1101 1203 splendorem
1138 1146 1185 1189 in
1220 1148 1435 1203 publicis?

95 1222 201 1262 quae
232 1208 295 1249 ita
327 1207 566 1249 deformata
592 1209 692 1248 sunt
718 1222 743 1248 a
767 1206 953 1261 fortuna,
984 1210 1033 1248 ut
1057 1209 1205 1248 tamen
1230 1221 1255 1248 a
1280 1210 1436 1248 natura

94 1267 295 1308 inchoata
332 1268 604 1320 conpareant.
655 1265 772 1314 Quae
809 1266 960 1306 domus
995 1266 1168 1320 [,quae]
1203 1265 1436 1307 celebratio

41 1336 75 1362 20
94 1325 320 1379 cotidiana,
353 1340 459 1379 quae
489 1324 769 1366 familiarium
803 1323 1005 1379 dignitas,
1037 1338 1146 1377 quae
1171 1323 1312 1364 studia
1334 1324 1435 1365 ami-

96 1398 254 1438 corum,
275 1399 381 1438 quae
404 1398 452 1424 ex
475 1397 643 1437 quoque
664 1383 810 1424 ordine
832 1381 1082 1423 multitudo!
1113 1380 1232 1423 Haec
1247 1382 1318 1423 diu
1332 1382 1437 1422 mul-

95 1446 272 1496 tumque
300 1444 342 1482 et
369 1442 506 1482 multo
527 1441 675 1482 labore
697 1441 891 1494 quaesita
910 1455 996 1481 una
1018 1440 1175 1494 eripuit
1194 1439 1313 1481 hora.
1356 1439 1437 1481 Ac-

96 1500 209 1553 cepit
235 1500 280 1541 P.
302 1499 434 1553 Sulla,
458 1499 630 1552 iudices,
656 1500 809 1540 vulnus
835 1498 1061 1539 vehemens
1092 1500 1134 1539 et
1154 1498 1437 1551 mortiferum,

96 1574 243 1600 verum
274 1561 419 1599 tamen
450 1558 539 1599 eius
572 1557 699 1610 modi,
731 1557 844 1611 quod
874 1557 1089 1598 videretur
1120 1556 1245 1598 huius
1277 1557 1370 1598 vita
1395 1559 1438 1598 et

44 1629 76 1654 25
96 1620 251 1659 natura
288 1616 478 1671 accipere
515 1616 719 1671 potuisse.
779 1615 1034 1656 Honestatis
1072 1615 1185 1656 enim
1225 1617 1268 1657 et
1300 1615 1436 1671 digni-

97 1676 202 1717 tatis
228 1675 432 1717 habuisse
452 1675 580 1716 nimis
601 1688 803 1728 magnam
822 1674 1033 1715 iudicatus
1054 1676 1120 1715 est
1139 1674 1436 1729 cupiditatem3

99 1749 226 1789 quam
280 1734 315 1776 si
366 1748 490 1775 nemo
537 1732 646 1774 alius
692 1732 843 1773 habuit
884 1732 928 1773 in
973 1732 1199 1774 consulatu
1241 1733 1437 1787 petendo,

99 1793 292 1848 cupidior
341 1792 552 1834 iudicatus
603 1794 669 1832 est
712 1791 781 1832 hic
822 1790 956 1831 fuisse
1001 1805 1129 1846 quam
1173 1792 1320 1845 eeteri3
1371 1792 1438 1833 sin

101 1853 231 1892 etiam
268 1851 313 1893 in
353 1850 448 1892 aliis
487 1865 573 1892 non
610 1849 741 1891 nullis
778 1849 860 1890 fuit
897 1849 979 1890 iste
1017 1850 1266 1891 consulatus
1305 1865 1438 1904 amor,

47 1921 80 1946 80
99 1910 272 1952 fortuna
308 1910 354 1950 in
394 1909 475 1951 hoc
505 1909 588 1950 fuit
618 1909 803 1949 fortasse
836 1909 1007 1963 gravior
1038 1923 1165 1962 qua-m
1196 1908 1242 1949 in
1273 1909 1437 1950 ceteris.

100 1967 257 2009 Postea-
287 1983 387 2009 vero
415 1967 507 2022 quis
533 1966 579 2008 P.
601 1966 765 2008 Sullam
790 1966 873 2007 nisi
900 1970 1172 2015 maerentem,
1205 1967 1436 2008 demissum

103 2026 393 2080 afflictumque
431 2026 557 2078 vidit,
598 2025 691 2080 quis
723 2039 923 2078 umquam
957 2029 1021 2066 est
1053 2025 1293 2080 suspicatus
1325 2025 1438 2066 hunc

102 2085 241 2140 magis
279 2085 376 2126 odio
414 2099 542 2139 quam
579 2083 739 2139 pudore
776 2082 997 2124 hominum
1030 2088 1250 2138 aspectum
1281 2083 1438 2124 lucem-

104 2157 184 2197 que
233 2143 398 2184 vitare‘?
468 2142 550 2192 Qui
600 2157 693 2184 cum
743 2141 880 2182 multa
926 2141 1106 2183 haberet
1154 2142 1438 2183 invitanienta

50 2212 83 2238 35
103 2201 220 2242 urbis
260 2204 303 2241 et
338 2201 423 2242 fori
459 2205 636 2256 propter
667 2215 836 2241 summa
866 2201 1008 2242 studia
1039 2201 1291 2253 amicorum,
1330 2214 1437 2253 quae

103 2264 249 2301 tamen
294 2259 332 2300 ei
377 2259 471 2300 sola
506 2260 552 2300 in
587 2258 713 2301 malis
751 2258 1020 2311 restiterunt,
1064 2259 1173 2300 afuit
1213 2258 1266 2298 ab
1305 2258 1437 2299 oculis

102 2317 256 2360 vestris
289 2320 350 2372 et,
388 2332 482 2359 cum
508 2318 603 2373 lege
635 2317 907 2371 retineretur,
943 2317 1035 2373 ipse
1068 2331 1112 2359 se
1145 2316 1270 2358 exilio
1303 2330 1438 2371 paene

1463 1042 1504 1073 73
