1619 2542
59 606 102 638 26

129 87 211 129 198
435 87 498 122 DE
523 86 646 122 LEGE
673 85 885 121 AGRARIA
912 85 1090 121 ORATIO
1116 86 1159 122 ΙΙ,

128 183 392 237 acceperitis,
441 183 552 236 fore,
600 182 663 224 uti
712 185 863 237 post-ea
907 182 1092 237 cognitis
1137 182 1319 236 insidiis,
1368 197 1464 224 cum

127 242 386 283 decemviros
429 242 600 293 creetis,
635 243 729 281 tum
766 241 881 281 vitiis
921 241 1118 282 omnibus
1159 243 1201 282 et
1234 241 1462 283 sceleribus

128 300 238 355 legis
265 299 338 342 Cn.
359 300 536 355 Pompei
567 299 827 354 praesidium
860 299 1161 354 opponendum
1186 300 1358 353 putetis.
1407 299 1464 341 Et

127 359 209 400 1106
239 374 419 413 parvum
452 361 751 413 argumentum
782 358 905 399 vobis
938 358 1037 411 erit,
1068 373 1093 399 a
1124 358 1251 400 certis
1283 358 1465 399 homini-

128 418 207 459 bus
274 417 607 459 dominationem
667 419 1010 471 potestatemque
1076 417 1267 458 omnium
1321 431 1463 458 rerum
1483 428 1499 454 5

130 477 292 530 quaeri,
337 491 431 517 cum
476 475 655 516 videatis
700 490 814 529 eum,
866 490 992 529 quem
1035 475 1253 517 custodem
1297 477 1464 516 vestrae

128 534 343 575 libertatis
375 535 466 575 fore
498 534 689 588 videant,
721 536 937 588 expertem
968 534 1062 575 fieri
1092 534 1347 589 dignitatis?

218 591 474 648 Cognoscite
493 607 616 646 nune,
637 607 744 646 quae
764 595 957 647 potestas
979 593 1227 634 decemviris
1249 595 1291 633 et
1306 595 1465 647 quanta

131 651 264 692 detur.
325 651 517 692 Primum
555 652 650 706 lege
689 652 852 693 curiata
884 651 1143 693 decemviros
1177 654 1311 692 ornat.
1372 650 1464 692 Iam

129 710 210 751 1106
241 710 481 751 inauditum
514 712 557 751 et
581 711 708 764 plane
734 725 905 763 novum,
935 710 1000 751 uti
1025 710 1188 752 curiata
1212 710 1307 764 lege
1332 710 1466 765 magi·
1485 722 1518 746 10

131 771 290 810 stratus
325 769 459 822 detur,
492 769 564 822 qui
595 769 725 809 nullis
753 768 937 810 comitiis
964 772 1063 810 ante
1089 769 1146 810 sit
1171 769 1307 810 datus.
1356 768 1464 810 Eam

130 827 270 882 legem
303 827 356 868 ab
389 842 437 869 eo
470 829 667 881 praetore
699 827 847 882 populi
879 827 1079 881 Romani,
1113 827 1184 881 qui
1216 827 1272 868 sit
1302 827 1465 881 primus

129 885 281 939 factus,
306 886 410 927 ferri
435 886 563 926 iubet.
609 885 668 926 At
695 900 777 939 quo
804 886 960 927 modo‘?
1004 885 1064 927 Ut
1083 886 1114 927 ii
1135 886 1465 927 decemviratum

130 944 336 999 habeant,
369 959 474 998 quos
506 944 629 998 plebs
663 944 962 999 designaverit.
1025 944 1195 986 Oblitus
1227 947 1292 985 est
1322 945 1465 986 nullos

132 1018 157 1043 a
186 1003 311 1056 plebe
345 1002 573 1058 designari.
634 1002 692 1044 Et
723 1003 759 1043 is
793 1003 938 1044 orbem
970 1005 1183 1044 terraium
1208 1003 1466 1058 constringit
1487 1013 1519 1039 15

130 1061 254 1103 novis
291 1061 479 1116 legibus,
516 1061 606 1115 qui,
644 1060 756 1115 quod
793 1061 837 1102 in
875 1061 1057 1102 secundo
1090 1062 1228 1116 capite
1261 1062 1466 1116 scriptum

132 1122 214 1173 est,
250 1134 337 1160 non
372 1119 567 1160 meminit
606 1120 650 1160 in
686 1119 842 1160 tertio?
911 1119 1053 1173 Atque
1090 1119 1159 1161 hic
1196 1120 1466 1174 perspicuum

132 1180 215 1230 est,
254 1177 354 1231 quid
391 1178 495 1218 iuris
535 1193 559 1218 a
596 1178 830 1218 maioribus
864 1178 1129 1232 acceperitis,
1168 1178 1268 1232 quid
1300 1178 1353 1219 ab
1385 1178 1466 1220 hoc

64 1240 114 1280 11
132 1236 303 1277 tribuno
338 1236 475 1290 plebis
508 1236 629 1277 vobis
661 1236 938 1290 relinquatur.
994 1236 1178 1277 Maiores
1211 1236 1260 1277 de
1286 1236 1465 1290 singulis

62 1543 105 1574 27

65 2068 109 2099 28

131 1294 459 1349 magistratibus
480 1294 547 1335 bis
567 1308 643 1336 vos
665 1295 920 1336 sententiam
939 1294 1050 1336 ferre
1070 1294 1310 1336 voluerunt.
1353 1294 1466 1337 Nam
1487 1307 1520 1331 20

132 1368 227 1395 cum
260 1353 500 1394 centuriata
531 1353 599 1394 lex
631 1353 877 1394 censoribus
909 1353 1145 1406 ferebatur,
1177 1367 1272 1395 cum
1303 1354 1467 1395 curiata

132 1412 283 1453 ceteris
316 1412 507 1466 patriciis
539 1411 880 1467 magistratibus,
915 1414 1008 1453 tum
1038 1411 1194 1453 iterum
1227 1412 1276 1453 de
1309 1412 1467 1454 eisdem

132 1470 410 1521 indicabatur,
431 1473 479 1511 ut
499 1473 612 1511 esset
631 1470 967 1525 reprehendendi
986 1473 1191 1524 potestas,
1211 1470 1247 1511 si
1262 1471 1468 1525 populum

132 1529 325 1570 beneficii
364 1529 428 1570 sui
465 1529 714 1583 paeniteret.
782 1527 924 1583 Nunc,
968 1529 1172 1583 Quirites,
1215 1530 1354 1583 prima
1390 1530 1468 1570 illa

133 1587 307 1628 comitia
337 1589 511 1641 tenetis,
549 1588 787 1629 centuriata
819 1590 861 1629 et
892 1587 1073 1641 tributa,
1105 1588 1269 1629 curiata
1294 1590 1463 1629 tantum
1483 1598 1516 1624 25

133 1646 418 1699 auspiciorum
457 1660 586 1687 causa
615 1649 921 1687 remanserunt.
983 1646 1064 1688 Hie
1095 1649 1239 1687 autem
1270 1646 1466 1687 tribunus

132 1704 270 1757 plebis
300 1704 398 1757 quia
424 1704 597 1745 videbat
627 1707 886 1758 potestatem
905 1705 1116 1746 neminem
1136 1705 1300 1745 iniussu
1318 1704 1468 1758 populi

134 1764 209 1802 aut
246 1762 384 1815 plebis
416 1777 542 1816 posse
573 1763 750 1816 habere,
788 1763 961 1804 curiatis
994 1778 1087 1804 eam
1119 1762 1320 1815 comitiis,
1359 1777 1467 1816 quae

133 1834 210 1860 vos
235 1834 323 1861 non
346 1820 486 1874 initis,
517 1821 797 1875 confirmavit,
823 1821 999 1875 tributa,
1031 1835 1137 1875 quae
1163 1823 1307 1862 vestra
1333 1824 1467 1874 erant,

134 1878 319 1919 sustulit.
387 1878 470 1931 Ita,
514 1894 610 1920 cum
653 1879 834 1921 maiores
878 1880 989 1921 binis
1032 1879 1216 1920 comitiis
1252 1879 1468 1920 voluerint
1486 1891 1521 1916 3⁰

134 1950 210 1977 vos
260 1936 310 1977 de
359 1936 539 1991 singulis
589 1938 913 1992 magistratibus
962 1937 1164 1990 iudicare,
1220 1937 1290 1978 1116
1339 1937 1467 1979 homo

134 1994 353 2049 popularis
390 2009 443 2035 116
489 2010 616 2036 unam
660 1996 828 2049 quidem
873 1996 1031 2051 populo
1069 1995 1339 2036 comitiorum
1376 1999 1468 2050 pot-

138 2056 319 2094 estatem
361 2053 544 2106 reliquit.
608 2052 689 2094 Sed
732 2055 870 2096 videte
913 2053 1100 2095 hominis
1137 2053 1389 2108 religionem
1426 2057 1468 2095 et

137 2111 417 2166 diligentiam.
459 2110 581 2152 Vidit
608 2114 649 2152 et
668 2113 885 2166 perspexit
903 2111 994 2153 sine
1013 2111 1176 2153 curiata
1195 2112 1288 2167 lege
1309 2112 1468 2154 decem·

134 2170 249 2211 viros
275 2171 534 2224 potestatem
554 2169 711 2210 habere
730 2185 816 2212 non
836 2184 973 2224 posse,
999 2171 1200 2224 quonjam
1219 2185 1295 2225 per
1314 2185 1466 2212 novem
1486 2181 1521 2207 35

134 2228 273 2269 tribus
301 2230 441 2269 essent
466 2228 705 2282 constituti3
732 2229 850 2270 iubet
874 2228 984 2270 ferre
1010 2228 1060 2269 de
1085 2228 1152 2269 his
1176 2229 1315 2283 legem
1335 2229 1467 2270 euria-

135 2289 247 2341 tam,
279 2285 469 2340 praetori
500 2286 694 2340 imperat.
738 2285 874 2334 Quam
898 2286 942 2327 id
966 2286 1107 2342 ipsum
1134 2287 1328 2341 absurde,
1359 2287 1467 2328 nihil
