<?xml version="1.0" encoding="UTF-8"?>
<!DOCTYPE html PUBLIC "-//W3C//DTD XHTML 1.0 Transitional//EN"
    "http://www.w3.org/TR/xhtml1/DTD/xhtml1-transitional.dtd">
<html xmlns="http://www.w3.org/1999/xhtml" xml:lang="en" lang="en">
 <head>
  <title>
</title>
<meta http-equiv="Content-Type" content="text/html;charset=utf-8" />
  <meta name='ocr-system' content='tesseract 3.04.00' />
  <meta name='ocr-capabilities' content='ocr_page ocr_carea ocr_par ocr_line ocrx_word'/>
</head>
<body>
  <div class='ocr_page' id='page_1' title='image "./p2scriptaquaemanse02ciceuoft_0550.png"; bbox 0 0 1687 2533; ppageno 0'>
   <div class='ocr_carea' id='block_1_1' title="bbox 258 70 1218 117">
    <p class='ocr_par' dir='ltr' id='par_1_1' title="bbox 258 70 1218 117">
     <span class='ocr_line' id='line_1_1' title="bbox 258 70 1218 117; baseline -0.006 -5"><span class='ocrx_word' id='word_1_1' title='bbox 258 75 343 117; x_wconf 80' lang='lat'>398</span> <span class='ocrx_word' id='word_1_2' title='bbox 628 73 725 108; x_wconf 87' lang='lat' dir='ltr'>PRO</span> <span class='ocrx_word' id='word_1_3' title='bbox 752 73 792 109; x_wconf 89' lang='lat' dir='ltr'>L.</span> <span class='ocrx_word' id='word_1_4' title='bbox 819 71 1003 107; x_wconf 85' lang='lat' dir='ltr'>FLACCO</span> <span class='ocrx_word' id='word_1_5' title='bbox 1032 70 1218 106; x_wconf 81' lang='lat' dir='ltr'><strong>ORATIO.</strong></span> 
     </span>
    </p>
   </div>
   <div class='ocr_carea' id='block_1_2' title="bbox 258 167 1653 989">
    <p class='ocr_par' dir='ltr' id='par_1_2' title="bbox 258 167 1653 989">
     <span class='ocr_line' id='line_1_2' title="bbox 258 167 1597 225; baseline -0.003 -13"><span class='ocrx_word' id='word_1_6' title='bbox 258 171 456 225; x_wconf 79' lang='lat' dir='ltr'>testium3</span> <span class='ocrx_word' id='word_1_7' title='bbox 496 170 598 211; x_wconf 88' lang='lat' dir='ltr'>dicit</span> <span class='ocrx_word' id='word_1_8' title='bbox 637 170 749 211; x_wconf 90' lang='lat' dir='ltr'>enim</span> <span class='ocrx_word' id='word_1_9' title='bbox 784 169 904 210; x_wconf 85' lang='lat' dir='ltr'>natio</span> <span class='ocrx_word' id='word_1_10' title='bbox 942 168 1117 209; x_wconf 88' lang='lat' dir='ltr'>minime</span> <span class='ocrx_word' id='word_1_11' title='bbox 1155 168 1201 208; x_wconf 90' lang='lat' dir='ltr'>in</span> <span class='ocrx_word' id='word_1_12' title='bbox 1236 167 1497 209; x_wconf 76' lang='lat' dir='ltr'>testimoniis</span> <span class='ocrx_word' id='word_1_13' title='bbox 1535 167 1597 209; x_wconf 84' lang='lat' dir='ltr'>di-</span> 
     </span>
     <span class='ocr_line' id='line_1_3' title="bbox 259 227 1598 283; baseline -0.002 -13"><span class='ocrx_word' id='word_1_14' title='bbox 259 230 402 271; x_wconf 86' lang='lat' dir='ltr'>cendis</span> <span class='ocrx_word' id='word_1_15' title='bbox 434 229 649 283; x_wconf 81' lang='lat' dir='ltr'>religiosa.</span> <span class='ocrx_word' id='word_1_16' title='bbox 693 228 876 282; x_wconf 85' lang='lat' dir='ltr'>Propius</span> <span class='ocrx_word' id='word_1_17' title='bbox 910 227 1080 280; x_wconf 88' lang='lat' dir='ltr'>accedo;</span> <span class='ocrx_word' id='word_1_18' title='bbox 1110 241 1219 281; x_wconf 81' lang='lat' dir='ltr'>nego</span> <span class='ocrx_word' id='word_1_19' title='bbox 1253 240 1344 267; x_wconf 89' lang='lat' dir='ltr'>esse</span> <span class='ocrx_word' id='word_1_20' title='bbox 1370 227 1455 268; x_wconf 87' lang='lat' dir='ltr'>ista</span> <span class='ocrx_word' id='word_1_21' title='bbox 1479 227 1598 268; x_wconf 85' lang='lat' dir='ltr'>testi-</span> 
     </span>
     <span class='ocr_line' id='line_1_4' title="bbox 259 285 1598 342; baseline -0.004 -12"><span class='ocrx_word' id='word_1_22' title='bbox 259 289 414 340; x_wconf 90' lang='lat' dir='ltr'>monia,</span> <span class='ocrx_word' id='word_1_23' title='bbox 442 303 549 342; x_wconf 89' lang='lat' dir='ltr'>quae</span> <span class='ocrx_word' id='word_1_24' title='bbox 576 291 623 328; x_wconf 92' lang='lat' dir='ltr'>tu</span> <span class='ocrx_word' id='word_1_25' title='bbox 651 287 779 341; x_wconf 85' lang='lat' dir='ltr'>[ipse]</span> <span class='ocrx_word' id='word_1_26' title='bbox 807 286 1102 341; x_wconf 75' lang='lat' dir='ltr'>psephismata</span> <span class='ocrx_word' id='word_1_27' title='bbox 1129 285 1332 340; x_wconf 83' lang='lat' dir='ltr'>appellas,</span> <span class='ocrx_word' id='word_1_28' title='bbox 1359 285 1433 326; x_wconf 90' lang='lat' dir='ltr'>sed</span> <span class='ocrx_word' id='word_1_29' title='bbox 1455 285 1598 326; x_wconf 85' lang='lat' dir='ltr'>fremi-</span> 
     </span>
     <span class='ocr_line' id='line_1_5' title="bbox 259 343 1597 403; baseline -0.002 -15"><span class='ocrx_word' id='word_1_30' title='bbox 259 351 349 388; x_wconf 92' lang='lat' dir='ltr'>tum</span> <span class='ocrx_word' id='word_1_31' title='bbox 373 347 587 403; x_wconf 79' lang='lat' dir='ltr'>egentium</span> <span class='ocrx_word' id='word_1_32' title='bbox 609 349 652 387; x_wconf 89' lang='lat' dir='ltr'>et</span> <span class='ocrx_word' id='word_1_33' title='bbox 672 348 837 387; x_wconf 90' lang='lat' dir='ltr'>motum</span> <span class='ocrx_word' id='word_1_34' title='bbox 853 345 1061 399; x_wconf 83' lang='lat' dir='ltr'>quendam</span> <span class='ocrx_word' id='word_1_35' title='bbox 1076 345 1351 385; x_wconf 85' lang='lat' dir='ltr'>temerarium</span> <span class='ocrx_word' id='word_1_36' title='bbox 1367 343 1597 386; x_wconf 74' lang='lat' dir='ltr'>Graeculae</span> 
     </span>
     <span class='ocr_line' id='line_1_6' title="bbox 259 402 1633 458; baseline -0.003 -11"><span class='ocrx_word' id='word_1_37' title='bbox 259 406 484 448; x_wconf 88' lang='lat' dir='ltr'>contionis.</span> <span class='ocrx_word' id='word_1_38' title='bbox 521 405 698 446; x_wconf 83' lang='lat' dir='ltr'>lntrabo</span> <span class='ocrx_word' id='word_1_39' title='bbox 727 404 855 446; x_wconf 89' lang='lat' dir='ltr'>etiam</span> <span class='ocrx_word' id='word_1_40' title='bbox 883 403 1032 458; x_wconf 79' lang='lat' dir='ltr'>magis.</span> <span class='ocrx_word' id='word_1_41' title='bbox 1075 402 1156 452; x_wconf 81' lang='lat' dir='ltr'>Qui</span> <span class='ocrx_word' id='word_1_42' title='bbox 1183 404 1329 458; x_wconf 80' lang='lat' dir='ltr'>gessit,</span> <span class='ocrx_word' id='word_1_43' title='bbox 1354 417 1441 444; x_wconf 90' lang='lat' dir='ltr'>non</span> <span class='ocrx_word' id='word_1_44' title='bbox 1465 403 1597 456; x_wconf 87' lang='lat' dir='ltr'>adest,</span> <span class='ocrx_word' id='word_1_45' title='bbox 1615 415 1633 442; x_wconf 92' lang='lat'><strong>5</strong></span> 
     </span>
     <span class='ocr_line' id='line_1_7' title="bbox 259 461 1597 519; baseline -0.002 -14"><span class='ocrx_word' id='word_1_46' title='bbox 259 465 332 519; x_wconf 88' lang='lat' dir='ltr'>qui</span> <span class='ocrx_word' id='word_1_47' title='bbox 381 474 629 505; x_wconf 81' lang='lat' dir='ltr'>numerasse</span> <span class='ocrx_word' id='word_1_48' title='bbox 674 463 846 516; x_wconf 87' lang='lat' dir='ltr'>dicitur,</span> <span class='ocrx_word' id='word_1_49' title='bbox 895 477 981 503; x_wconf 90' lang='lat' dir='ltr'>non</span> <span class='ocrx_word' id='word_1_50' title='bbox 1025 464 1091 503; x_wconf 88' lang='lat' dir='ltr'>est</span> <span class='ocrx_word' id='word_1_51' title='bbox 1135 462 1354 515; x_wconf 82' lang='lat' dir='ltr'>deductus3</span> <span class='ocrx_word' id='word_1_52' title='bbox 1403 461 1597 516; x_wconf 84' lang='lat' dir='ltr'>privatae</span> 
     </span>
     <span class='ocr_line' id='line_1_8' title="bbox 259 521 1599 577; baseline -0.002 -13"><span class='ocrx_word' id='word_1_53' title='bbox 259 524 433 564; x_wconf 79' lang='lat' dir='ltr'>litterae</span> <span class='ocrx_word' id='word_1_54' title='bbox 464 523 609 564; x_wconf 90' lang='lat' dir='ltr'>nullae</span> <span class='ocrx_word' id='word_1_55' title='bbox 641 521 934 577; x_wconf 86' lang='lat' dir='ltr'>proferuntur,</span> <span class='ocrx_word' id='word_1_56' title='bbox 970 521 1167 574; x_wconf 86' lang='lat' dir='ltr'>publicae</span> <span class='ocrx_word' id='word_1_57' title='bbox 1198 523 1391 561; x_wconf 83' lang='lat' dir='ltr'>retentae</span> <span class='ocrx_word' id='word_1_58' title='bbox 1424 523 1524 562; x_wconf 89' lang='lat' dir='ltr'>sunt</span> <span class='ocrx_word' id='word_1_59' title='bbox 1554 521 1599 561; x_wconf 92' lang='lat' dir='ltr'>in</span> 
     </span>
     <span class='ocr_line' id='line_1_9' title="bbox 259 579 1598 636; baseline -0.004 -12"><span class='ocrx_word' id='word_1_60' title='bbox 259 586 554 624; x_wconf 81' lang='lat' dir='ltr'>accusatorum</span> <span class='ocrx_word' id='word_1_61' title='bbox 603 583 837 636; x_wconf 81' lang='lat' dir='ltr'>potestate3</span> <span class='ocrx_word' id='word_1_62' title='bbox 887 594 1053 621; x_wconf 89' lang='lat' dir='ltr'>summa</span> <span class='ocrx_word' id='word_1_63' title='bbox 1102 582 1169 620; x_wconf 89' lang='lat' dir='ltr'>est</span> <span class='ocrx_word' id='word_1_64' title='bbox 1216 579 1260 620; x_wconf 88' lang='lat' dir='ltr'>in</span> <span class='ocrx_word' id='word_1_65' title='bbox 1303 579 1505 633; x_wconf 80' lang='lat' dir='ltr'>testibus3</span> <span class='ocrx_word' id='word_1_66' title='bbox 1552 579 1598 620; x_wconf 90' lang='lat' dir='ltr'>hi</span> 
     </span>
     <span class='ocr_line' id='line_1_10' title="bbox 259 638 1600 692; baseline -0.002 -11"><span class='ocrx_word' id='word_1_67' title='bbox 259 641 411 682; x_wconf 83' lang='lat' dir='ltr'>vivunt</span> <span class='ocrx_word' id='word_1_68' title='bbox 443 655 538 681; x_wconf 90' lang='lat' dir='ltr'>cum</span> <span class='ocrx_word' id='word_1_69' title='bbox 571 640 767 692; x_wconf 88' lang='lat' dir='ltr'>inimicis,</span> <span class='ocrx_word' id='word_1_70' title='bbox 800 639 956 680; x_wconf 87' lang='lat' dir='ltr'>adsunt</span> <span class='ocrx_word' id='word_1_71' title='bbox 981 653 1073 680; x_wconf 87' lang='lat' dir='ltr'>cum</span> <span class='ocrx_word' id='word_1_72' title='bbox 1102 638 1369 691; x_wconf 84' lang='lat' dir='ltr'>adversariis,</span> <span class='ocrx_word' id='word_1_73' title='bbox 1400 638 1600 679; x_wconf 88' lang='lat' dir='ltr'>habitant</span> 
     </span>
     <span class='ocr_line' id='line_1_11' title="bbox 259 696 1653 750; baseline -0.004 -9"><span class='ocrx_word' id='word_1_74' title='bbox 259 715 354 741; x_wconf 88' lang='lat' dir='ltr'>cum</span> <span class='ocrx_word' id='word_1_75' title='bbox 388 698 718 740; x_wconf 87' lang='lat' dir='ltr'>accusatoribus.</span> <span class='ocrx_word' id='word_1_76' title='bbox 762 698 919 740; x_wconf 88' lang='lat' dir='ltr'>Utrum</span> <span class='ocrx_word' id='word_1_77' title='bbox 950 697 1019 738; x_wconf 89' lang='lat' dir='ltr'>hic</span> <span class='ocrx_word' id='word_1_78' title='bbox 1045 697 1218 738; x_wconf 85' lang='lat' dir='ltr'>tandem</span> <span class='ocrx_word' id='word_1_79' title='bbox 1245 696 1598 750; x_wconf 82' lang='lat' dir='ltr'>disceptationem</span> <span class='ocrx_word' id='word_1_80' title='bbox 1620 710 1653 735; x_wconf 91' lang='lat'>10</span> 
     </span>
     <span class='ocr_line' id='line_1_12' title="bbox 259 755 1599 813; baseline -0.002 -14"><span class='ocrx_word' id='word_1_81' title='bbox 259 761 302 800; x_wconf 91' lang='lat' dir='ltr'>et</span> <span class='ocrx_word' id='word_1_82' title='bbox 329 758 621 813; x_wconf 79' lang='lat' dir='ltr'>cognitionem</span> <span class='ocrx_word' id='word_1_83' title='bbox 647 757 840 798; x_wconf 86' lang='lat' dir='ltr'>veritatis</span> <span class='ocrx_word' id='word_1_84' title='bbox 868 772 922 797; x_wconf 91' lang='lat' dir='ltr'>an</span> <span class='ocrx_word' id='word_1_85' title='bbox 947 756 1215 797; x_wconf 82' lang='lat' dir='ltr'>innocentiae</span> <span class='ocrx_word' id='word_1_86' title='bbox 1241 756 1384 797; x_wconf 88' lang='lat' dir='ltr'>labem</span> <span class='ocrx_word' id='word_1_87' title='bbox 1410 755 1599 810; x_wconf 87' lang='lat' dir='ltr'>aliquam</span> 
     </span>
     <span class='ocr_line' id='line_1_13' title="bbox 260 814 1600 869; baseline -0.002 -11"><span class='ocrx_word' id='word_1_88' title='bbox 260 820 334 859; x_wconf 87' lang='lat' dir='ltr'>aut</span> <span class='ocrx_word' id='word_1_89' title='bbox 366 817 535 857; x_wconf 85' lang='lat' dir='ltr'>ruinam</span> <span class='ocrx_word' id='word_1_90' title='bbox 566 816 657 857; x_wconf 86' lang='lat' dir='ltr'>fore</span> <span class='ocrx_word' id='word_1_91' title='bbox 690 816 882 869; x_wconf 82' lang='lat' dir='ltr'>putatis?</span> <span class='ocrx_word' id='word_1_92' title='bbox 925 814 1064 856; x_wconf 88' lang='lat' dir='ltr'>Multa</span> <span class='ocrx_word' id='word_1_93' title='bbox 1091 815 1204 855; x_wconf 88' lang='lat' dir='ltr'>enim</span> <span class='ocrx_word' id='word_1_94' title='bbox 1231 817 1330 856; x_wconf 87' lang='lat' dir='ltr'>sunt</span> <span class='ocrx_word' id='word_1_95' title='bbox 1356 814 1446 855; x_wconf 88' lang='lat' dir='ltr'>eius</span> <span class='ocrx_word' id='word_1_96' title='bbox 1472 815 1600 868; x_wconf 88' lang='lat' dir='ltr'>modi,</span> 
     </span>
     <span class='ocr_line' id='line_1_14' title="bbox 258 873 1599 929; baseline -0.002 -12"><span class='ocrx_word' id='word_1_97' title='bbox 258 876 437 929; x_wconf 85' lang='lat' dir='ltr'>iudices,</span> <span class='ocrx_word' id='word_1_98' title='bbox 474 879 539 929; x_wconf 90' lang='lat' dir='ltr'>ut,</span> <span class='ocrx_word' id='word_1_99' title='bbox 581 874 752 916; x_wconf 88' lang='lat' dir='ltr'>etiamsi</span> <span class='ocrx_word' id='word_1_100' title='bbox 786 875 830 915; x_wconf 90' lang='lat' dir='ltr'>in</span> <span class='ocrx_word' id='word_1_101' title='bbox 868 874 1040 915; x_wconf 89' lang='lat' dir='ltr'>homine</span> <span class='ocrx_word' id='word_1_102' title='bbox 1079 875 1190 927; x_wconf 86' lang='lat' dir='ltr'>ipso,</span> <span class='ocrx_word' id='word_1_103' title='bbox 1231 873 1280 914; x_wconf 91' lang='lat' dir='ltr'>de</span> <span class='ocrx_word' id='word_1_104' title='bbox 1322 888 1404 927; x_wconf 90' lang='lat' dir='ltr'>quo</span> <span class='ocrx_word' id='word_1_105' title='bbox 1443 873 1599 928; x_wconf 82' lang='lat' dir='ltr'>agitur,</span> 
     </span>
     <span class='ocr_line' id='line_1_15' title="bbox 258 932 1598 989; baseline -0.003 -13"><span class='ocrx_word' id='word_1_106' title='bbox 258 934 527 989; x_wconf 77' lang='lat' dir='ltr'>neglegenda</span> <span class='ocrx_word' id='word_1_107' title='bbox 553 934 652 987; x_wconf 84' lang='lat' dir='ltr'>sint,</span> <span class='ocrx_word' id='word_1_108' title='bbox 676 936 823 974; x_wconf 89' lang='lat' dir='ltr'>tamen</span> <span class='ocrx_word' id='word_1_109' title='bbox 847 933 893 974; x_wconf 89' lang='lat' dir='ltr'>in</span> <span class='ocrx_word' id='word_1_110' title='bbox 918 932 1164 974; x_wconf 89' lang='lat' dir='ltr'>condicione</span> <span class='ocrx_word' id='word_1_111' title='bbox 1191 934 1319 986; x_wconf 88' lang='lat' dir='ltr'>atque</span> <span class='ocrx_word' id='word_1_112' title='bbox 1338 933 1384 972; x_wconf 90' lang='lat' dir='ltr'>in</span> <span class='ocrx_word' id='word_1_113' title='bbox 1405 932 1598 987; x_wconf 85' lang='lat' dir='ltr'>exemplo</span> 
     </span>
    </p>
   </div>
   <div class='ocr_carea' id='block_1_3' title="bbox 190 989 1652 1048">
    <p class='ocr_par' dir='ltr' id='par_1_3' title="bbox 190 989 1652 1048">
     <span class='ocr_line' id='line_1_16' title="bbox 190 989 1652 1048; baseline -0.005 -12"><span class='ocrx_word' id='word_1_114' title='bbox 190 996 240 1037; x_wconf 87' lang='lat'>11</span> <span class='ocrx_word' id='word_1_115' title='bbox 258 992 600 1048; x_wconf 88' lang='lat' dir='ltr'>pertimescenda</span> <span class='ocrx_word' id='word_1_116' title='bbox 632 992 866 1033; x_wconf 86' lang='lat' dir='ltr'>videantur.</span> <span class='ocrx_word' id='word_1_117' title='bbox 912 989 956 1032; x_wconf 80' lang='lat' dir='ltr'>Si</span> <span class='ocrx_word' id='word_1_118' title='bbox 988 1005 1112 1046; x_wconf 90' lang='lat' dir='ltr'>quem</span> <span class='ocrx_word' id='word_1_119' title='bbox 1146 991 1292 1032; x_wconf 88' lang='lat' dir='ltr'>infimo</span> <span class='ocrx_word' id='word_1_120' title='bbox 1318 991 1411 1032; x_wconf 91' lang='lat' dir='ltr'>loco</span> <span class='ocrx_word' id='word_1_121' title='bbox 1435 993 1599 1045; x_wconf 88' lang='lat' dir='ltr'>natum,</span> <span class='ocrx_word' id='word_1_122' title='bbox 1620 1003 1652 1029; x_wconf 86' lang='lat'>15</span> 
     </span>
    </p>
   </div>
   <div class='ocr_carea' id='block_1_4' title="bbox 191 2176 236 2208">
    <p class='ocr_par' dir='ltr' id='par_1_4' title="bbox 191 2176 236 2208">
     <span class='ocr_line' id='line_1_17' title="bbox 191 2176 236 2208; baseline 0.022 -1"><span class='ocrx_word' id='word_1_123' title='bbox 191 2176 236 2208; x_wconf 72' lang='lat'>‘26</span> 
     </span>
    </p>
   </div>
   <div class='ocr_carea' id='block_1_5' title="bbox 258 1049 1653 1457">
    <p class='ocr_par' dir='ltr' id='par_1_5' title="bbox 258 1049 1653 1457">
     <span class='ocr_line' id='line_1_18' title="bbox 258 1049 1599 1105; baseline -0.001 -12"><span class='ocrx_word' id='word_1_124' title='bbox 258 1053 380 1093; x_wconf 89' lang='lat' dir='ltr'>nullo</span> <span class='ocrx_word' id='word_1_125' title='bbox 431 1051 656 1105; x_wconf 81' lang='lat' dir='ltr'>splendore</span> <span class='ocrx_word' id='word_1_126' title='bbox 698 1051 831 1103; x_wconf 80' lang='lat' dir='ltr'>vitae,</span> <span class='ocrx_word' id='word_1_127' title='bbox 880 1050 1000 1091; x_wconf 89' lang='lat' dir='ltr'>nulla</span> <span class='ocrx_word' id='word_1_128' title='bbox 1049 1049 1415 1090; x_wconf 83' lang='lat' dir='ltr'>commendatione</span> <span class='ocrx_word' id='word_1_129' title='bbox 1458 1049 1599 1091; x_wconf 85' lang='lat' dir='ltr'>famae</span> 
     </span>
     <span class='ocr_line' id='line_1_19' title="bbox 258 1108 1600 1162; baseline -0.001 -11"><span class='ocrx_word' id='word_1_130' title='bbox 258 1110 545 1162; x_wconf 79' lang='lat' dir='ltr'>defenderem,</span> <span class='ocrx_word' id='word_1_131' title='bbox 589 1112 735 1150; x_wconf 86' lang='lat' dir='ltr'>tamen</span> <span class='ocrx_word' id='word_1_132' title='bbox 773 1109 876 1150; x_wconf 85' lang='lat' dir='ltr'>civis</span> <span class='ocrx_word' id='word_1_133' title='bbox 915 1124 939 1150; x_wconf 90' lang='lat' dir='ltr'>a</span> <span class='ocrx_word' id='word_1_134' title='bbox 976 1108 1139 1149; x_wconf 89' lang='lat' dir='ltr'>civibus</span> <span class='ocrx_word' id='word_1_135' title='bbox 1178 1108 1416 1149; x_wconf 89' lang='lat' dir='ltr'>communis</span> <span class='ocrx_word' id='word_1_136' title='bbox 1453 1108 1600 1150; x_wconf 86' lang='lat' dir='ltr'>huma-</span> 
     </span>
     <span class='ocr_line' id='line_1_20' title="bbox 258 1167 1599 1222; baseline -0.001 -13"><span class='ocrx_word' id='word_1_137' title='bbox 258 1169 409 1210; x_wconf 84' lang='lat' dir='ltr'>nitatis</span> <span class='ocrx_word' id='word_1_138' title='bbox 459 1169 548 1209; x_wconf 89' lang='lat' dir='ltr'>iure</span> <span class='ocrx_word' id='word_1_139' title='bbox 600 1182 648 1209; x_wconf 90' lang='lat' dir='ltr'>ac</span> <span class='ocrx_word' id='word_1_140' title='bbox 692 1167 983 1209; x_wconf 79' lang='lat' dir='ltr'>misericordia</span> <span class='ocrx_word' id='word_1_141' title='bbox 1027 1167 1292 1222; x_wconf 84' lang='lat' dir='ltr'>deprecarer,</span> <span class='ocrx_word' id='word_1_142' title='bbox 1342 1181 1394 1207; x_wconf 93' lang='lat' dir='ltr'>ne</span> <span class='ocrx_word' id='word_1_143' title='bbox 1437 1167 1599 1221; x_wconf 83' lang='lat' dir='ltr'>ignotis</span> 
     </span>
     <span class='ocr_line' id='line_1_21' title="bbox 259 1225 1600 1279; baseline -0.002 -10"><span class='ocrx_word' id='word_1_144' title='bbox 259 1228 459 1279; x_wconf 90' lang='lat' dir='ltr'>testibus,</span> <span class='ocrx_word' id='word_1_145' title='bbox 508 1241 561 1268; x_wconf 92' lang='lat' dir='ltr'>ne</span> <span class='ocrx_word' id='word_1_146' title='bbox 604 1226 814 1279; x_wconf 89' lang='lat' dir='ltr'>incitatis,</span> <span class='ocrx_word' id='word_1_147' title='bbox 862 1240 915 1268; x_wconf 91' lang='lat' dir='ltr'>ne</span> <span class='ocrx_word' id='word_1_148' title='bbox 960 1225 1220 1267; x_wconf 87' lang='lat' dir='ltr'>accusatoris</span> <span class='ocrx_word' id='word_1_149' title='bbox 1264 1225 1600 1279; x_wconf 78' lang='lat' dir='ltr'>consessoribus,</span> 
     </span>
     <span class='ocr_line' id='line_1_22' title="bbox 260 1283 1653 1339; baseline -0.004 -12"><span class='ocrx_word' id='word_1_150' title='bbox 260 1286 463 1339; x_wconf 87' lang='lat' dir='ltr'>convivis,</span> <span class='ocrx_word' id='word_1_151' title='bbox 484 1285 877 1338; x_wconf 87' lang='lat' dir='ltr'>contubernalibus,</span> <span class='ocrx_word' id='word_1_152' title='bbox 896 1299 948 1326; x_wconf 90' lang='lat' dir='ltr'>ne</span> <span class='ocrx_word' id='word_1_153' title='bbox 962 1284 1206 1325; x_wconf 84' lang='lat' dir='ltr'>hominibus</span> <span class='ocrx_word' id='word_1_154' title='bbox 1221 1284 1397 1325; x_wconf 88' lang='lat' dir='ltr'>levitate</span> <span class='ocrx_word' id='word_1_155' title='bbox 1412 1283 1599 1339; x_wconf 82' lang='lat' dir='ltr'>Graecis,</span> <span class='ocrx_word' id='word_1_156' title='bbox 1618 1297 1653 1322; x_wconf 85' lang='lat'>20</span> 
     </span>
     <span class='ocr_line' id='line_1_23' title="bbox 260 1343 1600 1398; baseline -0.001 -12"><span class='ocrx_word' id='word_1_157' title='bbox 260 1345 514 1387; x_wconf 86' lang='lat' dir='ltr'>crudelitate</span> <span class='ocrx_word' id='word_1_158' title='bbox 540 1344 738 1385; x_wconf 88' lang='lat' dir='ltr'>barbaris</span> <span class='ocrx_word' id='word_1_159' title='bbox 766 1344 899 1385; x_wconf 89' lang='lat' dir='ltr'>civem</span> <span class='ocrx_word' id='word_1_160' title='bbox 926 1358 974 1384; x_wconf 89' lang='lat' dir='ltr'>ac</span> <span class='ocrx_word' id='word_1_161' title='bbox 1001 1343 1236 1398; x_wconf 87' lang='lat' dir='ltr'>supplicem</span> <span class='ocrx_word' id='word_1_162' title='bbox 1261 1345 1453 1384; x_wconf 81' lang='lat' dir='ltr'>vestrum</span> <span class='ocrx_word' id='word_1_163' title='bbox 1480 1343 1600 1384; x_wconf 87' lang='lat' dir='ltr'>dede·</span> 
     </span>
     <span class='ocr_line' id='line_1_24' title="bbox 260 1401 1601 1457; baseline -0.002 -12"><span class='ocrx_word' id='word_1_164' title='bbox 260 1404 376 1456; x_wconf 88' lang='lat' dir='ltr'>retis,</span> <span class='ocrx_word' id='word_1_165' title='bbox 409 1418 462 1444; x_wconf 92' lang='lat' dir='ltr'>ne</span> <span class='ocrx_word' id='word_1_166' title='bbox 494 1403 779 1457; x_wconf 86' lang='lat' dir='ltr'>periculosam</span> <span class='ocrx_word' id='word_1_167' title='bbox 811 1402 1099 1444; x_wconf 87' lang='lat' dir='ltr'>imitationem</span> <span class='ocrx_word' id='word_1_168' title='bbox 1132 1401 1314 1455; x_wconf 81' lang='lat' dir='ltr'>exempli</span> <span class='ocrx_word' id='word_1_169' title='bbox 1345 1401 1522 1456; x_wconf 87' lang='lat' dir='ltr'>reliquis</span> <span class='ocrx_word' id='word_1_170' title='bbox 1554 1402 1601 1443; x_wconf 91' lang='lat' dir='ltr'>in</span> 
     </span>
    </p>
   </div>
   <div class='ocr_carea' id='block_1_6' title="bbox 216 1460 1600 1517">
    <p class='ocr_par' dir='ltr' id='par_1_6' title="bbox 216 1460 1600 1517">
     <span class='ocr_line' id='line_1_25' title="bbox 216 1460 1600 1517; baseline -0.001 -13"><span class='ocrx_word' id='word_1_171' title='bbox 216 1474 227 1482; x_wconf 84' lang='lat'><em>·</em></span> <span class='ocrx_word' id='word_1_172' title='bbox 259 1465 480 1517; x_wconf 88' lang='lat' dir='ltr'>posterum</span> <span class='ocrx_word' id='word_1_173' title='bbox 520 1462 770 1516; x_wconf 84' lang='lat' dir='ltr'>proderetis.</span> <span class='ocrx_word' id='word_1_174' title='bbox 833 1461 915 1503; x_wconf 84' lang='lat' dir='ltr'>Sed</span> <span class='ocrx_word' id='word_1_175' title='bbox 952 1475 1048 1502; x_wconf 87' lang='lat' dir='ltr'>cum</span> <span class='ocrx_word' id='word_1_176' title='bbox 1078 1460 1123 1501; x_wconf 93' lang='lat' dir='ltr'>L.</span> <span class='ocrx_word' id='word_1_177' title='bbox 1154 1460 1298 1502; x_wconf 89' lang='lat' dir='ltr'>Flacci</span> <span class='ocrx_word' id='word_1_178' title='bbox 1334 1475 1406 1502; x_wconf 88' lang='lat' dir='ltr'>res</span> <span class='ocrx_word' id='word_1_179' title='bbox 1434 1463 1600 1515; x_wconf 84' lang='lat' dir='ltr'>agatur,</span> 
     </span>
    </p>
   </div>
   <div class='ocr_carea' id='block_1_7' title="bbox 259 1519 1687 2335">
    <p class='ocr_par' dir='ltr' id='par_1_7' title="bbox 259 1519 1687 2335">
     <span class='ocr_line' id='line_1_26' title="bbox 260 1519 1598 1574; baseline -0.001 -12"><span class='ocrx_word' id='word_1_180' title='bbox 260 1521 378 1563; x_wconf 85' lang='lat' dir='ltr'>cuius</span> <span class='ocrx_word' id='word_1_181' title='bbox 413 1535 461 1561; x_wconf 80' lang='lat' dir='ltr'>ex</span> <span class='ocrx_word' id='word_1_182' title='bbox 493 1520 657 1561; x_wconf 88' lang='lat' dir='ltr'>familia</span> <span class='ocrx_word' id='word_1_183' title='bbox 690 1520 762 1574; x_wconf 89' lang='lat' dir='ltr'>qui</span> <span class='ocrx_word' id='word_1_184' title='bbox 793 1521 957 1574; x_wconf 89' lang='lat' dir='ltr'>primus</span> <span class='ocrx_word' id='word_1_185' title='bbox 991 1519 1137 1561; x_wconf 88' lang='lat' dir='ltr'>consul</span> <span class='ocrx_word' id='word_1_186' title='bbox 1163 1522 1229 1560; x_wconf 92' lang='lat' dir='ltr'>est</span> <span class='ocrx_word' id='word_1_187' title='bbox 1253 1519 1404 1572; x_wconf 89' lang='lat' dir='ltr'>factus,</span> <span class='ocrx_word' id='word_1_188' title='bbox 1435 1520 1598 1572; x_wconf 87' lang='lat' dir='ltr'>primus</span> 
     </span>
     <span class='ocr_line' id='line_1_27' title="bbox 259 1577 1652 1633; baseline -0.003 -12"><span class='ocrx_word' id='word_1_189' title='bbox 259 1581 304 1621; x_wconf 92' lang='lat' dir='ltr'>in</span> <span class='ocrx_word' id='word_1_190' title='bbox 342 1579 422 1621; x_wconf 88' lang='lat' dir='ltr'>hae</span> <span class='ocrx_word' id='word_1_191' title='bbox 461 1579 634 1620; x_wconf 85' lang='lat' dir='ltr'>civitate</span> <span class='ocrx_word' id='word_1_192' title='bbox 667 1579 824 1620; x_wconf 87' lang='lat' dir='ltr'>consul.</span> <span class='ocrx_word' id='word_1_193' title='bbox 847 1578 946 1632; x_wconf 86' lang='lat' dir='ltr'>fuit,</span> <span class='ocrx_word' id='word_1_194' title='bbox 984 1578 1102 1619; x_wconf 90' lang='lat' dir='ltr'>cuius</span> <span class='ocrx_word' id='word_1_195' title='bbox 1136 1578 1293 1619; x_wconf 87' lang='lat' dir='ltr'>virtute</span> <span class='ocrx_word' id='word_1_196' title='bbox 1326 1577 1500 1633; x_wconf 85' lang='lat' dir='ltr'>regibus</span> <span class='ocrx_word' id='word_1_197' title='bbox 1532 1592 1598 1619; x_wconf 85' lang='lat' dir='ltr'>ex·</span> <span class='ocrx_word' id='word_1_198' title='bbox 1618 1589 1652 1616; x_wconf 79' lang='lat'>25</span> 
     </span>
     <span class='ocr_line' id='line_1_28' title="bbox 260 1636 1599 1692; baseline -0.001 -13"><span class='ocrx_word' id='word_1_199' title='bbox 260 1638 503 1679; x_wconf 86' lang='lat' dir='ltr'>terminatis</span> <span class='ocrx_word' id='word_1_200' title='bbox 536 1638 715 1679; x_wconf 89' lang='lat' dir='ltr'>libertas</span> <span class='ocrx_word' id='word_1_201' title='bbox 746 1638 791 1678; x_wconf 88' lang='lat' dir='ltr'>in</span> <span class='ocrx_word' id='word_1_202' title='bbox 823 1651 868 1678; x_wconf 89' lang='lat' dir='ltr'>re</span> <span class='ocrx_word' id='word_1_203' title='bbox 899 1636 1073 1692; x_wconf 88' lang='lat' dir='ltr'>publica</span> <span class='ocrx_word' id='word_1_204' title='bbox 1105 1638 1341 1678; x_wconf 88' lang='lat' dir='ltr'>constituta</span> <span class='ocrx_word' id='word_1_205' title='bbox 1373 1640 1454 1690; x_wconf 90' lang='lat' dir='ltr'>est,</span> <span class='ocrx_word' id='word_1_206' title='bbox 1492 1651 1599 1691; x_wconf 87' lang='lat' dir='ltr'>quae</span> 
     </span>
     <span class='ocr_line' id='line_1_29' title="bbox 260 1695 1600 1750; baseline -0.001 -12"><span class='ocrx_word' id='word_1_207' title='bbox 260 1712 393 1750; x_wconf 87' lang='lat' dir='ltr'>usque</span> <span class='ocrx_word' id='word_1_208' title='bbox 421 1696 473 1737; x_wconf 88' lang='lat' dir='ltr'>ad</span> <span class='ocrx_word' id='word_1_209' title='bbox 498 1696 580 1738; x_wconf 90' lang='lat' dir='ltr'>hoc</span> <span class='ocrx_word' id='word_1_210' title='bbox 605 1698 773 1750; x_wconf 89' lang='lat' dir='ltr'>tempus</span> <span class='ocrx_word' id='word_1_211' title='bbox 800 1695 1047 1748; x_wconf 89' lang='lat' dir='ltr'>honoribus,</span> <span class='ocrx_word' id='word_1_212' title='bbox 1072 1695 1274 1749; x_wconf 88' lang='lat' dir='ltr'>imperiis,</span> <span class='ocrx_word' id='word_1_213' title='bbox 1300 1710 1441 1736; x_wconf 91' lang='lat' dir='ltr'>rerum</span> <span class='ocrx_word' id='word_1_214' title='bbox 1461 1697 1600 1749; x_wconf 84' lang='lat' dir='ltr'>gesta-</span> 
     </span>
     <span class='ocr_line' id='line_1_30' title="bbox 260 1753 1599 1810; baseline -0.001 -14"><span class='ocrx_word' id='word_1_215' title='bbox 260 1770 356 1796; x_wconf 90' lang='lat' dir='ltr'>rum</span> <span class='ocrx_word' id='word_1_216' title='bbox 390 1755 530 1810; x_wconf 79' lang='lat' dir='ltr'>gloria</span> <span class='ocrx_word' id='word_1_217' title='bbox 561 1755 811 1796; x_wconf 88' lang='lat' dir='ltr'>continuata</span> <span class='ocrx_word' id='word_1_218' title='bbox 842 1754 1090 1809; x_wconf 86' lang='lat' dir='ltr'>permansit,</span> <span class='ocrx_word' id='word_1_219' title='bbox 1121 1768 1297 1808; x_wconf 90' lang='lat' dir='ltr'>cumque</span> <span class='ocrx_word' id='word_1_220' title='bbox 1324 1753 1377 1794; x_wconf 90' lang='lat' dir='ltr'>ab</span> <span class='ocrx_word' id='word_1_221' title='bbox 1403 1753 1483 1794; x_wconf 89' lang='lat' dir='ltr'>hac</span> <span class='ocrx_word' id='word_1_222' title='bbox 1507 1768 1599 1808; x_wconf 88' lang='lat' dir='ltr'>per-</span> 
     </span>
     <span class='ocr_line' id='line_1_31' title="bbox 263 1811 1687 1868; baseline -0.001 -13"><span class='ocrx_word' id='word_1_223' title='bbox 263 1813 359 1855; x_wconf 89' lang='lat' dir='ltr'>enni</span> <span class='ocrx_word' id='word_1_224' title='bbox 403 1816 728 1867; x_wconf 86' lang='lat' dir='ltr'>contestataque</span> <span class='ocrx_word' id='word_1_225' title='bbox 774 1813 932 1854; x_wconf 88' lang='lat' dir='ltr'>virtute</span> <span class='ocrx_word' id='word_1_226' title='bbox 977 1813 1186 1854; x_wconf 89' lang='lat' dir='ltr'>maiorum</span> <span class='ocrx_word' id='word_1_227' title='bbox 1224 1827 1311 1853; x_wconf 91' lang='lat' dir='ltr'>non</span> <span class='ocrx_word' id='word_1_228' title='bbox 1348 1811 1474 1852; x_wconf 91' lang='lat' dir='ltr'>modo</span> <span class='ocrx_word' id='word_1_229' title='bbox 1512 1826 1598 1853; x_wconf 91' lang='lat' dir='ltr'>non</span> <span class='ocrx_word' id='word_1_230' title='bbox 1686 1848 1687 1868; x_wconf 25' lang='grc' dir='ltr'>ἶ</span> 
     </span>
     <span class='ocr_line' id='line_1_32' title="bbox 263 1870 1653 1927; baseline -0.004 -14"><span class='ocrx_word' id='word_1_231' title='bbox 263 1871 533 1927; x_wconf 80' lang='lat' dir='ltr'>degenerarit</span> <span class='ocrx_word' id='word_1_232' title='bbox 574 1871 620 1912; x_wconf 91' lang='lat' dir='ltr'>L.</span> <span class='ocrx_word' id='word_1_233' title='bbox 666 1871 860 1924; x_wconf 87' lang='lat' dir='ltr'>Flaccus,</span> <span class='ocrx_word' id='word_1_234' title='bbox 911 1871 1001 1923; x_wconf 91' lang='lat' dir='ltr'>sed,</span> <span class='ocrx_word' id='word_1_235' title='bbox 1052 1886 1177 1925; x_wconf 86' lang='lat' dir='ltr'>quam</span> <span class='ocrx_word' id='word_1_236' title='bbox 1222 1871 1403 1911; x_wconf 79' lang='lat' dir='ltr'>maxime</span> <span class='ocrx_word' id='word_1_237' title='bbox 1448 1870 1597 1912; x_wconf 89' lang='lat' dir='ltr'>florere</span> <span class='ocrx_word' id='word_1_238' title='bbox 1617 1883 1653 1908; x_wconf 81' lang='lat'>30</span> 
     </span>
     <span class='ocr_line' id='line_1_33' title="bbox 261 1928 1600 1985; baseline -0.001 -15"><span class='ocrx_word' id='word_1_239' title='bbox 261 1931 307 1972; x_wconf 91' lang='lat' dir='ltr'>in</span> <span class='ocrx_word' id='word_1_240' title='bbox 339 1930 506 1985; x_wconf 83' lang='lat' dir='ltr'>generis</span> <span class='ocrx_word' id='word_1_241' title='bbox 539 1929 604 1970; x_wconf 90' lang='lat' dir='ltr'>sui</span> <span class='ocrx_word' id='word_1_242' title='bbox 636 1930 775 1985; x_wconf 82' lang='lat' dir='ltr'>gloria</span> <span class='ocrx_word' id='word_1_243' title='bbox 803 1930 980 1982; x_wconf 89' lang='lat' dir='ltr'>viderat,</span> <span class='ocrx_word' id='word_1_244' title='bbox 1013 1929 1180 1970; x_wconf 90' lang='lat' dir='ltr'>laudem</span> <span class='ocrx_word' id='word_1_245' title='bbox 1210 1929 1376 1983; x_wconf 88' lang='lat' dir='ltr'>patriae</span> <span class='ocrx_word' id='word_1_246' title='bbox 1401 1928 1447 1969; x_wconf 91' lang='lat' dir='ltr'>in</span> <span class='ocrx_word' id='word_1_247' title='bbox 1471 1929 1600 1970; x_wconf 87' lang='lat' dir='ltr'>liber-</span> 
     </span>
     <span class='ocr_line' id='line_1_34' title="bbox 261 1986 1598 2043; baseline -0.001 -13"><span class='ocrx_word' id='word_1_248' title='bbox 261 1991 397 2030; x_wconf 90' lang='lat' dir='ltr'>tatem</span> <span class='ocrx_word' id='word_1_249' title='bbox 433 1988 712 2029; x_wconf 78' lang='lat' dir='ltr'>vindicandae</span> <span class='ocrx_word' id='word_1_250' title='bbox 749 1991 924 2043; x_wconf 87' lang='lat' dir='ltr'>praetor</span> <span class='ocrx_word' id='word_1_251' title='bbox 962 1988 1188 2039; x_wconf 89' lang='lat' dir='ltr'>adamarit,</span> <span class='ocrx_word' id='word_1_252' title='bbox 1225 1987 1270 2028; x_wconf 91' lang='lat' dir='ltr'>in</span> <span class='ocrx_word' id='word_1_253' title='bbox 1300 1986 1381 2029; x_wconf 86' lang='lat' dir='ltr'>hoc</span> <span class='ocrx_word' id='word_1_254' title='bbox 1413 2001 1493 2042; x_wconf 84' lang='lat' dir='ltr'>ego</span> <span class='ocrx_word' id='word_1_255' title='bbox 1526 2002 1598 2030; x_wconf 90' lang='lat' dir='ltr'>reo</span> 
     </span>
     <span class='ocr_line' id='line_1_35' title="bbox 260 2045 1599 2102; baseline -0.001 -13"><span class='ocrx_word' id='word_1_256' title='bbox 260 2063 314 2089; x_wconf 90' lang='lat' dir='ltr'>ne</span> <span class='ocrx_word' id='word_1_257' title='bbox 341 2046 454 2101; x_wconf 90' lang='lat' dir='ltr'>quod</span> <span class='ocrx_word' id='word_1_258' title='bbox 478 2046 763 2100; x_wconf 87' lang='lat' dir='ltr'>perniciosum</span> <span class='ocrx_word' id='word_1_259' title='bbox 785 2047 1025 2102; x_wconf 84' lang='lat' dir='ltr'>exemplum</span> <span class='ocrx_word' id='word_1_260' title='bbox 1045 2046 1263 2101; x_wconf 90' lang='lat' dir='ltr'>prodatur,</span> <span class='ocrx_word' id='word_1_261' title='bbox 1289 2045 1599 2100; x_wconf 89' lang='lat' dir='ltr'>pertimescam,</span> 
     </span>
     <span class='ocr_line' id='line_1_36' title="bbox 260 2104 1598 2160; baseline -0.002 -12"><span class='ocrx_word' id='word_1_262' title='bbox 260 2107 306 2148; x_wconf 89' lang='lat' dir='ltr'>in</span> <span class='ocrx_word' id='word_1_263' title='bbox 334 2120 429 2160; x_wconf 89' lang='lat' dir='ltr'>quo,</span> <span class='ocrx_word' id='word_1_264' title='bbox 461 2104 630 2145; x_wconf 88' lang='lat' dir='ltr'>etiamsi</span> <span class='ocrx_word' id='word_1_265' title='bbox 657 2105 757 2158; x_wconf 84' lang='lat' dir='ltr'>quid</span> <span class='ocrx_word' id='word_1_266' title='bbox 790 2108 985 2158; x_wconf 87' lang='lat' dir='ltr'>errasset,</span> <span class='ocrx_word' id='word_1_267' title='bbox 1019 2118 1164 2146; x_wconf 90' lang='lat' dir='ltr'>omnes</span> <span class='ocrx_word' id='word_1_268' title='bbox 1191 2104 1292 2145; x_wconf 89' lang='lat' dir='ltr'>boni</span> <span class='ocrx_word' id='word_1_269' title='bbox 1318 2105 1598 2145; x_wconf 87' lang='lat' dir='ltr'>conivendum</span> 
     </span>
     <span class='ocr_line' id='line_1_37' title="bbox 263 2162 1652 2217; baseline -0.001 -11"><span class='ocrx_word' id='word_1_270' title='bbox 263 2179 355 2206; x_wconf 87' lang='lat' dir='ltr'>esse</span> <span class='ocrx_word' id='word_1_271' title='bbox 388 2163 728 2204; x_wconf 82' lang='lat' dir='ltr'>arbitrarentur?</span> <span class='ocrx_word' id='word_1_272' title='bbox 772 2162 894 2212; x_wconf 82' lang='lat' dir='ltr'>Quod</span> <span class='ocrx_word' id='word_1_273' title='bbox 926 2163 1094 2217; x_wconf 86' lang='lat' dir='ltr'>quidem</span> <span class='ocrx_word' id='word_1_274' title='bbox 1127 2176 1205 2217; x_wconf 81' lang='lat' dir='ltr'>ego</span> <span class='ocrx_word' id='word_1_275' title='bbox 1236 2177 1323 2204; x_wconf 92' lang='lat' dir='ltr'>non</span> <span class='ocrx_word' id='word_1_276' title='bbox 1354 2163 1480 2204; x_wconf 72' lang='lat' dir='ltr'>ni&#39;odo</span> <span class='ocrx_word' id='word_1_277' title='bbox 1511 2177 1596 2204; x_wconf 92' lang='lat' dir='ltr'>non</span> <span class='ocrx_word' id='word_1_278' title='bbox 1617 2173 1652 2200; x_wconf 84' lang='lat'>35</span> 
     </span>
     <span class='ocr_line' id='line_1_38' title="bbox 262 2220 1600 2279; baseline -0.001 -15"><span class='ocrx_word' id='word_1_279' title='bbox 262 2223 454 2279; x_wconf 90' lang='lat' dir='ltr'>postulo,</span> <span class='ocrx_word' id='word_1_280' title='bbox 492 2222 565 2263; x_wconf 86' lang='lat' dir='ltr'>sed</span> <span class='ocrx_word' id='word_1_281' title='bbox 597 2224 762 2274; x_wconf 88' lang='lat' dir='ltr'>contra,</span> <span class='ocrx_word' id='word_1_282' title='bbox 800 2222 976 2276; x_wconf 89' lang='lat' dir='ltr'>iudices,</span> <span class='ocrx_word' id='word_1_283' title='bbox 1013 2235 1088 2262; x_wconf 85' lang='lat' dir='ltr'>vos</span> <span class='ocrx_word' id='word_1_284' title='bbox 1123 2235 1197 2262; x_wconf 92' lang='lat' dir='ltr'>oro</span> <span class='ocrx_word' id='word_1_285' title='bbox 1231 2223 1273 2262; x_wconf 91' lang='lat' dir='ltr'>et</span> <span class='ocrx_word' id='word_1_286' title='bbox 1305 2220 1514 2274; x_wconf 88' lang='lat' dir='ltr'>obtestor,</span> <span class='ocrx_word' id='word_1_287' title='bbox 1550 2224 1600 2262; x_wconf 87' lang='lat' dir='ltr'>ut</span> 
     </span>
     <span class='ocr_line' id='line_1_39' title="bbox 262 2279 1599 2335; baseline -0.002 -12"><span class='ocrx_word' id='word_1_288' title='bbox 262 2285 399 2324; x_wconf 83' lang='lat' dir='ltr'>totam</span> <span class='ocrx_word' id='word_1_289' title='bbox 432 2295 602 2322; x_wconf 90' lang='lat' dir='ltr'>causam</span> <span class='ocrx_word' id='word_1_290' title='bbox 636 2294 764 2335; x_wconf 87' lang='lat' dir='ltr'>quam</span> <span class='ocrx_word' id='word_1_291' title='bbox 797 2280 982 2321; x_wconf 77' lang='lat' dir='ltr'>maxime</span> <span class='ocrx_word' id='word_1_292' title='bbox 1012 2279 1191 2321; x_wconf 86' lang='lat' dir='ltr'>intentis</span> <span class='ocrx_word' id='word_1_293' title='bbox 1219 2280 1363 2334; x_wconf 84' lang='lat' dir='ltr'>oculis,</span> <span class='ocrx_word' id='word_1_294' title='bbox 1395 2282 1443 2321; x_wconf 90' lang='lat' dir='ltr'>ut</span> <span class='ocrx_word' id='word_1_295' title='bbox 1468 2279 1599 2333; x_wconf 87' lang='lat' dir='ltr'>aiunt,</span> 
     </span>
    </p>
   </div>
   <div class='ocr_carea' id='block_1_8' title="bbox 1683 1870 1687 2485">
    <p class='ocr_par' dir='ltr' id='par_1_8' title="bbox 1683 1870 1687 2485">
     <span class='ocr_line' id='line_1_40' title="bbox 1683 1870 1687 2485; baseline 0 0"><span class='ocrx_word' id='word_1_296' title='bbox 1683 1870 1687 2485; x_wconf 95' lang='lat' dir='ltr'> </span> 
     </span>
    </p>
   </div>
  </div>
 </body>
</html>
