1619 2542
581 54 683 89 CAP.
710 58 801 89 3-5
827 58 846 97 ξ
873 58 998 89 6—11.
1376 54 1461 95 303

122 151 310 193 hominis
342 153 384 192 et
416 150 504 192 suis
536 152 580 191 et
610 150 759 205 populi
785 150 970 191 Romani
1002 150 1265 192 ornamentis
1292 150 1462 203 amplis-

123 210 219 251 simi
252 224 424 251 causam
455 209 568 250 tanti
599 208 776 262 periculi
801 209 1105 263 repudiassem.
1167 207 1317 263 Neque
1351 209 1463 249 enim

123 268 209 310 iam
242 268 349 310 mihi
379 269 480 309 licet
509 281 645 321 neque
678 271 743 308 est
767 267 998 323 integrum,
1029 270 1077 308 ut
1103 282 1244 308 meum
1270 267 1463 309 laborem

123 327 344 368 hominum
379 326 576 380 periculis
609 325 884 367 sublevandis
916 340 1003 367 non
1033 326 1294 381 impertiam.
1348 324 1462 366 Nam

87 396 105 422 5
124 400 220 428 cum
254 385 445 440 praemia
476 384 582 425 mihi
613 386 737 425 tanta
767 399 844 438 pro
876 384 958 426 hac
989 384 1200 426 industria
1232 385 1320 426 sint
1352 384 1463 438 data,

125 446 287 499 quanta
327 446 452 486 antea
495 443 672 495 nemini,
709 443 740 496 ’i‘
777 445 836 484 sic
878 446 919 484 et
958 444 992 484 si
1030 443 1191 497 ceperis
1236 457 1326 496 eos,
1366 458 1461 484 cum

125 503 303 557 adeptus
343 503 420 554 sis,
457 501 686 555 deponere,
724 505 837 543 esset
867 501 1055 543 hominis
1088 504 1130 543 et
1163 503 1297 543 astuti
1328 504 1372 543 et
1402 501 1462 543 in-

125 562 252 617 grati.
302 559 463 609 Quodsi
493 560 594 602 licet
625 559 828 612 desinere,
861 561 896 601 si
927 564 970 601 te
1002 563 1174 602 auctore
1206 575 1394 615 possum,
1427 560 1462 601 si

123 620 244 661 nulla
279 620 477 669 inertiae,
515 619 637 660 nulla
676 619 901 673 superbiae
939 619 1216 674 [turpitudo],
1252 620 1372 661 nulla
1401 619 1461 660 in-

74 689 107 714 10
124 678 408 719 humanitatis
436 677 560 732 culpa
586 677 827 732 suscipitur,
860 691 939 733 ego
968 692 1066 719 vero
1094 678 1277 719 libenter
1303 678 1462 719 desino.

127 736 202 778 Sin
229 739 372 778 autem
398 737 502 791 fuga.
527 736 686 778 laboris
715 735 933 790 desidiam,
959 736 1198 791 repudiatio
1220 736 1462 791 supplicum

125 796 384 850 superbiam,
409 795 642 836 amicorum
667 795 878 850 neglectio
906 795 1231 850 improbitatem
1257 795 1464 850 coarguit,

124 854 328 895 nimirum
364 854 470 895 haec
507 867 633 895 causa
671 856 737 894 est
775 854 864 894 eius
897 854 1032 908 modi,
1074 868 1202 908 quam
1233 868 1309 895 nec
1341 853 1462 894 indu-

128 914 259 954 strius
292 913 519 967 quisquam
549 925 627 953 nec
658 912 899 954 misericors
924 927 1001 953 nec
1028 912 1244 954 officiosus
1271 912 1462 954 deserere

73 980 105 1006 1⁵
124 972 274 1026 possit.
335 970 478 1025 Atque
514 970 690 1012 huiusce
727 970 788 1012 rei
820 971 1105 1013 coniecturam
1138 970 1188 1012 de
1219 974 1295 1012 tuo
1326 971 1462 1026 ipsius

126 1030 284 1084 studio,
322 1028 460 1083 Servi,
500 1029 702 1071 facillime
734 1029 907 1084 ceperis.
967 1028 1080 1070 Nam
1112 1030 1156 1071 si·
1180 1029 1262 1070 tibi
1292 1043 1464 1071 necesse

124 1091 250 1144 putas
303 1088 433 1130 etiam
483 1087 738 1129 adversariis
784 1088 1019 1130 amicorum
1062 1091 1235 1129 tuorum
1279 1088 1329 1129 de
1372 1088 1463 1129 iure

124 1147 446 1189 consulentibus
479 1147 746 1200 respondere,
779 1149 821 1187 et
853 1147 889 1188 si
920 1149 1045 1201 turpe
1077 1147 1299 1188 existimas
1324 1149 1367 1187 te
1394 1147 1462 1188 ad-

124 1208 275 1247 vocato
300 1205 423 1247 illum
447 1205 599 1260 ipsum,
626 1220 750 1260 quem
777 1207 925 1247 contra
950 1205 1128 1259 veneris,
1154 1220 1281 1247 causa
1301 1205 1462 1259 cadere,

72 1274 106 1299 2⁰
123 1264 214 1305 noli
243 1267 336 1305 tam
367 1278 459 1305 esse
489 1263 684 1317 iniustus,
715 1266 775 1317 ut,
807 1278 902 1305 cum
928 1264 993 1305 tui
1017 1263 1159 1305 fontes
1185 1264 1252 1304 vel
1277 1263 1461 1306 inimicis

124 1323 210 1364 tuis
241 1325 430 1378 pateant,
465 1324 638 1363 nostros
672 1322 800 1363 etiam
834 1322 981 1363 amicis
1013 1325 1138 1375 putes
1170 1322 1337 1363 clausos
1370 1335 1461 1363 esse

126 1385 333 1435 oportere.
376 1380 564 1433 Etenim,
596 1381 633 1421 si
657 1395 723 1420 me
749 1383 824 1421 tua
848 1380 1123 1421 familiaritas
1149 1380 1203 1421 ab
1228 1380 1310 1421 hac
1335 1394 1462 1421 causa

125 1440 396 1489 removisset,
434 1440 477 1479 et
514 1439 551 1479 si
581 1438 662 1480 hoc
692 1438 805 1479 idem
836 1437 883 1486 Q.
915 1438 1167 1491 Hortensio,
1203 1437 1260 1479 M.
1293 1436 1462 1492 Crasso,

127 1497 377 1539 clarissimis
415 1496 537 1550 viris,
581 1497 616 1537 si
653 1497 756 1538 item
795 1497 963 1550 ceteris,
1001 1511 1026 1538 a
1065 1496 1217 1550 quibus
1256 1497 1461 1551 intellego

74 1565 107 1591 25
127 1559 247 1597 tuam
279 1555 465 1610 gratiam
497 1555 645 1610 magni
677 1555 908 1608 aestimari,
940 1554 1175 1608 accidisset,
1205 1555 1250 1596 in
1282 1569 1332 1597 ea
1362 1556 1462 1597 civi-

127 1617 217 1656 tate
243 1614 390 1656 consul
416 1613 661 1667 designatus
689 1612 953 1654 defensorem
977 1627 1063 1654 non
1088 1613 1278 1667 haberet,
1308 1613 1353 1655 in
1379 1629 1462 1669 qua

127 1673 288 1714 nemini
313 1686 517 1726 umquam
541 1671 688 1713 infimo
709 1672 892 1712 maiores
911 1672 1049 1713 nostri
1068 1674 1296 1725 patronum
1317 1673 1461 1714 deesse

127 1732 365 1773 voluerunt.
425 1729 521 1784 Ego
559 1744 678 1783 ver0,
720 1730 897 1784 iudiceS,
940 1730 1032 1784 ipse
1069 1744 1135 1771 me
1174 1731 1461 1773 existimarem

127 1789 351 1842 nefarium,
383 1789 419 1830 si
451 1789 599 1842 amico,
631 1788 856 1842 crudelem,
889 1789 925 1829 si
950 1788 1118 1842 misero,
1149 1790 1393 1844 superbum,
1425 1791 1461 1831 si

76 1856 109 1882 ⁵0
130 1847 294 1889 consuli
326 1847 565 1889 defuissem.
609 1845 758 1899 Quare,
790 1846 902 1900 quod
934 1847 1120 1888 dandum
1146 1850 1211 1889 est
1236 1848 1463 1902 amicitiae,

129 1907 248 1962 large
280 1905 451 1947 dabitur
482 1921 507 1947 a
537 1921 616 1958 me,
648 1907 696 1946 ut
725 1907 865 1946 tecum
897 1919 1034 1960 agam,
1065 1904 1197 1960 Servi,
1227 1921 1314 1948 non
1340 1922 1461 1948 secus

130 1978 179 2005 ac
210 1964 247 2005 si
277 1979 395 2005 meus
429 1967 542 2005 esset
572 1964 718 2016 frater,
750 1964 822 2017 qui
854 1963 959 2004 mihi
990 1967 1055 2005 est
1087 1966 1344 2019 carissimus,
1375 1966 1459 2006 isto

128 2022 173 2063 in
208 2023 320 2076 loco,
357 2022 470 2076 quod
500 2021 775 2064 tribuendum
807 2024 873 2062 est
905 2022 1062 2076 officio,
1098 2022 1214 2076 fidei,
1251 2023 1461 2089 religioni,

129 2080 173 2121 id
216 2081 276 2121 ita
318 2080 589 2134 moderabor,
632 2083 679 2121 ut
723 2080 989 2122 meminerim
1032 2096 1099 2123 me
1143 2083 1292 2124 contra
1335 2081 1460 2123 amici

51 2125 53 2190 l
78 2149 110 2175 35
131 2138 318 2180 studium
349 2153 425 2192 pro
458 2139 584 2180 amici
617 2138 803 2192 periculo
836 2138 982 2181 dicere

217 2196 449 2252 Intellego,
491 2197 669 2250 iudices,
713 2197 792 2237 tiis
830 2197 962 2238 totius
1002 2199 1287 2240 accusationis
1326 2195 1511 2252 partiso

129 2254 273 2309 fuisse,
306 2256 348 2295 et
373 2269 518 2297 earum
543 2270 673 2297 unam
699 2255 743 2296 in
768 2255 1095 2310 reprehensione
1123 2256 1246 2311 vitae,
1280 2257 1458 2298 alteram

1490 1392 1532 1423 10

1486 2235 1525 2266 11
