1619 2542
110 543 164 584 28

110 595 153 625 58

109 1623 152 1654 59

179 109 265 150 324
550 109 642 144 PRO
669 109 708 144 L.
735 108 940 143 MURENA
966 108 1154 144 ORATIO.

180 220 331 262 garum
378 206 636 247 curriculum
678 206 903 247 incurrere.
973 202 1104 246 Cuius
1141 206 1446 260 competitores
1485 207 1522 248 si

178 265 287 305 nihil
315 264 596 319 deliquerunt,
624 264 828 318 dignitati
847 278 995 305 eorum
1015 263 1238 317 concessit,
1263 278 1358 306 cum
1378 267 1521 318 petere

180 323 364 377 destitit3
410 323 475 364 sin
520 327 663 364 autem
707 337 854 363 eorum
900 322 1055 376 aliquis
1108 322 1292 377 largitus
1330 326 1413 376 est,
1454 338 1521 365 ex-

178 382 386 436 petendus
413 381 572 427 amicus
599 384 675 435 est,
702 381 775 435 qui
802 381 985 422 alienam
1006 381 1151 436 potius
1172 381 1374 422 iniuriam
1394 396 1521 436 quam

179 455 300 481 suam
332 443 625 495 persequatur.
1540 451 1556 477 5

268 499 338 540 DE
366 499 573 541 POSTUMI
600 510 880 551 CRIMINIBUS,
906 510 968 540 DE
997 497 1138 539 SERVI
1160 509 1521 541 ADULESCENTIS.

270 557 407 599 Venio
434 572 544 598 nunc
572 558 624 599 ad
649 556 706 598 Μ.
728 556 947 611 Catonem,
973 556 1087 611 quod
1114 559 1180 597 est
1205 556 1521 599 firmamentum

181 631 228 657 ac
260 617 392 657 robur
425 616 559 657 totius
594 616 896 669 accusationis3
929 615 1000 669 qui
1026 618 1172 656 tamen
1197 615 1259 656 ita
1286 616 1430 671 gravis
1457 619 1522 658 est

180 678 402 716 accusator
441 678 484 716 et
522 674 768 724 vehemens,
799 677 848 715 ut
874 675 1010 715 multo
1043 674 1181 729 magis
1215 674 1303 715 eius
1336 675 1521 716 auctori-

178 736 314 774 tatem
348 747 476 788 quam
509 733 849 775 criminationem
880 733 1194 787 pertimescam.
1240 731 1293 773 In
1324 748 1407 787 quo
1439 747 1520 789 ego
1542 745 1575 770 10

180 795 439 846 accusatore,
471 792 641 842 iudices,
673 792 860 847 primum
892 791 1000 832 illud
1032 791 1304 845 deprecabor,
1334 806 1388 833 ne
1419 792 1522 846 quid

179 851 225 892 L.
256 850 458 892 Murenae
498 851 684 905 dignitas
716 851 851 903 illius,
888 864 940 891 ne
979 849 1081 903 quid
1114 850 1354 904 expectatio
1386 851 1521 892 tribu-

177 913 318 963 natus,
343 924 396 951 ne
423 909 524 964 quid
550 910 684 950 totius
711 909 825 950 vitae
852 909 1054 962 splendor
1083 910 1125 949 et
1147 908 1338 963 gravitas
1358 911 1522 963 noceat,

178 969 356 1023 denique
387 982 440 1009 ne
473 982 522 1009 ea
554 968 634 1009 soli
665 968 763 1009 huic
795 967 939 1008 obsint
969 967 1083 1008 bona
1107 966 1164 1008 M.
1187 966 1379 1022 Catonis,
1412 982 1520 1022 quae

178 1027 250 1068 ille
278 1027 458 1081 adeptus
486 1029 563 1076 est,
589 1028 637 1067 ut
663 1026 811 1067 multis
837 1026 1039 1080 prodesse
1064 1028 1223 1080 posset.
1266 1025 1341 1067 Bis
1368 1026 1518 1068 consul
1540 1037 1572 1063 15
1618 1054 1619 1062 1

177 1086 318 1126 fuerat
356 1085 401 1126 P.
440 1084 669 1126 Africanus
716 1088 758 1125 et
801 1084 906 1125 duos
945 1087 1131 1125 terrores
1170 1085 1295 1126 huius
1337 1085 1519 1139 imperii,

179 1143 487 1198 Carthaginem
515 1142 892 1197 Numantiamque,
925 1142 1152 1195 deleverat,
1184 1157 1279 1184 cum
1306 1144 1522 1185 accusavit

178 1202 225 1243 L.
263 1201 448 1244 Cottam.
504 1201 612 1243 Erat
661 1202 706 1242 in
753 1216 801 1243 eo
841 1216 1010 1242 summa
1047 1202 1308 1256 eloquentia,
1354 1216 1521 1243 sumina

178 1261 301 1315 fides,
340 1275 508 1302 summa
548 1260 797 1315 integritas,
835 1260 1070 1301 auctoritas
1101 1263 1244 1314 tanta,
1282 1263 1443 1315 quanta
1474 1261 1519 1301 in

177 1319 358 1374 imperio
396 1319 547 1374 populi
577 1319 779 1373 Romani,
817 1318 929 1373 quod
968 1318 1086 1359 illius
1119 1333 1248 1373 opera
1278 1319 1515 1360 tenebatur.
1538 1330 1571 1356 20

180 1376 314 1433 Saepe
340 1378 422 1419 hoc
447 1378 632 1419 maiores
659 1380 765 1419 natu
791 1377 928 1418 dicere
949 1377 1105 1430 audivi,
1129 1377 1240 1419 hanc
1260 1378 1519 1420 accusatoris

180 1437 380 1478 eximiam
403 1437 526 1488 [vim]
541 1436 795 1491 dignitatem
815 1436 1049 1490 plurimum
1063 1435 1109 1477 L.
1124 1434 1276 1477 Cottae
1296 1436 1517 1491 profuisse.

178 1495 424 1536 Noluerunt
456 1495 762 1550 sapientissimi
794 1495 1008 1548 homines,
1049 1494 1120 1549 qui
1151 1498 1244 1535 tum
1276 1510 1366 1536 rem
1398 1495 1519 1536 illam

178 1554 437 1607 iudicabant,
469 1554 533 1595 ita
564 1568 819 1607 quemquam
853 1553 1001 1595 cadere
1013 1553 1077 1594 *in
1102 1553 1270 1607 iudicio,
1300 1556 1349 1595 ut
1373 1553 1517 1594 nimiis

181 1612 413 1654 adversarii
460 1612 624 1654 viribus
676 1612 866 1654 abiectus
917 1611 1144 1653 videretur.
1219 1611 1357 1660 Quid?
1431 1611 1518 1654 Ser.
1539 1622 1572 1648 ‘25

181 1671 361 1712 Galbam
403 1669 522 1725 (nam
559 1671 766 1714 traditum
805 1671 1034 1712 memoriae
1074 1671 1155 1725 est)
1186 1685 1326 1712 nonne
1357 1685 1517 1724 proavo

179 1733 273 1783 tuo,
312 1728 550 1771 fortissimo
590 1732 717 1783 atque
756 1729 1060 1770 florentissimo
1102 1729 1214 1782 viro,
1258 1728 1315 1770 M.
1354 1727 1520 1782 Catoni,

179 1787 443 1829 incumbenti
482 1787 533 1828 ad
571 1789 662 1829 eius
701 1788 931 1842 perniciem
968 1787 1152 1842 populus
1183 1787 1402 1828 Romanus
1441 1788 1518 1828 eri-

179 1845 302 1900 puit‘?
365 1844 541 1900 Semper
577 1846 623 1887 in
660 1846 740 1888 hac
779 1846 952 1888 civitate
989 1846 1117 1887 nimis
1149 1845 1318 1900 magnis
1351 1859 1517 1887 accusa-

180 1908 323 1945 torum
367 1904 521 1958 opibus
565 1907 608 1946 et
651 1905 835 1959 populus
879 1904 1101 1945 universus
1139 1907 1182 1945 et
1219 1903 1431 1958 sapientes
1469 1919 1518 1946 ac
1537 1915 1572 1940 3⁰

181 1963 364 2003 multum
395 1962 441 2002 111
472 1965 692 2015 posterum
725 1963 1031 2018 prospicientes
1063 1962 1222 2003 iudices
1253 1962 1518 2004 restiterunt.

181 2020 295 2063 Nolo
322 2024 544 2062 accusator
570 2021 614 2061 in
638 2021 840 2063 iudicium
867 2021 1105 2075 potentiam
1125 2020 1301 2075 adferat,
1325 2035 1410 2062 non
1430 2021 1517 2062 vim

182 2080 388 2121 maiorem
421 2079 629 2133 aliquam,
659 2094 746 2120 non
777 2080 1075 2120 auctoritatem
1109 2079 1400 2131 excellentem,
1431 2093 1517 2120 non

180 2138 356 2178 nimiam
408 2137 605 2192 gratiam.
677 2136 863 2179 Valeant
905 2137 1009 2178 haec
1052 2137 1196 2178 omnia
1239 2137 1292 2178 ad
1335 2138 1517 2179 salutem

181 2195 482 2250 innocentium,
515 2195 567 2236 ad
599 2210 721 2249 opem
752 2195 1066 2250 impotentium,
1098 2195 1151 2236 ad
1177 2196 1382 2237 auxilium
1407 2197 1516 2238 cala·
1535 2205 1568 2232 35

182 2255 453 2308 mitosorum,
494 2253 540 2294 in
582 2254 769 2319 periculo
813 2268 913 2296 vero
958 2256 1001 2294 et
1043 2254 1088 2294 in
1130 2254 1316 2308 pernicie
1360 2254 1515 2296 civium

112 2324 156 2355 60
182 2313 469 2367 repudientur.
528 2311 643 2353 Nam
684 2311 719 2353 si
760 2312 854 2367 quis
886 2312 968 2354 hoc
998 2311 1110 2353 forte
1142 2312 1271 2366 dicet,
1308 2311 1515 2355 Catonem
