1619 2542
538 98 638 134 CAP.
669 103 705 141 1,
731 103 751 134 2
779 102 797 140 ξ
828 102 925 133 1-4.
1326 98 1409 140 189

68 196 199 238 vestri
238 195 331 238 luce
369 199 607 237 caruerunt.
667 195 732 237 De
770 210 838 237 me
876 197 1020 236 autem
1051 195 1145 249 ipso
1177 209 1328 236 vereor
1357 209 1411 236 ne
1438 206 1461 237 2*

69 255 312 310 arrogantis
352 254 409 296 sit
447 255 560 308 apud
590 269 666 296 vos
700 254 854 307 dicere,
891 253 1052 310 ingrati
1083 257 1238 296 tacere.
1297 252 1412 295 Nam

69 316 130 367 et,
173 313 326 367 quibus
374 313 526 354 studiis
570 313 680 354 hanc
724 313 978 368 dignitatem
1022 315 1274 354 consecutus
1319 312 1412 366 sim,

69 375 227 413 memet
269 372 411 426 ipsum
457 386 791 413 commemorare
827 386 1035 426 perquam
1073 385 1204 426 grave
1242 373 1325 425 est,
1370 374 1412 413 et

33 442 49 468 5
71 431 194 472 silere
227 430 277 472 de
308 430 442 471 tantis
475 430 629 471 vestris
663 430 881 471 beneficiis
913 430 1031 471 nullo
1064 430 1190 471 modo
1222 444 1412 484 possum.

70 488 208 538 Quare
240 489 515 530 adhibebitur
548 504 573 530 a
604 503 671 530 me
703 491 820 530 certa
851 489 962 530 ratio
995 488 1317 543 moderatioque
1349 488 1411 529 di-

69 548 202 602 cendi,
228 550 287 601 ut,
314 547 414 601 quid
441 563 465 589 a
490 547 611 588 vobis
639 548 885 601 acceperim,
911 561 1254 601 commemorem,
1280 561 1411 602 quare

70 606 223 661 dignus
255 609 399 648 vestro
434 620 599 648 summo
626 606 788 647 honore
815 606 1107 661 singularique
1132 605 1288 647 iudicio
1317 607 1410 659 sim,

68 665 160 720 ipse
198 665 361 706 modice
400 664 555 719 dicam,
593 664 630 706 si
667 679 838 706 necesse
877 665 974 718 erit,
1018 678 1094 706 vos
1133 664 1305 706 eosdem
1342 679 1409 705 ex-

16 736 50 760 10
69 723 338 765 istimaturos
370 726 535 777 putem,
568 723 641 777 qui
671 723 950 764 iudicavistis.

156 781 225 823 Me
268 782 475 837 perlongo
520 782 749 823 intervallo
796 796 927 836 prope
973 782 1205 823 memoriae
1245 785 1410 836 tempo-

69 855 245 894 rumque
276 843 523 882 nostrorum
549 840 736 895 primum
762 840 980 882 hominem
1005 855 1164 882 novum
1192 840 1410 882 consulem

68 899 232 941 fecistis
270 902 313 940 et
351 913 447 940 eum
483 899 642 952 locum,
681 914 806 954 quem
845 899 1050 940 nobilitas
1082 899 1308 954 praesidiis
1341 899 1409 940 fir-

70 961 234 999 matum
274 961 401 1012 atque
440 958 556 1000 omni
594 958 760 1000 ratione
800 958 1067 999 obvallatum
1106 958 1299 1011 tenebat,
1343 972 1411 999 me

18 1029 50 1054 15
73 1016 174 1058 duce
200 1016 434 1058 rescidistis
460 1017 696 1071 virtutique
721 1016 766 1057 in
791 1019 1012 1071 posterum
1031 1018 1180 1071 patere
1200 1016 1411 1058 voluistis.

71 1074 219 1129 Neque
246 1090 312 1116 me
337 1078 508 1116 tantum
535 1075 661 1117 modo
688 1076 921 1129 consulem,
948 1075 1061 1129 quod
1088 1077 1153 1116 est
1173 1075 1314 1129 ipsum
1333 1089 1410 1130 per

71 1148 162 1175 sese
196 1134 527 1188 amplissimum,
567 1133 641 1175 sed
680 1134 742 1175 ita
778 1133 961 1187 fecistis,
998 1148 1081 1188 quo
1119 1133 1246 1175 modo
1284 1133 1411 1188 pauci

70 1193 236 1234 nobiles
268 1193 313 1233 in
343 1192 424 1234 hac
450 1193 625 1234 civitate
651 1193 846 1234 consules
872 1192 977 1234 facti
1003 1194 1116 1246 sunt,
1146 1207 1283 1234 novus
1311 1195 1409 1234 ante

70 1265 137 1292 me
173 1265 310 1292 nemo.
371 1250 486 1292 Nam
522 1251 736 1306 profecto,
773 1251 809 1292 si
846 1251 1062 1292 recordari
1100 1251 1321 1292 volueritis
1360 1251 1410 1292 de
1438 1257 1447 1270 ⁶

17 1321 52 1346 20
70 1310 191 1351 novis
222 1310 480 1364 horninibus,
511 1309 734 1364 reperietis
767 1324 851 1363 003,
883 1310 955 1364 qui
987 1310 1077 1351 sine
1108 1310 1282 1364 repulsa
1315 1324 1411 1351 con-

72 1369 184 1409 sules
221 1368 326 1410 facti
366 1371 482 1422 sunt,
521 1368 720 1410 diuturno
758 1368 907 1409 labore
946 1370 1074 1422 atque
1113 1367 1258 1421 aliqua
1291 1382 1411 1409 occa-

72 1426 190 1468 sione
234 1441 326 1468 esse
364 1426 520 1479 factos,
564 1442 659 1468 cum
703 1427 850 1467 multis
890 1426 1013 1468 annis
1050 1429 1151 1480 post
1189 1425 1411 1480 petissent,

72 1499 200 1539 quam
236 1487 455 1539 praetores
493 1485 695 1538 fuissent,
733 1485 952 1539 aliquanto
986 1485 1139 1538 serius,
1176 1498 1305 1538 quam
1335 1498 1412 1538 per

73 1546 258 1584 aetatem
303 1558 352 1584 ac
394 1558 470 1597 per
510 1544 626 1598 leges
670 1543 835 1596 liceret3
880 1543 952 1596 qui
996 1545 1139 1584 autem
1185 1557 1295 1584 anno
1335 1557 1411 1584 suo

21 1613 53 1640 25
72 1602 285 1656 petierint,
318 1601 408 1642 sine
440 1602 612 1656 repulsa
643 1616 730 1642 non
762 1615 853 1642 esse
878 1601 1036 1654 factos,
1068 1615 1135 1642 me
1162 1615 1253 1642 esse
1279 1615 1412 1642 unum

73 1675 123 1702 ex
167 1660 364 1701 omnibus
407 1661 531 1701 novis
575 1659 839 1709 hominibus,
884 1659 933 1700 de
973 1659 1125 1713 quibus
1166 1659 1412 1700 meminisse

71 1719 305 1774 possimus,
337 1718 409 1772 qui
441 1718 712 1760 consulatum
742 1718 952 1772 petierim,
984 1732 1079 1758 011111
1109 1718 1296 1772 primum
1321 1717 1412 1759 lici-

72 1780 164 1818 tuin
198 1777 266 1831 sit,
298 1777 445 1818 consul
477 1776 616 1818 factus
650 1776 742 1829 sim,
774 1791 869 1817 cum
901 1778 1089 1830 primum
1121 1776 1330 1830 petierim,
1364 1779 1413 1817 ut

72 1839 215 1877 vester
250 1836 387 1876 honos
426 1835 479 1876 ad
517 1835 601 1876 mei
638 1835 842 1888 temporis
882 1835 993 1876 diem
1024 1835 1203 1890 petitus,
1240 1849 1328 1876 non
1359 1835 1413 1876 ad

28 1905 52 1930 20
75 1894 237 1935 alienae
262 1894 483 1948 petitionis
511 1894 777 1935 occasionem
803 1894 1076 1947 interceptus,
1101 1907 1178 1935 nec
1199 1893 1412 1934 diuturnis

74 1952 269 2007 precibus
314 1952 597 2008 efflagitatus,
649 1951 721 1992 sed
766 1951 976 2006 dignitate
1018 1951 1275 2006 impetratus
1321 1967 1412 1993 esse

73 2011 279 2053 videatur.
345 2010 426 2051 Est
470 2011 577 2051 illud
616 2010 947 2064 amplissimum,
995 2011 1107 2064 quod
1145 2010 1274 2065 paulo
1313 2013 1412 2051 ante
1446 2046 1460 2051 1

75 2069 423 2121 commemoravi,
467 2068 676 2122 Quirites,
721 2069 833 2122 quod
875 2069 956 2110 1100
997 2069 1159 2110 honore
1199 2084 1248 2110 ex
1290 2068 1412 2109 novis

74 2127 320 2168 hominibus
367 2127 555 2181 primum
592 2142 659 2168 me
698 2127 845 2167 multis
884 2129 984 2180 post
1022 2127 1144 2168 annis
1184 2126 1414 2179 adfecistis,

0 2222 2 2243 Ι
36 2195 52 2222 5
77 2185 189 2240 quod
231 2185 371 2239 prima
413 2186 638 2239 petitione,
683 2185 794 2240 quod
838 2199 947 2226 anno
991 2200 1105 2239 meo,
1150 2185 1223 2226 sed
1268 2187 1415 2226 tamen

76 2243 417 2299 magnificentius
461 2247 588 2298 atque
635 2243 827 2285 ornatius
866 2258 958 2285 esse
994 2244 1069 2285 illo
1110 2244 1219 2285 nihil
1257 2245 1414 2297 potest,

77 2302 191 2358 quod
239 2301 344 2343 meis
397 2302 580 2343 comitiis
624 2317 710 2344 non
754 2301 960 2343 tabellam
1003 2302 1214 2343 vindicem
1257 2301 1414 2342 tacitae
