1619 2542
530 78 631 114 CAP.
659 83 714 122 25,
744 82 788 114 26
815 82 833 121 ξ
861 83 1009 115 65—70.
1354 78 1438 119 213

99 174 263 216 mentio
284 175 395 231 legis
417 175 611 229 agrariae
633 174 757 228 facta,
777 175 992 230 continuo,
1014 175 1087 230 qui
1101 189 1228 231 agros
1244 175 1439 230 publicos

101 237 176 275 aut
197 234 267 289 qui
287 234 582 289 possessiones
602 234 833 275 invidiosas
848 235 1064 287 tenebant,
1085 232 1438 286 extimescebam,

99 292 205 334 haee
255 293 322 333 lex
374 307 445 334 eos
494 292 690 334 homines
740 293 928 334 fortunis
973 293 1228 347 locupletat,
1278 292 1439 334 invidia

100 351 267 393 liberat.
318 350 452 400 Quam
480 352 639 393 multos
667 352 791 405 enim,
823 351 1024 406 Quirites,
1051 352 1308 393 existimatis
1335 366 1438 405 esse,

65 420 81 445 5
102 409 175 464 qui
207 410 477 451 latitudinem
503 410 822 465 possessionum
853 411 977 465 tueri,
1009 410 1082 465 qui
1112 410 1315 452 invidiam
1349 409 1439 451 Sul-

100 469 296 510 lanorum
317 483 520 524 agrorum
539 468 651 510 ferre
670 484 755 510 non
771 470 952 524 possint,
973 469 1045 524 qui
1057 470 1238 511 vendere
1253 469 1438 524 cupiant,

101 530 337 582 emptorem
382 542 467 569 non
504 527 738 582 reperiant,
784 528 959 582 perdere
997 529 1084 569 iam
1121 528 1301 582 denique
1338 528 1438 569 illos

101 600 228 641 agros
272 587 438 628 ratione
482 587 626 641 aliqua
663 586 826 628 velint?
897 586 978 636 Qui
1022 588 1149 642 paulo
1189 590 1288 628 ante
1326 586 1437 628 diem

98 648 351 699 noctemque
375 645 651 687 tribunicium
677 660 833 687 nomen
859 645 1105 700 horrebant,
1137 649 1324 687 vestram
1349 646 1438 687 vim

46 715 79 739 10
100 705 366 757 metuebant,
404 704 664 746 mentionem
695 704 805 760 legis
839 704 1034 760 agrariae
1064 705 1438 759 pertimescebant,

99 762 139 804 ei
176 777 287 804 1111110
326 763 453 804 etiam
491 763 607 804 ultro
639 764 907 819 rogabuntur
939 766 1067 817 atque
1100 764 1353 817 orabuntur,
1390 766 1437 804 ut

100 835 228 877 agros
260 822 418 876 partim
449 821 656 876 publicos,
687 823 846 876 partim
878 823 1027 877 plenos
1060 822 1255 876 invidiae,
1286 823 1436 877 plenos

98 880 289 935 periculi,
322 880 470 934 quanti
501 880 584 935 ipsi
609 881 756 936 velint,
789 880 1037 922 decemviris
1064 881 1249 922 tradant.
1293 880 1436 935 Atque

98 939 177 980 11οο
214 953 384 981 carmen
420 939 490 981 hic
527 939 726 981 tribunus
763 939 900 994 plebis
939 954 1026 981 non
1063 940 1204 994 vobis,
1242 939 1315 981 sed
1354 939 1437 981 sibi

46 1008 79 1032 15
98 997 214 1039 intus
258 998 383 1039 canit.
455 997 600 1040 Habet
644 1013 853 1052 socerum,
904 998 1043 1040 virum
1087 998 1315 1052 optimum,
1365 998 1436 1052 qui

98 1059 267 1097 tantum
306 1056 399 1112 agri
439 1056 484 1098 in
520 1056 608 1098 illis
647 1057 708 1098 rei
746 1057 942 1111 publicae
979 1057 1168 1100 tenebris
1201 1057 1436 1111 occupavit,

100 1118 307 1169 quantum
334 1115 589 1170 concupivit.
639 1115 750 1158 Huic
777 1116 1001 1157 subvenire
1028 1117 1120 1156 vult
1146 1116 1437 1158 succumbenti

96 1174 184 1215 iam
216 1177 259 1215 et
290 1188 507 1228 oppresso,
539 1173 727 1216 Sullanis
759 1175 958 1216 oneribus
994 1174 1114 1229 gravi
1147 1190 1224 1216 sua
1249 1175 1356 1230 lege,
1388 1176 1437 1215 ut

98 1232 227 1274 liceat
263 1232 330 1274 illi
368 1232 574 1274 invidiam
607 1233 834 1288 deponere,
871 1233 1096 1288 pecuniam
1128 1233 1318 1275 condere.
1379 1231 1438 1273 Et

45 1301 79 1325 20
99 1305 175 1333 vos
224 1305 312 1333 non
362 1291 586 1346 dubitatis,
636 1292 738 1346 quin
781 1292 1011 1347 vectigalia
1053 1294 1197 1333 vestra
1240 1291 1436 1333 vendatis

98 1350 284 1403 plurimo
318 1350 529 1391 maiorum
554 1353 796 1392 vestrorum
829 1350 1035 1405 sanguine
1062 1352 1105 1391 et
1132 1350 1285 1391 sudore
1312 1364 1436 1404 quae-

100 1408 195 1462 sita,
227 1410 274 1449 ut
301 1407 499 1450 Sullanos
525 1423 795 1463 possessores
821 1408 983 1449 divitiis
1010 1408 1218 1463 augeatis,
1243 1408 1433 1462 periculo

98 1466 318 1507 liberetis?
392 1466 505 1508 Nam
553 1467 606 1508 ad
649 1467 759 1508 hane
805 1467 1064 1520 emptionem
1109 1466 1433 1508 decemviralem

99 1524 181 1566 duo
214 1538 370 1579 genera
401 1538 602 1579 agrorum
636 1528 842 1579 spectant,
875 1524 1072 1572 Quirites.
1115 1524 1278 1566 Eorum
1303 1539 1433 1566 unum

45 1592 79 1618 25
98 1585 275 1638 propter
305 1583 510 1624 invidiam
543 1583 704 1624 domini
734 1583 917 1638 fugiunt,
949 1583 1128 1624 alterum
1162 1586 1340 1638 propter
1365 1598 1434 1625 va—

99 1642 303 1683 stitatem.
366 1640 565 1683 Sullanus
605 1655 707 1697 ager
733 1656 757 1682 a
789 1641 915 1682 certis
946 1641 1191 1683 hominibus
1223 1642 1433 1684 latissime

99 1700 372 1742 continuatus
404 1703 571 1742 tantam
603 1700 734 1741 habet
765 1700 987 1753 invidiam,
1025 1702 1073 1741 ut
1104 1700 1194 1741 veri
1227 1715 1275 1742 ae
1306 1700 1432 1742 fortis

97 1759 260 1800 tribuni
301 1758 440 1813 plebis
485 1758 712 1800 stridorem
755 1773 886 1799 unum
926 1758 1114 1813 perferre
1155 1773 1242 1800 non
1282 1760 1430 1813 possit.

97 1816 180 1859 Hic
211 1831 313 1873 ager
345 1817 500 1871 omnis,
532 1831 700 1871 quoquo
732 1817 870 1871 pretio
903 1820 1123 1872 coemptus
1157 1817 1254 1872 erit,
1285 1820 1432 1859 tamen

46 1885 80 1910 3⁰
97 1876 263 1930 ingenti
293 1876 471 1930 pecunia
501 1875 625 1917 nobis
651 1875 882 1916 inducetur.
925 1875 1123 1917 Alterum
1149 1890 1282 1931 genus
1309 1890 1431 1931 agro-

98 1948 194 1975 rum
214 1937 388 1988 propter
410 1935 682 1976 sterilitatem
702 1934 923 1988 incultum,
943 1937 1119 1988 propter
1137 1935 1430 1988 pestilentiam

98 1995 268 2033 vastum
300 1995 428 2047 atque
460 1993 675 2034 desertum
708 1994 870 2033 emetur
902 1992 956 2034 ab
987 1992 1052 2047 iis,
1082 1993 1156 2047 qui
1188 2007 1259 2034 eos
1285 1993 1431 2034 vident

99 2050 183 2091 sibi
209 2065 312 2103 esse,
337 2052 477 2094 sinon
497 2051 777 2104 vendiderint,
802 2050 1113 2105 relinquendos.
1149 2051 1208 2092 Et
1226 2051 1428 2092 nimirum

98 2108 205 2149 illud
243 2111 327 2163 est,
364 2110 476 2164 quod
512 2110 566 2151 ab
604 2109 685 2151 hoe
722 2109 895 2150 tribuno
926 2109 1064 2174 plebis
1097 2110 1256 2151 dictum
1290 2112 1354 2149 est
1385 2109 1430 2151 in

46 2177 81 2203 35
101 2169 262 2219 senatu,
293 2167 500 2209 urbanam
532 2168 702 2223 plebem
733 2167 911 2208 nimium
942 2168 987 2209 in
1017 2182 1062 2209 re
1087 2168 1260 2223 publica
1284 2181 1428 2232 posse3

100 2225 427 2266 exhauriendam
481 2240 591 2280 esse3
638 2226 719 2267 hoe
769 2226 880 2266 enim
930 2228 994 2267 est
1037 2240 1156 2280 usus,
1213 2225 1334 2279 quasi
1378 2225 1428 2267 de

98 2284 242 2338 aliqua
282 2284 450 2325 sentina
487 2299 535 2327 ac
572 2298 658 2326 non
696 2284 745 2325 de
783 2284 1041 2339 optimorum
1080 2260 1235 2327 civium
1274 2297 1426 2338 genere

1461 1477 1503 1509 70
