1687 2533
227 98 313 140 530
446 98 508 133 DE
534 97 847 133 HARUSPICUM
873 97 1122 133 RESPONSO
1149 97 1340 133 ORATIO.

229 194 341 248 quod
367 194 417 235 fit
442 208 517 248 per
542 194 729 249 virgines
751 193 969 247 Vestales,
994 193 1044 234 fit
1068 208 1146 248 pro
1171 194 1333 248 populo
1358 193 1567 249 Romano,

227 253 278 293 fit
315 253 360 293 in
398 267 447 293 ea
486 252 628 306 domo,
668 267 776 306 quae
814 256 880 293 est
916 252 960 293 in
998 252 1197 307 imperio,
1236 252 1286 294 fit
1326 252 1566 295 incredibili

229 311 500 365 caerimonia,
531 311 580 352 fit
612 311 650 352 ei
683 311 796 364 deae,
828 311 945 352 cuius
977 325 1030 352 ne
1061 325 1216 352 nomen
1249 311 1419 365 quidem
1451 313 1565 354 viros

229 371 336 412 scire
367 370 433 411 fas
466 372 542 424 est,
575 384 702 423 quam
733 370 816 410 iste
847 370 1003 411 idcirco
1035 369 1201 411 Bonam
1233 369 1346 424 dicit,
1377 371 1491 424 quod
1521 372 1566 412 in

162 430 213 472 18
230 432 351 470 tanto
386 428 467 469 sibi
500 428 657 469 scelere
689 429 913 483 ignoverit.
962 427 1061 469 Non
1092 428 1271 484 ignovit,
1302 428 1409 470 mihi
1433 430 1566 483 crede,
1604 441 1616 455 f

228 502 327 529 non.
388 487 483 528 Nisi
515 486 627 528 forte
659 487 740 528 tibi
767 501 858 528 esse
890 488 1086 542 ignotum
1120 489 1264 541 putas,
1296 487 1409 541 quod
1439 491 1481 528 te
1507 489 1566 529 iu-

230 546 342 588 dices
381 546 615 586 emiserunt
652 560 875 587 excussum
913 548 955 587 et
991 546 1263 599 exhaustum,
1300 560 1377 588 suo
1410 546 1566 588 iudicio

231 605 494 657 absolutum,
533 605 723 646 omnium
763 605 1110 658 condemnatum,
1152 608 1225 645 aut
1265 604 1378 658 quod
1409 605 1567 658 oculos,

159 675 204 707 38
229 666 277 717 ut
318 663 461 718 opinio
503 663 618 704 illius
659 663 879 719 religionis
921 666 1003 716 est,
1042 677 1127 704 non
1169 663 1404 717 perdidisti.
1463 663 1566 712 Quis

230 722 343 763 enim
381 725 479 763 ante
516 725 558 763 te
598 736 718 763 saera
756 723 831 763 illa
869 722 933 762 vir
972 722 1107 763 sciens
1145 722 1328 775 viderat,
1367 725 1416 763 ut
1456 723 1566 777 quis-

232 796 359 835 quam
386 795 580 834 poenam,
608 796 713 835 quae
740 783 988 835 sequeretur
1014 781 1055 821 id
1083 781 1232 834 scelus,
1258 781 1364 822 scire
1389 781 1565 835 posset?

230 841 299 880 An
332 839 412 881 tibi
444 839 620 880 luminis
654 840 825 880 obesset
853 839 1035 881 caecitas
1067 840 1165 894 plus
1192 854 1318 894 quam
1346 839 1566 881 libidinis?

230 897 295 939 Ne
337 898 378 939 id
420 898 589 952 quidem
633 898 785 951 sentis,
826 898 1072 940 coniventes
1113 898 1212 939 illos
1255 899 1402 940 oculos
1443 898 1567 939 abavi

230 957 293 997 tui
320 958 459 1012 magis
486 957 695 1011 optandos
721 957 852 998 fuisse
879 971 1006 1010 quam
1033 957 1112 998 hos
1132 957 1357 1011 flagrantis
1377 957 1565 999 sororis?

231 1015 328 1056 Tibi
359 1030 479 1069 vero,
518 1016 553 1056 si
585 1016 812 1070 diligenter
845 1015 1058 1068 attendeS,
1089 1015 1314 1070 intelleges
1345 1015 1567 1057 hominum

231 1089 391 1128 poenas
424 1074 569 1115 deesse
602 1074 750 1127 adhuc,
780 1088 867 1115 non
898 1074 1085 1114 deorum.
1135 1073 1344 1115 Homines
1377 1078 1420 1116 te
1451 1075 1495 1116 in
1523 1088 1568 1115 re

230 1133 479 1174 foedissima
517 1132 814 1185 defenderunt,
851 1132 1045 1173 homines
1083 1132 1380 1186 turpissimum
1417 1147 1567 1174 nocen-

231 1191 532 1244 tissimumque
581 1191 828 1244 laudarunt,
876 1190 1070 1232 homines
1119 1205 1250 1244 prope
1294 1191 1567 1232 confitentem

232 1249 388 1291 iudicio
426 1250 733 1303 liberaverunt,
770 1249 1014 1290 hominibus
1052 1249 1206 1289 iniuria
1245 1250 1308 1290 tui
1340 1249 1478 1304 stupri
1508 1250 1567 1290 in-

231 1309 321 1349 lata
352 1308 396 1348 in
427 1308 544 1361 ipsos
578 1308 712 1349 dolori
744 1322 829 1349 non
860 1308 960 1361 fuit,
999 1308 1191 1348 homines
1222 1307 1303 1348 tibi
1343 1322 1462 1348 arma
1494 1308 1569 1348 alii

231 1367 275 1407 in
313 1381 397 1418 me,
437 1367 512 1407 alii
550 1369 651 1420 post
687 1368 733 1407 in
769 1367 891 1407 illum
929 1366 1135 1407 invictum
1177 1365 1310 1407 civem
1352 1365 1569 1420 dederunt,

232 1426 455 1466 hominum
495 1425 700 1466 beneficia
736 1440 912 1480 prorsus
951 1425 1134 1466 concedo
1172 1424 1253 1465 tibi
1288 1424 1374 1465 iam
1405 1425 1569 1466 maiora

163 1496 205 1526 39
232 1499 318 1525 non
351 1498 442 1525 esse
475 1484 729 1537 quaerenda,
762 1499 787 1525 a
812 1484 874 1525 dis
908 1484 1079 1538 quidem
1111 1483 1427 1524 immortalibus
1460 1497 1568 1537 quae

232 1545 378 1597 potest
403 1542 569 1583 homini
589 1542 726 1583 maior
746 1557 838 1583 esse
858 1557 995 1596 poena
1014 1542 1158 1582 furore
1179 1545 1307 1596 atque
1327 1541 1568 1582 dementia?

232 1601 316 1642 nisi
353 1601 484 1654 forte,
522 1601 566 1641 in
604 1601 837 1656 tragoediis
877 1616 982 1655 quos
1021 1600 1192 1642 volnere
1224 1614 1274 1641 ac
1306 1600 1449 1641 dolore
1481 1611 1621 1641 cor-25

232 1661 350 1713 poris
377 1659 557 1701 cruciari
584 1663 626 1700 et
651 1660 843 1700 consumi
875 1660 1005 1711 vides,
1037 1659 1255 1713 graviores
1289 1659 1463 1700 deorum
1493 1659 1568 1699 im-

234 1718 481 1758 mortalium
514 1718 599 1758 iras
632 1718 773 1759 subire
806 1733 933 1772 quam
965 1718 1084 1771 illos,
1123 1717 1194 1770 qui
1230 1716 1420 1758 furentes
1451 1717 1568 1758 indu-

234 1779 404 1828 cuntur,
447 1780 586 1829 putas.
648 1776 746 1817 Non
796 1780 895 1818 sunt
943 1776 1007 1817 illi
1057 1776 1240 1817 eiulatus
1291 1778 1333 1816 et
1382 1775 1568 1830 gemitus

232 1834 499 1875 Philocte-tae
525 1837 614 1876 tam
647 1835 803 1889 miseri,
835 1849 1093 1890 quamquam
1126 1837 1225 1874 sunt
1256 1834 1409 1887 acerbi,
1441 1848 1568 1888 quam

232 1893 311 1935 illa
351 1893 559 1934 exultatio
602 1894 880 1935 Athamantis
922 1896 965 1934 et
1006 1906 1133 1946 quam
1176 1892 1340 1933 senium
1384 1892 1568 1933 matrici-
1587 1903 1621 1928 30

234 1952 396 1993 darum.
451 1950 516 1991 Tu
548 1965 642 1992 cum
674 1952 849 1993 furiales
881 1952 926 1992 in
957 1951 1228 1993 contionibus
1260 1965 1384 1991 voces
1416 1951 1569 2004 mittis,

235 2025 330 2051 011111
375 2010 522 2051 domos
568 2009 723 2051 civium
769 2011 942 2063 evertis,
985 2024 1079 2051 cum
1123 2009 1336 2063 lapidibus
1382 2009 1567 2063 optimos

235 2069 350 2109 viros
393 2068 488 2109 foro
531 2068 672 2122 pellis,
718 2083 813 2110 cum
857 2068 1045 2110 ardentis
1089 2068 1203 2109 faces
1246 2067 1291 2108 in
1332 2067 1565 2109 vicinorum

236 2129 351 2168 tecta
381 2126 529 2180 iactas,
560 2140 655 2167 011111
689 2127 811 2168 aedes
845 2141 987 2168 sacras
1019 2126 1272 2179 inflammas,
1304 2140 1398 2166 cum
1425 2139 1568 2167 servos

236 2185 442 2238 concitas,
475 2199 569 2226 011111
602 2199 723 2226 sacra
754 2185 961 2239 ludosque
993 2185 1236 2235 conturbas,
1267 2198 1362 2225 eum
1393 2198 1568 2225 uxorem
1588 2193 1620 2219 35

237 2257 509 2297 sororemque
553 2257 638 2284 non
682 2242 903 2296 discernis,
947 2258 1059 2295 cum,
1102 2243 1215 2298 quod
1258 2243 1374 2283 ineas
1419 2242 1569 2294 cubile,

236 2315 322 2343 non
361 2301 513 2356 sentis,
549 2303 642 2342 tum
680 2301 917 2355 baccharis,
955 2305 1047 2343 tum
1085 2301 1209 2355 furis,
1248 2303 1340 2341 tum
1383 2300 1456 2342 das
1498 2313 1568 2341 eas
