1619 2542
530 75 621 109 CAP
648 79 704 118 36,
731 77 773 108 37
802 77 820 116 g
848 76 1020 108 99-104.
1364 72 1448 112 139

105 171 177 213 sed
220 174 403 212 maxime
445 172 638 212 nostram
671 184 844 212 causam
877 168 1249 222 defensionemque
1288 168 1437 210 confir·
1497 200 1518 208 -

103 230 220 271 met?
252 229 371 285 Ergo
405 230 540 270 adhuc
566 229 663 270 Iuni
694 229 895 270 iudicium
921 228 1044 269 video
1073 242 1163 268 esse
1191 227 1279 268 eius
1308 227 1436 280 modi,
1454 211 1519 292 1οἑ

103 292 151 329 ut
199 287 486 330 incursionem.
534 288 678 341 potius
718 287 956 339 seditionis,
1000 286 1088 327 vim
1131 285 1469 339 multitudinis,‘

104 347 312 398 impetum
367 347 645 387 tribunicium
702 361 830 400 quam
885 345 1088 386 iudicium
1144 344 1450 399 appellandum

67 412 262 459 5putem.
331 405 491 454 Quodsi
535 406 628 458 quis
667 404 775 445 illud
813 404 1015 445 iudicium
1055 404 1260 458 appellet,
1303 406 1450 443 tamen

104 465 182 505 hoc
215 464 468 505 confiteatur
497 478 668 505 necesse
696 466 773 517 est,
804 463 924 503 nullo
952 462 1077 504 modo
1103 463 1225 503 illam
1252 462 1445 513 multam,

104 537 211 576 quae
255 522 308 563 ab
346 522 470 564 Iunio
514 522 652 576 petita
691 523 764 575 sit,
811 536 906 562 cum
946 520 1117 562 Cluenti
1154 535 1282 562 causa
1320 534 1448 575 posse

103 581 315 636 coniungi.
376 580 491 622 Illud
522 581 657 636 igitur
688 580 916 621 Iunianum
948 595 1024 634 per
1055 579 1143 620 vim
1175 579 1337 620 factum
1371 581 1448 631 est,

101 638 230 680 Bulbi
269 642 312 680 et
343 639 484 694 Popili
523 642 566 680 et
598 638 757 680 Guttae
790 641 939 679 contra
972 637 1220 680 Cluentium
1250 652 1338 679 non
1371 640 1449 689 est,

51 711 83 735 10
103 697 265 739 Staieni
308 698 438 739 etiam
481 713 559 752 pro
604 697 802 739 Cluentio
848 700 923 738 est.
991 696 1243 749 Videamus,
1288 696 1449 750 ecquod

102 757 218 798 aliud
255 756 476 811 iudicium,
515 757 628 811 quod
664 770 743 811 pro
777 754 974 796 Cluentio
1015 756 1088 809 sit,
1126 755 1318 810 proferre
1350 769 1448 809 pos-

102 816 247 856 simus.
910 828 912 830 ·

189 874 364 915 Dixitne
408 873 583 914 tandem
629 888 803 915 causam
849 871 893 914 C.
931 872 1221 913 Fidiculanius
1260 871 1449 925 Falcula,

103 933 175 987 qui
202 932 485 987 Oppianicum
512 932 831 983 condemnarat,
857 947 952 972 cum
979 931 1245 984 praesertim,
1272 931 1315 971 id
1336 931 1445 985 quod

51 1003 83 1028 15
101 991 183 1032 fuit
231 991 276 1032 in
319 991 396 1032 illo
434 991 589 1032 iudicio
627 990 1028 1042 invidiosissimum,
1071 1004 1231 1044 paucos
1271 989 1359 1029 dies
1399 1004 1449 1030 ex

103 1049 410 1091 subsortitione
444 1050 654 1091 sedisset?
699 1049 832 1101 Dixit,
866 1052 908 1089 et
940 1049 1006 1089 bis
1041 1049 1211 1103 quidem
1238 1048 1356 1089 dixit.
1397 1047 1449 1088 In

102 1123 315 1149 summam
348 1108 460 1149 enim
491 1107 537 1149 L.
559 1107 781 1156 Quinctius
813 1107 1019 1148 invidiam
1052 1107 1324 1148 contionibus
1352 1121 1448 1147 eum

102 1167 329 1208 cotidianis
375 1166 589 1208 seditiosis
634 1170 677 1207 et
719 1167 981 1207 turbulentis
1027 1166 1272 1207 adduxerat.
1347 1164 1446 1206 Uno

102 1226 256 1267 iudicio
295 1226 433 1266 multa
465 1228 530 1266 est
562 1225 615 1266 ab
648 1240 697 1266 eo
730 1225 884 1280 petita,
924 1225 1033 1266 sicut
1065 1224 1118 1265 ab
1149 1224 1294 1277 1111110,
1333 1223 1448 1277 quod

50 1296 187 1326 2011011
239 1299 339 1325 suae
386 1284 580 1325 decuriae
624 1299 797 1325 munere
839 1298 976 1337 neque
1021 1297 1070 1324 ex
1115 1284 1209 1337 lege
1254 1283 1436 1323 sedisset

103 1342 236 1384 Paulo
276 1342 488 1384 sedatiore
526 1346 721 1397 tempore
759 1345 824 1383 est
863 1344 1086 1383 accusatus
1127 1356 1254 1395 quam
1286 1340 1446 1393 Iunius,

103 1401 177 1442 sed
209 1401 355 1442 eadem
380 1401 469 1442 fere
501 1401 596 1456 lege
629 1404 672 1442 et
704 1400 891 1442 crimine.
941 1400 1050 1448 Quia
1074 1400 1195 1440 nulla
1219 1400 1265 1439 in
1290 1399 1445 1440 iudicio

105 1459 255 1500 seditio
288 1474 424 1513 neque
456 1459 520 1500 vis
547 1474 623 1500 nec
649 1459 778 1500 turba
803 1461 975 1499 versata
1002 1461 1078 1511 est,
1110 1458 1250 1512 prima
1277 1457 1445 1498 actione

103 1518 304 1559 facillime
338 1521 402 1558 est
434 1518 670 1558 absolutus.
725 1516 825 1558 Non
855 1531 1033 1557 numero
1065 1517 1176 1557 hanc
1208 1515 1446 1556 absolutio-

50 1587 83 1613 25
104 1591 214 1629 nem3
250 1576 386 1616 nihilo
418 1575 557 1616 minus
591 1576 703 1616 enim
735 1578 897 1629 potest,
927 1577 975 1615 ut
1005 1575 1125 1615 illam
1152 1575 1333 1615 multam
1360 1588 1447 1614 non

104 1634 378 1687 commiserit,
411 1634 625 1688 accepisse
657 1636 803 1674 tamen
834 1634 888 1674 ob
914 1648 1003 1674 rem
1035 1633 1307 1674 iudicandam
1338 1636 1360 1659 ²²⁴
1382 1631 1445 1658 ἧς*

104 1696 231 1748 capta
267 1707 477 1747 nusquam
511 1691 708 1733 Staienus
741 1692 886 1733 eadem
920 1692 1015 1747 lege
1049 1691 1166 1732 dixit.
1216 1691 1445 1744 Proprium

104 1752 263 1793 crimen
301 1752 409 1792 illud
448 1750 710 1805 quaestionis
747 1751 838 1791 eius
869 1765 952 1791 non
985 1749 1078 1792 fuit.
1139 1749 1429 1791 Fidiculanius
1449 1761 1515 1791 104

105 1810 205 1864 quid
231 1810 382 1851 fecisse
411 1809 659 1851 dicebatur?
691 1808 921 1863 Accepisse
948 1823 973 1849 a
998 1808 1196 1850 Cluentio
1223 1807 1296 1850 HS
1318 1818 1443 1851 CCCC.

51 1880 86 1905 30
105 1868 232 1910 Cuius
271 1871 363 1910 erat
402 1868 591 1909 ordinis?
663 1866 887 1908 Senatorii.
950 1866 1041 1915 Qua
1077 1868 1171 1922 lege
1209 1867 1254 1907 in
1295 1881 1343 1909 eo
1377 1882 1445 1923 ge-

104 1941 203 1968 nere
243 1942 267 1968 a
305 1930 501 1968 senatore
540 1926 649 1967 ratio
682 1925 820 1979 repeti
852 1925 980 1974 solet,
1019 1925 1069 1967 de
1100 1925 1293 1980 pecuniis
1326 1940 1445 1980 repe-

103 1985 266 2039 tundis,
304 2000 354 2026 ea
390 1986 484 2039 lege
524 1987 748 2026 accusatus
779 1983 1080 2025 honestissime
1112 1987 1178 2025 est
1209 1984 1444 2025 absolutus.

105 2043 216 2085 Acta
258 2046 324 2085 est
368 2045 480 2084 enim
524 2057 651 2085 causa
694 2057 811 2083 more
855 2042 1064 2083 maiorum
1110 2043 1199 2083 sine
1242 2043 1304 2095 vi,
1354 2043 1444 2083 sine

105 2105 232 2155 metu,
265 2101 354 2142 sine
386 2102 594 2156 periculo,
634 2101 749 2142 dicta
780 2103 822 2141 et
849 2101 1043 2154 exposita
1075 2103 1117 2142 et
1149 2101 1445 2141 demonstrata

52 2170 87 2196 35
107 2163 206 2201 sunt
238 2160 393 2201 omnia.
437 2160 625 2201 Adducti
655 2159 813 2200 iudices
846 2162 945 2200 sunt
976 2174 1061 2201 non
1094 2159 1219 2200 modo
1252 2158 1444 2213 potuisse

105 2219 281 2260 honeste
323 2219 376 2259 ab
418 2233 466 2259 eo
507 2233 627 2259 reum
668 2218 957 2271 condemnari,
998 2218 1071 2272 qui
1110 2232 1197 2259 non
1238 2219 1443 2271 perpetuo

106 2277 297 2329 sedisset,
331 2276 415 2328 sed,
448 2277 563 2317 aliud
596 2277 633 2317 si
663 2277 700 2317 is
732 2276 856 2316 iudex
886 2276 995 2316 nihil
1030 2276 1192 2329 scisset,
1223 2275 1307 2315 nisi
1336 2289 1444 2329 quae
