1687 2533
503 100 602 137 CAP.
628 105 765 137 51—53
791 106 810 144 §
838 105 1036 138 131—136.
1336 104 1419 145 507

83 197 314 238 contulisti.
377 197 510 246 Quem
549 212 628 253 ego
666 200 811 238 tamen
850 198 994 251 credo,
1032 198 1068 239 si
1108 201 1173 240 est
1210 201 1332 240 ortus
1366 200 1420 241 ab

82 255 186 308 illis,
223 270 328 310 quos
368 256 597 297 memoriae
637 256 856 311 proditum
897 259 963 297 est
1005 257 1057 298 ab
1099 258 1194 312 ipso
1232 257 1420 299 Hercule

82 314 305 369 perfuncto
338 315 425 356 iam
456 315 676 357 laboribus
709 329 831 356 sacra
863 315 1071 369 didicisse,
1103 316 1147 356 in
1178 316 1260 357 viri
1291 316 1420 358 fortis

84 373 297 414 aerumnis
334 388 420 415 non
457 374 520 415 ita
558 373 767 415 crudelem
806 373 953 427 fuisse,
999 377 1047 415 ut
1084 374 1128 415 in
1165 375 1252 416 vivi
1292 376 1420 417 etiam

30 445 47 471 5
85 434 127 473 et
167 431 370 486 spirantis
412 433 550 486 capite
590 432 766 474 bustum
807 432 894 474 suis
937 433 1135 474 manibus
1178 434 1421 488 inponeret3

84 490 155 545 qui
188 494 262 532 aut
291 491 397 532 nihil
431 491 537 532 dixit
567 505 643 533 nec
674 491 777 533 fecit
809 491 982 533 omnino
1014 506 1279 546 poenamque
1311 493 1421 535 hanc

84 551 304 591 maternae
336 550 592 591 temeritatis
623 550 742 603 tulit,
779 552 826 591 ut
863 553 1028 592 mutam
1067 552 1111 591 in
1144 551 1297 593 delicto
1331 566 1422 606 per-

85 622 233 650 sonam
258 623 496 663 nomenque
522 609 756 662 praeberet,
785 611 871 662 aut,
897 609 933 650 si
960 609 1066 650 dixit
1093 610 1254 664 aliquid
1280 611 1422 651 verbis

83 667 397 708 haesitantibus
419 670 665 722 postemque
685 667 954 709 tremibunda
974 683 1101 709 manu
1124 669 1282 724 tetigit,
1309 672 1422 710 certe

31 739 64 764 ιο
82 725 192 766 nihil
224 726 318 779 rite,
349 726 458 767 nihil
483 729 610 776 caste,
642 726 748 767 nihil
775 741 892 768 more
917 726 1204 781 institutoque
1230 728 1421 782 perfecit.

83 783 264 826 Viderat
295 785 369 826 ille
399 784 632 838 Murenam,
664 785 861 826 vitricum
895 800 1031 839 suum,
1063 787 1280 827 consulem
1315 787 1421 827 desi-

83 846 274 898 gnatum,
306 844 358 885 ad
385 858 451 885 me
478 844 694 885 consulem
720 859 816 885 cum
843 844 1152 899 Allobrogibus
1180 845 1422 886 communis

83 901 202 943 exitii
243 902 398 944 indicia
439 902 621 955 adferre,
663 902 855 944 audierat
896 917 945 944 ex
986 903 1062 944 illo
1102 918 1146 944 se
1185 919 1210 945 a
1247 918 1314 945 me
1358 905 1423 945 bis

84 961 268 1002 salutem
301 961 530 1015 accepisse,
569 962 800 1014 separatim
833 962 981 1015 semel,
1018 962 1175 1003 iterum
1207 977 1303 1004 cum
1335 963 1424 1004 uni-

31 1032 64 1058 15
84 1020 228 1061 versis.
297 1018 436 1068 Quare
478 1020 571 1074 quis
616 1022 698 1071 est,
743 1020 813 1074 qui
858 1020 1102 1061 existimare
1146 1022 1283 1075 possit
1326 1021 1493 1066 huie135

82 1092 194 1120 novo
234 1078 425 1133 pontifici
456 1080 640 1132 primam
673 1079 785 1120 hanc
816 1081 915 1133 post
948 1079 1234 1121 sacerdotium
1266 1080 1423 1121 initum

82 1136 334 1191 religionem
371 1137 613 1178 instituenti
650 1152 881 1192 vocemque
919 1138 1109 1179 mittenti
1145 1153 1232 1179 non
1273 1141 1315 1179 et
1347 1139 1424 1179 lin-

84 1209 212 1251 guam
251 1196 517 1237 obmutuisse
556 1198 598 1237 et
636 1211 809 1238 manum
849 1198 1121 1251 optorpuisse
1162 1200 1205 1238 et
1236 1199 1424 1238 mentem

85 1254 353 1295 debilitatam
389 1257 505 1296 metu
543 1255 796 1308 concidisse,
835 1255 1088 1309 praesertim
1132 1270 1226 1297 cum
1259 1270 1309 1296 ex
1341 1256 1423 1297 col-

31 1326 66 1351 20
87 1313 197 1368 legio
229 1315 352 1354 tanto
383 1327 470 1354 non
502 1327 658 1367 regem,
689 1328 775 1354 non
802 1313 1031 1367 flaminem,
1062 1328 1150 1355 non
1176 1314 1423 1367 pontificem

85 1371 247 1412 videret
284 1371 459 1425 fierique
496 1372 712 1426 particeps
743 1372 904 1413 invitus
937 1372 1063 1413 alieni
1096 1372 1266 1414 sceleris
1301 1386 1423 1428 coge-

84 1432 202 1471 retur
240 1431 282 1470 et
320 1429 598 1484 gravissimas
639 1444 798 1485 poenas
844 1430 1078 1472 adfinitatis
1120 1431 1423 1484 inpurissimae

86 1488 341 1529 sustineret.
329 1489 349 1519 9
1439 1524 1495 1565 53

174 1545 256 1588 Sed
287 1549 335 1587 ut
366 1549 557 1588 revertai
587 1547 638 1588 ad
670 1547 735 1588 ius
774 1547 993 1600 publicum
1031 1547 1272 1601 dedicandi,
1311 1548 1495 1613 qUOd135

33 1617 66 1643 25
86 1606 167 1660 ipsi
198 1605 420 1660 pontifices
454 1620 619 1660 sempei
646 1620 733 1646 non
759 1606 898 1646 solum
925 1606 978 1647 ad
1005 1620 1103 1647 suas
1130 1607 1424 1660 caerimonias,

87 1664 160 1705 sed
191 1664 321 1705 etiam
354 1664 406 1705 ad
437 1664 587 1718 populi
616 1664 734 1705 iussa
772 1664 1217 1719 accommodaver,unt
1255 1665 1423 1706 habetis

85 1723 130 1763 in
155 1722 473 1764 commentariis
501 1723 653 1764 vestris
681 1721 725 1763 C.
746 1721 940 1763 Cassium
967 1737 1185 1764 censorem
1217 1723 1267 1764 de
1300 1724 1423 1779 signo

86 1779 347 1822 Concordiae
385 1781 614 1822 dedicando
657 1780 709 1822 ad
747 1781 999 1834 pontificum
1031 1781 1259 1836 collegium
1291 1785 1425 1824 rettu-

86 1839 187 1880 lisse
213 1840 333 1894 eique
358 1839 413 1880 M.
435 1839 667 1881 Aemilium
693 1839 938 1894 pontificem
972 1841 1204 1881 maximum
1237 1855 1314 1895 pro
1341 1841 1425 1882 col-

34 1909 69 1934 30
89 1897 200 1952 legio
238 1898 527 1952 respondisse,
564 1898 648 1939 nisi
685 1912 780 1938 eum
822 1899 1005 1952 populus
1038 1898 1258 1940 Romanus
1291 1900 1424 1940 nomi-

88 1956 224 1997 natim
255 1956 529 2010 praefecisset
562 1960 689 2011 atque
716 1956 805 1997 eius
832 1957 951 1998 iussu
975 1956 1147 2010 faceret,
1180 1972 1265 1998 non
1291 1957 1423 1998 videri

90 2028 181 2055 eam
213 2029 338 2068 posse
369 2018 482 2056 reete
522 2015 716 2057 dedicari.
779 2014 916 2063 Quid?
955 2030 1049 2057 cum
1082 2015 1262 2068 Licinia,
1299 2016 1422 2070 virgo

88 2071 278 2113 Vestalis
300 2087 465 2115 summo
492 2074 585 2116 loco
606 2076 719 2126 nata,
747 2074 1020 2115 sanctissimo
1042 2074 1281 2116 sacerdotio
1304 2088 1422 2127 prae-

91 2130 190 2183 dita,
215 2130 260 2172 T.
286 2131 525 2173 Flaminino
553 2132 600 2181 Q.
619 2131 797 2173 Metello
824 2133 1071 2174 consulibus
1098 2147 1215 2174 aram
1242 2134 1284 2173 et
1311 2132 1424 2173 aedi-

37 2199 71 2224 35
92 2188 230 2229 culam
272 2191 314 2230 et
353 2190 550 2243 pulvinar
591 2191 668 2231 sub
701 2190 811 2232 Saxo
853 2191 1107 2242 dedicasset,
1147 2205 1287 2232 nonne
1330 2205 1424 2231 eam

90 2261 180 2288 rem
213 2260 262 2287 ex
295 2248 548 2289 auctoritate
581 2251 754 2290 senatus
787 2249 839 2290 ad
870 2249 951 2291 hoc
983 2249 1208 2304 collegium
1244 2247 1336 2290 Sex·
1356 2248 1424 2290 Iu·

90 2305 174 2346 lius
206 2308 378 2359 praetor
409 2306 606 2348 rettulit?
639 2322 735 2348 cum
760 2307 806 2348 P.
837 2305 1040 2349 Scaevola
1073 2307 1266 2361 pontifex
1292 2308 1423 2348 maxi-
