1619 2542
70 1291 127 1332 35

71 1342 114 1374 73

136 93 223 134 330
506 91 598 126 PRO
625 91 663 125 L.
691 90 896 125 MURENA
922 89 1109 125 ORATIO.

136 191 319 240 possunt
351 191 480 243 atque
511 188 615 229 haec
648 202 673 228 a
703 187 828 228 nobis
861 188 1014 241 petunt
1045 186 1190 228 omnia
1219 200 1356 240 neque
1387 186 1477 228 ulla

136 263 181 289 re
225 247 328 302 alia,
377 261 485 302 quae
529 261 553 287 a
595 246 720 287 nobis
765 247 1062 299 consecuntur,
1110 245 1195 286 nisi
1232 259 1362 300 opera
1399 258 1478 286 sua

138 307 405 361 compensari
435 307 591 360 putant
623 319 760 359 posse.
808 304 960 358 Itaque
987 307 1029 345 et
1053 303 1141 359 legi
1166 303 1336 358 Fabiae,
1369 317 1476 357 quae

138 368 204 407 est
235 365 285 406 de
317 379 496 406 numero
529 367 808 417 sectatorum,
840 365 883 405 et
914 366 1087 404 senatus
1119 363 1332 417 consulto,
1364 362 1478 416 quod

139 427 204 466 est
235 423 281 465 L.
314 423 493 465 Caesare
525 422 699 464 consule
730 422 905 475 factum,
936 422 1197 462 restiterunt.
1248 420 1382 462 Nulla
1413 423 1513 462 est5

138 483 249 524 enim
286 497 441 536 poena,
483 496 590 536 quae
629 481 768 536 possit
800 481 1118 522 observantiam
1147 480 1393 521 tenuiorum
1425 480 1479 522 ab

94 561 101 568 ·
137 542 220 584 hoc
250 544 394 583 vetere
426 540 626 582 instituto
659 539 899 581 officiorum
931 539 1163 581 excludere.
1225 540 1284 580 At
1315 541 1480 594 specta-

138 601 234 642 cula
267 603 367 642 sunt
398 599 595 640 tributim
630 599 730 640 data
761 602 804 640 et
835 598 887 639 ad
918 598 1144 653 prandium
1168 598 1300 653 vulgo
1326 598 1481 640 vocati.

137 660 234 701 Etsi
271 659 352 700 hoc
383 658 544 700 factum
578 673 603 699 a
633 657 812 699 Murena
843 657 1034 712 omnino,
1072 657 1249 711 iudices,
1284 670 1371 698 non
1403 659 1480 712 est,

139 719 192 759 ab
221 718 309 759 eius
339 717 486 759 amicis
515 719 657 758 autem
685 731 802 758 more
829 719 871 757 et
896 716 1022 757 modo
1048 716 1212 757 factum
1232 717 1309 770 est,
1334 718 1479 757 tamen
1499 728 1533 753 10

139 777 382 819 admonitus
407 791 452 817 re
472 777 567 830 ipsa
588 775 797 828 recordor,
825 778 1030 829 quantum
1050 774 1131 816 hae
1152 774 1479 828 conquestiones

139 837 183 877 in
216 838 366 877 senatu
391 835 567 876 habitae
592 837 850 889 punctorum
874 833 1011 888 nobis,
1043 832 1175 886 Servi,
1206 833 1479 875 detraxerint.

140 893 263 943 Quod
295 894 408 935 enim
435 896 604 948 tempus
631 893 714 933 fuit
741 895 815 934 aut
839 896 988 934 nostra
1015 895 1088 933 aut
1113 895 1286 947 patrum
1311 894 1481 933 nostro-

138 968 232 994 rum
266 952 484 1005 memoria,
517 967 598 1006 quo
631 952 747 1005 haec,
780 952 869 992 sive
901 951 1079 992 ambitio
1113 953 1178 992 est
1211 951 1299 992 sive
1323 950 1481 992 libera-

139 1012 253 1063 litas,
285 1026 371 1052 non
402 1010 544 1062 fuerit,
576 1012 625 1051 ut
655 1011 773 1051 locus
806 1013 849 1051 et
880 1010 924 1051 in
955 1010 1065 1051 circo
1093 1012 1136 1050 et
1166 1010 1211 1050 in
1242 1010 1335 1050 foro
1362 1009 1480 1051 dare·
1500 1021 1534 1047 15

139 1073 210 1111 tur
243 1070 391 1111 amicis
425 1074 467 1110 et
498 1068 764 1110 tribulibus?
808 1068 925 1110 Haec
950 1068 1143 1109 homines
1170 1068 1383 1109 tenuiores
1403 1066 1481 1094 *²³²*

142 1144 165 1169 a
198 1129 285 1170 suis
318 1128 550 1169 tribulibus
583 1130 725 1168 vetere
757 1127 957 1168 instituto
991 1125 1421 1181 adseqiiebantur*’¹‘*

605 1221 745 1273 [Deest
773 1235 856 1262 non
885 1220 1019 1273 nima]

231 1302 310 1328 *²³⁴*
343 1303 605 1358 praefectum
655 1303 826 1344 fabrum
877 1303 1008 1343 semel
1058 1303 1200 1344 locum
1249 1302 1481 1344 tribulibus

142 1363 230 1404 suis
265 1362 448 1416 dedisse,
481 1362 581 1416 quid
614 1364 807 1403 statuent
837 1361 881 1402 in
913 1361 1028 1403 viros
1061 1361 1301 1415 primarios,
1333 1362 1404 1415 qui
1434 1361 1481 1402 in
1500 1375 1535 1399 20

141 1422 252 1463 circo
303 1424 419 1462 totas
462 1421 665 1462 tabernas
709 1421 933 1461 tribulium
979 1434 1106 1461 causa
1148 1421 1482 1474 compararunt?

140 1480 259 1522 Haec
298 1480 444 1521 omnia
481 1482 760 1532 sectatorum,
804 1479 1163 1534 spectaculorum,
1205 1478 1483 1533 prandiorum

143 1539 281 1591 [item]
316 1538 496 1580 crimina
527 1538 801 1580 multitudine
832 1538 967 1579 invita
991 1540 1066 1578 tua
1090 1537 1224 1578 nimia
1248 1537 1484 1593 diligentia,

142 1597 280 1651 Servi,
318 1597 510 1638 conlecta
548 1599 665 1651 sunt3
704 1597 749 1637 in
787 1597 940 1651 quibus
972 1599 1118 1637 tamen
1154 1595 1333 1637 Murena
1363 1610 1482 1637 sena-

140 1659 210 1697 tus
246 1657 503 1697 auctoritate
542 1655 792 1696 defenditur.
854 1653 964 1703 Quid
996 1655 1137 1696 enim?
1176 1657 1348 1695 senatus
1379 1669 1482 1695 num
1501 1666 1536 1692 25

143 1714 315 1755 obviam
365 1714 534 1768 prodire
582 1714 741 1756 crimen
786 1714 940 1768 putat?
1002 1713 1119 1768 Non,
1163 1713 1236 1754 sed
1280 1713 1481 1754 mercede.

143 1772 367 1814 Convince.
424 1771 540 1813 Num
573 1773 727 1814 sectari
760 1772 949 1814 multos?
993 1771 1103 1826 Non,
1135 1771 1207 1812 sed
1239 1771 1483 1813 conductos.

141 1830 270 1872 Doce.
319 1830 434 1871 Num
466 1831 609 1872 locum
641 1831 694 1872 ad
727 1831 1005 1886 spectandum
1037 1831 1136 1871 dare
1169 1832 1242 1871 aut
1274 1829 1326 1870 ad
1357 1844 1483 1884 pran-

144 1889 261 1930 dium
292 1888 504 1930 invitare?
560 1889 749 1944 Minime,
782 1889 855 1930 sed
885 1889 1026 1944 volgo.
1083 1887 1192 1936 Quid
1224 1890 1291 1928 est
1321 1888 1482 1943 volgo?

144 1947 392 1989 Universos.
459 1946 558 1988 Non
605 1948 756 2003 igitur,
806 1948 843 1989 si
891 1947 937 1989 L.
975 1946 1128 2000 Natta,
1178 1961 1344 1987 summo
1388 1947 1481 1988 loco
1502 1959 1537 1984 30

144 2006 414 2059 adulescens,
452 2005 524 2060 qui
563 2008 606 2046 et
644 2021 728 2060 quo
770 2007 913 2048 animo
951 2006 1037 2046 iam
1075 2006 1134 2046 sit
1171 2007 1214 2045 et
1246 2005 1386 2059 qualis
1418 2006 1485 2046 vir

142 2066 312 2106 futurus
346 2064 421 2118 sit,
450 2063 655 2118 videmus,
687 2066 731 2106 in
765 2065 956 2118 equitum
987 2063 1190 2105 centuriis
1222 2064 1361 2105 voluit
1392 2077 1484 2105 esse

145 2127 187 2165 et
219 2123 272 2165 ad
303 2123 384 2164 hoc
416 2122 602 2163 officium
633 2122 959 2164 necessitudinis
992 2124 1035 2162 et
1066 2121 1118 2162 ad
1143 2122 1355 2176 reliquum
1380 2125 1484 2163 tem-

143 2195 224 2237 pus
257 2181 492 2237 gratiosus,
531 2181 573 2221 id
607 2181 688 2221 erit
720 2182 811 2222 eius
843 2181 994 2223 vitrico
1026 2179 1167 2221 fraudi
1200 2183 1274 2222 aut
1304 2180 1484 2235 crimini,

143 2254 221 2282 1100
230 2273 240 2294 ,
273 2240 310 2281 si
341 2240 463 2294 virgo
495 2238 698 2290 Vestalis,
729 2239 855 2281 huius
886 2239 1127 2294 propinqua
1159 2241 1202 2280 et
1232 2239 1485 2292 necessaria,
1504 2249 1538 2275 3⁵

143 2299 286 2340 locum
324 2312 447 2340 suum
486 2297 793 2352 gladiatorium
824 2297 1034 2340 concessit
1065 2296 1180 2351 huic,
1217 2311 1303 2338 non
1335 2299 1378 2338 et
1407 2297 1486 2338 illa
