1619 2542
528 83 629 118 CAP.
657 88 793 119 30—32
820 87 838 126 ἓ
865 88 1015 119 82-87.
1353 85 1439 127 219

100 183 194 222 toto
233 194 359 235 quam
398 180 570 235 proprie
609 194 742 234 parva
772 180 856 221 frui
888 183 1013 235 parte
1045 181 1227 222 maletis.
1290 180 1440 235 Quare,

100 240 270 280 etiamsi
315 239 367 280 ad
409 253 484 280 vos
531 243 642 280 esset
686 239 878 294 singulos
920 239 1083 293 aliquid
1127 254 1177 281 ex
1215 240 1295 282 hoc
1333 254 1438 295 agro

99 300 420 351 perventurum,
459 298 531 352 qui
563 297 684 339 vobis
722 298 978 352 ostenditur,
1018 298 1114 339 aliis
1152 302 1439 353 comparatur,

100 360 246 398 tamen
276 356 499 398 honestius
526 371 622 398 eum
648 370 724 397 vos
751 357 939 398 universi
965 371 1093 411 quam
1120 358 1277 412 singuli
1303 358 1439 411 possi-

65 427 81 453 5
103 415 269 457 deretis.
331 414 455 456 Nunc
486 429 585 456 vero
625 429 719 456 cum
758 415 812 456 ad
842 429 918 457 vos
950 416 1059 456 nihil
1090 416 1323 470 pertineat,
1366 416 1439 458 sed

101 477 278 529 paretur
299 473 406 527 aliis,
434 474 640 528 eripiatur
659 474 794 527 vobis,
819 488 959 515 nonne
980 475 1195 529 acerrime,
1214 477 1439 529 tamquam

102 535 268 574 armato
294 532 422 586 hosti,
450 533 508 574 sic
534 532 632 573 huic
658 532 743 587 legi
770 547 847 587 pro
875 534 1030 574 vestris
1057 534 1172 588 agris
1198 534 1438 575 resistetis?

188 591 400 647 Adiungit
431 590 654 632 Stellatem
693 606 891 646 campum
930 606 1034 646 agro
1068 590 1288 647 Campano
1322 596 1364 634 et
1395 593 1440 633 in

101 664 149 692 eo
177 650 370 691 duodena
396 650 590 691 discribit
609 650 653 691 in
674 650 866 704 singulos
887 650 1083 692 homines
1103 650 1263 705 iugera.
1308 651 1439 700 Quasi

48 720 81 745 10
101 723 201 751 vero
239 709 414 764 paulum
453 708 620 750 differat
659 722 760 764 ager
799 708 1043 763 Campanus
1082 724 1107 750 a
1139 708 1327 765 Stellati3
1367 710 1440 751 sed
1466 721 1509 751 86

101 768 350 821 multitudo,
383 767 586 822 Quirites,
618 767 850 822 quaeritur,
883 783 966 822 qua
997 768 1074 809 illa
1107 768 1250 809 omnia
1281 768 1440 823 oppida

101 827 406 881 compleantur.
455 825 568 867 Nam
601 826 686 868 dixi
713 829 838 868 antea
865 827 960 882 lege
987 827 1192 881 permitti,
1223 830 1284 881 ut,
1317 841 1424 881 quae
1436 827 1508 870 (86)

99 885 246 940 velint,
278 885 520 939 municipia,
552 900 657 939 quas
689 886 834 951 velint,
866 888 1031 927 veteres
1058 886 1249 927 colonias
1275 886 1439 927 colonis

101 944 188 985 suis
215 947 432 998 occupent.
481 943 688 986 Calenum
713 944 992 998 municipium
1020 944 1306 998 complebunt,
1339 944 1440 986 Tea-

48 1013 81 1039 15
101 1018 202 1044 num
229 1003 485 1057 oppriment,
511 1002 713 1058 Atellam,
739 1002 907 1057 Cumas,
934 1002 1175 1057 Neapolim,
1200 1002 1440 1068 Pompeios,

100 1061 328 1103 Nuceriam
356 1062 443 1102 suis
469 1061 694 1116 praesidiis
721 1061 974 1114 devincient,
998 1061 1202 1103 Puteolos
1227 1076 1340 1113 vero,
1368 1062 1441 1116 qui

100 1135 212 1161 nunc
262 1120 306 1161 in
351 1135 427 1161 sua
471 1123 686 1174 potestate
731 1123 849 1174 sunt,
899 1135 974 1162 suo
1020 1121 1110 1161 iure
1154 1120 1440 1175 libertateque

101 1181 297 1232 utuntur,
342 1181 459 1220 totos
497 1193 608 1220 novo
646 1179 807 1234 populo
846 1182 973 1234 atque
1015 1179 1266 1220 adventiciis
1306 1179 1440 1233 copiis

103 1238 381 1292 occupabunt.
445 1237 563 1279 Tunc
600 1238 705 1279 illud
737 1238 941 1279 vexillum
974 1236 1218 1290 Campanae
1251 1238 1441 1279 coloniae
1456 1238 1511 1279 32

49 1308 84 1333 20
102 1297 376 1338 vehementer
407 1296 505 1337 huic
536 1296 716 1350 imperio
741 1296 978 1337 timendum
1006 1295 1197 1350 Capuam
1231 1311 1255 1337 a
1281 1296 1441 1337 decem-

102 1355 206 1397 viris
236 1355 460 1407 inferetur,
491 1358 592 1396 tunc
624 1358 772 1396 contra
803 1355 912 1396 hanc
943 1354 1143 1407 Romam,
1175 1369 1441 1395 communem

103 1413 287 1467 patriam
320 1414 511 1455 omnium
536 1416 742 1466 nostrum,
774 1413 851 1454 illa
877 1414 1013 1454 altera
1038 1413 1177 1453 Roma
1204 1416 1440 1466 quaeretur.

103 1472 155 1512 In
185 1472 228 1512 id
260 1472 465 1526 oppidum
490 1471 685 1512 homines
710 1471 863 1512 nefarii
888 1486 979 1512 rem
1005 1471 1221 1525 publicam
1247 1473 1441 1512 nostram
1468 1482 1511 1513 87

105 1529 338 1571 transferre
388 1532 613 1583 conantur,
664 1544 747 1583 quo
790 1529 835 1570 in
879 1529 1034 1584 oppido
1079 1529 1260 1570 maiores
1304 1529 1443 1570 nostri

53 1600 87 1626 25
106 1589 269 1630 nullam
303 1588 475 1629 omnino
507 1602 597 1628 rem
629 1588 843 1642 publicam
870 1602 961 1629 esse
987 1588 1225 1637 voluerunt,
1258 1588 1330 1641 qui
1355 1590 1442 1628 tres

107 1648 247 1689 solum
262 1647 388 1688 urbes
402 1647 446 1687 in
460 1646 586 1687 terris
602 1646 811 1700 omnibus,
832 1645 1151 1700 Carthaginem,
1178 1644 1444 1700 Corinthum,

108 1706 311 1761 Capuam,
337 1707 580 1746 statuerunt
607 1719 733 1759 posse
752 1705 921 1759 imperii
941 1705 1200 1760 gravitatem
1221 1719 1268 1746 ac
1288 1719 1445 1746 nomen

108 1765 330 1806 sustinere.
392 1763 546 1805 Deleta
578 1762 796 1817 Carthago
830 1765 913 1817 est,
951 1763 1063 1818 quod
1095 1778 1191 1805 cum
1222 1763 1444 1804 hominum

109 1823 259 1878 copiis,
297 1826 389 1864 tum
427 1823 520 1877 ipsa
557 1825 712 1863 natura
749 1837 797 1863 ac
834 1822 946 1875 loco,
985 1823 1197 1864 succincta
1234 1823 1444 1876 portibus,

56 1893 91 1918 30
111 1885 277 1923 armata
314 1881 465 1934 muris,
503 1895 722 1922 excurrere
760 1895 811 1921 ex
853 1880 1015 1934 Africa,
1058 1881 1278 1921 imminere
1316 1880 1347 1933 Τ
1384 1882 1445 1922 ita

110 1940 464 1981 fructuosissimis
476 1940 628 1980 insulis
640 1939 787 1993 populi
798 1938 981 1980 Romani
992 1939 1228 1980 videbatur.
1249 1938 1445 1981 Corinthi

111 1998 341 2053 vestigium
372 1999 443 2039 vix
474 1998 671 2039 relictum
704 2000 779 2038 est.
839 1997 947 2038 Erat
979 1999 1092 2039 enim
1123 1998 1265 2052 posita
1296 1998 1340 2038 in
1373 2012 1445 2038 an-

113 2057 267 2111 gustiis
293 2059 421 2110 atque
446 2057 491 2097 in
515 2056 708 2098 faucibus
730 2055 932 2097 Graeciae
959 2056 1029 2110 sic,
1055 2059 1102 2097 ut
1122 2060 1238 2098 terra
1258 2056 1446 2097 claustra

114 2116 302 2156 locorum
350 2117 515 2156 teneret
561 2119 603 2156 et
647 2114 728 2156 duo
775 2114 911 2156 maria
953 2115 1136 2156 maxime
1179 2114 1447 2168 navigationi

61 2184 95 2209 35
116 2173 282 2214 diversa
325 2187 458 2226 paene
502 2173 796 2228 coniungeret,
838 2187 934 2214 cum
969 2174 1166 2228 pertenui
1204 2172 1446 2213 discrimine

115 2233 376 2286 separentur.
442 2231 575 2284 Haec,
624 2246 731 2286 quae
779 2232 927 2286 procul
972 2234 1094 2273 erant
1145 2246 1169 2272 a
1217 2232 1447 2284 conspectu

114 2289 299 2344 imperii,
329 2304 416 2331 non
447 2290 585 2332 solum
618 2290 884 2342 adflixerunt,
916 2291 988 2332 sed
1021 2291 1162 2343 etiam,
1193 2303 1245 2330 ne
1278 2288 1446 2343 quando
