1687 2533
170 334 214 365 60

170 1039 212 1069 61

239 107 326 149 412
611 106 705 143 PRO
733 107 773 143 L.
798 106 984 143 FLACCO
1012 105 1201 141 ORATIO.

241 202 344 252 Quis
391 203 502 245 enim
547 205 658 257 erat,
704 203 775 257 qui
812 217 900 244 non
937 203 1067 244 sciret
1101 202 1147 243 in
1185 202 1385 244 ornandis
1423 204 1583 245 studio-

241 263 396 304 siorem
445 261 745 303 Mithridatem
796 276 925 316 quam
974 261 1020 302 in
1069 261 1305 316 spoliandis
1350 260 1582 304 Trallianis

240 321 401 362 fuisse?
447 319 564 369 Quae
597 320 768 374 quidem
802 335 826 361 a
858 335 925 361 me
958 321 1006 373 si,
1036 322 1086 362 ut
1118 319 1296 361 dicenda
1328 323 1441 374 sunt,
1472 320 1582 363 dice-

239 382 406 433 rentur‚
455 379 628 434 gravius
680 393 870 434 agerem,
919 379 1098 432 iudices,
1149 393 1278 433 quam
1322 379 1459 421 adhuc
1502 379 1583 435 egi,

241 441 448 493 quantam
464 437 670 479 Asiaticis
691 438 876 479 testibus
896 437 1023 479 fidem
1042 437 1202 478 habere
1222 452 1297 479 vos
1319 437 1580 492 conveniret3
1607 449 1622 475 5

239 512 483 539 revocarem
517 498 683 538 animos
709 499 879 538 vestros
907 497 961 538 ad
985 495 1271 538 Mithridatici
1295 496 1400 538 belli
1426 511 1582 538 memo-

239 556 366 609 riam,
409 556 461 596 ad
499 556 621 596 illam
658 555 954 597 universorum
993 555 1149 596 civium
1181 555 1476 597 Romanorum
1507 570 1583 610 per

240 617 309 656 tot
346 614 473 655 urbes
505 628 589 655 uno
622 616 779 668 puncto
811 614 1021 669 temporis
1052 614 1254 656 miseram
1286 614 1583 669 crudelemque

241 673 429 726 caedem,
467 675 687 728 praetores
725 675 898 715 nostros
940 673 1124 726 deditos,
1162 673 1330 727 legatos
1368 673 1413 714 in
1444 674 1584 715 vincla

242 733 474 785 coniectos,
530 731 716 773 nominis
767 747 900 786 prope
950 731 1135 773 Romani
1185 731 1438 773 memoriam
1487 747 1582 774 cum
1604 743 1637 769 10

241 791 426 846 vestigio
476 790 647 845 imperii
696 805 785 832 non
828 791 954 832 modo
999 805 1050 832 ex
1095 790 1266 832 sedibus
1311 789 1584 845 Graecorum,

240 864 388 891 verum
434 850 565 890 etiam
604 863 654 890 ex
692 849 852 890 litteris
891 863 982 890 esse
1021 849 1219 891 deletam.
1286 849 1584 891 Mithridatem

242 908 380 962 deum,
412 908 537 949 illum
563 910 745 963 patrem,
771 908 894 949 illum
921 911 1268 950 conservatorem
1292 908 1435 962 Asiae,
1459 908 1584 950 illum

240 967 447 1021 Euhium,
502 966 706 1021 Nysium,
755 965 989 1020 Bacchum,
1038 966 1240 1008 Liberum
1289 967 1583 1009 nominabant.

241 1025 385 1067 Unum
418 1027 545 1080 atque
578 1025 690 1066 idem
717 1028 809 1066 erat
835 1028 1018 1079 tempus,
1050 1040 1146 1066 cum
1171 1025 1218 1066 L.
1237 1024 1390 1067 Flacco
1417 1027 1582 1068 consuli
1604 1038 1636 1064 15

241 1087 389 1138 portas
422 1087 518 1126 tota
543 1085 650 1125 Asia
681 1084 918 1134 claudebat,
952 1083 1249 1139 Cappadocem
1283 1087 1425 1126 autem
1458 1085 1583 1126 illum

240 1158 327 1184 non
359 1143 485 1184 modo
518 1142 753 1196 recipiebat
784 1143 871 1184 suis
904 1143 1095 1196 urbibus,
1126 1157 1273 1184 verum
1307 1143 1438 1184 etiam
1466 1144 1583 1185 ultro

241 1202 434 1243 vocabat.
479 1200 628 1242 Liceat
653 1201 758 1243 haec
783 1202 922 1255 nobis,
949 1202 984 1243 si
1011 1202 1207 1243 oblivisci
1232 1216 1319 1243 non
1342 1216 1584 1256 possumus,

243 1262 287 1302 at
324 1263 482 1313 tacere,
522 1261 649 1301 liceat
688 1260 794 1300 mihi
832 1262 976 1314 potius
1014 1261 1064 1301 de
1103 1260 1282 1301 levitate
1321 1260 1582 1302 Graecorum

242 1320 360 1373 queri
394 1334 522 1373 quam
555 1319 604 1359 de
638 1319 914 1373 crudelitate,
952 1319 1254 1361 auctoritatem
1285 1319 1361 1360 isti
1392 1319 1582 1361 habeant
1602 1333 1637 1358 20

242 1378 356 1431 apud
388 1392 478 1431 eos,
511 1392 616 1432 quos
651 1392 742 1418 esse
775 1379 949 1419 omnino
980 1377 1240 1419 noluerunt?
1301 1377 1428 1432 Nam,
1459 1393 1581 1432 quos-

243 1450 421 1490 cumque
443 1438 688 1490 potuerunt,
709 1439 886 1491 togatos
908 1438 1230 1490 interemerunt,
1248 1450 1404 1478 nomen
1425 1437 1582 1478 civium

170 1496 225 1538 26
242 1494 554 1548 Romanorum,
594 1497 801 1549 quantum
838 1495 884 1535 in
914 1496 1019 1550 ipsis
1050 1495 1150 1549 fuit,
1192 1495 1471 1537 sustulerunt.
1530 1495 1582 1537 In

171 1974 215 2005 62

242 1554 322 1595 hac
354 1553 488 1608 igitur
519 1553 624 1595 urbe
657 1568 701 1594 se
733 1554 916 1608 iactant,
957 1569 1085 1608 quam
1117 1554 1315 1608 oderunt,
1354 1554 1466 1608 apud
1497 1569 1581 1608 eos,

243 1626 348 1666 quos
381 1612 505 1653 inviti
537 1612 699 1666 vident,
738 1613 783 1653 in
815 1627 865 1653 ea
895 1627 941 1653 re
973 1613 1163 1667 publica,
1195 1612 1248 1653 ad
1281 1627 1409 1667 quam
1442 1614 1580 1667 oppri-
1600 1625 1634 1651 25

241 1671 439 1712 mendam
469 1685 557 1712 11011
588 1673 755 1712 animus
783 1671 856 1725 eis,
887 1671 960 1712 sed
986 1671 1098 1712 vires
1125 1671 1378 1713 defuerunt?
1429 1671 1581 1726 Adspi-

242 1730 359 1770 ciant
390 1730 503 1771 hunc
534 1729 683 1770 florem
711 1730 951 1784 legatorum
977 1730 1334 1784 laudatorumque
1360 1729 1504 1771 Flacci
1529 1744 1580 1771 ex

241 1802 342 1828 vera
381 1790 508 1842 atque
546 1788 716 1843 integra
754 1788 949 1843 Graecia3
990 1791 1082 1830 tum
1121 1803 1166 1830 se
1203 1788 1288 1842 ipsi
1326 1789 1579 1842 expendant,

242 1849 333 1887 tum
366 1860 460 1887 cum
490 1846 557 1887 his
591 1861 634 1887 se
670 1850 937 1901 comparent,
969 1849 1079 1901 tum,
1111 1847 1148 1888 si
1181 1847 1408 1900 audebunt,
1441 1847 1577 1902 digni-

241 1904 324 1946 tati
356 1904 507 1945 horum
540 1908 806 1959 anteponant
838 1920 970 1947 suam.
1596 1917 1631 1943 30

333 1963 504 2004 Adsunt
548 1963 851 2014 Athenienses,
900 1964 1009 2005 unde
1058 1964 1323 2016 humanitas,
1372 1963 1578 2018 doctrina,

242 2021 408 2077 religio,
431 2021 591 2076 fruges,
617 2023 723 2076 iura,
748 2023 865 2078 leges
893 2026 1012 2065 ortae
1040 2025 1167 2076 atque
1193 2023 1238 2062 in
1265 2037 1413 2063 omnes
1439 2025 1577 2064 terras

243 2080 500 2121 distributae
548 2082 776 2134 putantum
827 2081 877 2122 de
923 2095 1103 2135 quorum
1146 2081 1263 2121 urbis
1307 2081 1577 2136 possessione

241 2142 421 2194 propter
468 2138 831 2193 pulchritudinem
883 2139 1014 2181 etiam
1062 2140 1174 2180 inter
1218 2139 1317 2180 deos
1363 2142 1577 2181 certamen

241 2197 374 2238 fuisse
412 2196 626 2252 proditum
669 2200 752 2251 est;
791 2212 898 2251 quae
937 2200 1153 2240 vetustate
1191 2212 1241 2239 ea
1279 2200 1362 2251 est,
1399 2200 1447 2239 ut
1483 2197 1577 2252 ipsa
1595 2207 1628 2233 35

242 2270 292 2297 ex
330 2270 422 2297 sese
461 2269 560 2297 suos
599 2254 711 2297 cives
749 2257 948 2309 genuisse
981 2256 1145 2297 dicatur
1177 2258 1220 2297 et
1252 2271 1398 2298 eorum
1431 2256 1576 2298 eadem

242 2317 356 2355 terra
387 2329 559 2369 parens,
591 2314 731 2368 altrix,
762 2315 904 2368 patria
937 2315 1112 2366 dicatur,
1145 2315 1400 2356 auctoritate
1433 2317 1575 2356 autem
