1619 2542
538 58 640 94 CAP.
659 62 794 94 10—12
820 62 839 101 ξ
864 62 1014 94 25-30.
1369 60 1452 101 199

108 154 162 196 ad
199 169 265 196 me
305 154 475 195 attinet.
542 152 667 196 Iubet
705 154 834 208 enim,
873 154 946 209 qui
982 154 1145 210 primus
1185 155 1242 198 sit
1279 158 1452 210 praetor

105 213 265 264 factus,
311 228 406 254 eum
444 213 584 268 legem
622 213 830 254 curiatam
867 214 993 267 ferre3
1040 214 1106 255 sin
1142 214 1179 255 is
1216 214 1328 255 ferre
1365 229 1453 256 non

106 272 265 327 possit,
310 272 383 326 qui
425 274 670 326 postremus
716 272 789 325 sit,
833 275 881 313 ut
924 274 998 314 aut
1042 272 1197 314 lusisse
1235 273 1279 313 in
1316 274 1450 314 tantis

106 331 233 372 rebus
285 334 359 372 aut
407 330 600 385 profecto
651 331 792 372 nescio
819 330 941 385 *quid
983 334 1199 386 spectasse
1243 331 1451 373 videatur.

76 388 268 431 5Verum
299 389 392 442 hoc,
425 388 537 442 quod
570 391 635 430 est
662 391 736 430 aut
760 389 822 430 ita
847 404 1106 444 perversum,
1139 394 1186 431 ut
1211 390 1450 444 ridiculum,

113 450 184 489 aut
214 449 277 489 ita
308 447 586 498 malitiosum,
618 450 667 489 ut
698 448 926 489 obscurum
954 448 1022 501 sit,
1053 449 1363 503 relinquamus,
1397 450 1450 491 ad

111 506 363 562 religionem
400 506 588 547 hominis
626 509 905 547 revertamur.
966 506 1096 548 Videt
1128 508 1217 548 sine
1250 508 1346 563 lege
1379 523 1448 550 cu-

109 566 218 606 riata
248 565 358 606 nihil
392 565 462 620 agi
492 579 568 619 per
600 564 861 606 decemviros
894 580 1031 620 posse.
1076 565 1186 615 Quid
1217 571 1379 621 postea,
1413 567 1449 608 si
1475 578 1518 609 29

111 638 158 665 ea
207 624 298 665 lata
345 638 433 665 non
482 622 593 664 erit?
666 624 892 665 Attendite
942 624 1173 679 ingenium.
1249 625 1365 667 ‘TUM
1414 638 1448 667 ΙΙ

58 692 92 718 1⁰
113 680 397 736 DECEMVIRI',
428 682 585 736 inquit,
625 682 801 724 ‘EODEM
833 694 941 724 IURE
975 694 1099 737 SINT,
1138 695 1230 734 Quo
1264 696 1343 734 QUI
1375 696 1448 726 OP-

111 753 233 782 TUMA
265 740 414 783 LEGE?
477 740 522 782 Si
552 740 634 782 hoc
665 741 758 782 fieri
789 744 950 796 potest,
992 744 1040 782 ut
1072 743 1118 783 in
1148 742 1229 784 hac
1262 743 1448 797 civitate,

110 814 215 853 quae
247 800 375 855 longe
401 800 492 840 iure
524 799 738 841 libertatis
764 800 915 842 ceteris
943 800 1188 842 civitatibus
1212 802 1447 855 antecellit,

109 858 332 913 quisquam
379 859 509 899 nullis
560 859 744 900 comitiis
794 859 1022 913 imperium
1073 863 1146 901 aut
1188 863 1447 914 potestatem

110 916 283 971 adsequi
313 917 463 971 possit,
495 917 596 971 quid
629 918 785 958 attinet
816 918 946 959 tertio
979 918 1119 972 capite
1148 918 1287 974 legem
1315 920 1449 961 curia-

56 986 90 1011 15
109 978 197 1016 tam
228 975 339 1017 ferre
371 976 529 1029 iubere,
564 990 658 1017 cum
691 978 844 1031 quarto
876 977 1116 1031 permittas,
1148 980 1196 1018 ut
1227 978 1318 1019 sine
1351 978 1447 1034 lege

109 1034 272 1076 curiata
302 1034 414 1075 idem
446 1035 551 1076 iuris
582 1034 785 1088 habeant,
819 1035 931 1089 quod
962 1034 1184 1089 haberent,
1217 1036 1253 1077 si
1282 1037 1448 1091 optima

108 1093 202 1148 lege
243 1108 268 1134 a
310 1093 469 1147 populo
514 1096 657 1134 essent
701 1094 861 1135 creati?
928 1093 1069 1150 Reges
1114 1092 1447 1148 constituuntur,

107 1165 193 1192 non
229 1151 476 1205 decemviri,
514 1150 720 1205 Quirites,
757 1152 902 1206 itaque
942 1152 995 1194 ab
1027 1152 1096 1194 his
1129 1153 1264 1195 initiis
1295 1153 1445 1195 funda-

107 1210 347 1264 mentisque
384 1213 636 1264 nascuntur,
674 1214 722 1252 ut
758 1225 844 1252 non
882 1211 1008 1252 modo
1047 1226 1143 1253 cum
1183 1226 1330 1268 gerere
1361 1226 1446 1254 rem

54 1279 89 1304 20
108 1269 335 1323 coeperint,
367 1269 440 1309 sed
469 1269 598 1310 etiam
624 1284 720 1310 cum
746 1270 1071 1323 constituentur,
1104 1285 1227 1312 omne
1253 1273 1445 1312 vestrum

107 1327 190 1380 ius,
233 1329 426 1382 potestas
463 1327 726 1382 libertasque
764 1328 957 1370 tollatur.
1018 1328 1080 1369 At
1116 1328 1274 1382 videte,
1317 1343 1445 1383 quam
1472 1356 1516 1386 30

108 1385 335 1441 diligenter
372 1385 557 1427 retineat
594 1386 660 1427 ius
692 1386 946 1428 tribuniciae
978 1387 1222 1441 potestatis,
1284 1385 1445 1429 Consu-

108 1443 222 1485 libus
271 1444 413 1497 legem
463 1444 670 1485 curiatam
720 1444 956 1486 ferentibus
1008 1459 1033 1486 a
1074 1445 1260 1486 tribunis
1306 1445 1445 1499 plebis

109 1515 234 1556 saepe
266 1504 333 1543 est
362 1502 640 1543 intercessum
672 1501 825 1557 (neque
856 1506 1002 1544 tamen
1031 1517 1109 1544 nos
1140 1503 1184 1544 id
1217 1504 1446 1558 querimur,

55 1571 89 1596 25
110 1574 202 1602 esse
227 1560 337 1601 hanc
362 1560 633 1601 tribunorum
654 1561 791 1614 plebis
812 1563 1089 1615 potestatem3
1116 1564 1286 1603 tantum
1306 1562 1445 1617 modo,

109 1619 146 1660 si
178 1618 272 1673 quis
305 1632 355 1659 ea
385 1621 600 1673 potestate
632 1621 789 1660 temere
816 1622 881 1660 est
905 1634 1020 1673 usus,
1051 1621 1079 1671 ’ἴ
1111 1619 1445 1676 existimamus);

107 1677 177 1719 hic
207 1677 405 1718 tribunus
437 1676 575 1731 plebis
607 1677 693 1732 legi
725 1677 925 1731 curiatae,
957 1692 1083 1732 quam
1116 1681 1290 1733 praetor
1320 1679 1444 1734 ferat,

109 1736 259 1777 adimit
289 1735 578 1777 intercedendi
609 1738 879 1790 potestatem.
924 1735 1066 1790 Atque
1097 1736 1178 1779 hoc
1204 1752 1300 1779 cum
1325 1738 1368 1780 in
1395 1753 1443 1780 eo

109 1794 502 1849 reprehendendum
540 1797 623 1847 est,
671 1794 784 1848 quod
820 1809 896 1849 per
933 1795 1154 1837 tribunum
1191 1796 1330 1851 plebis
1368 1797 1445 1838 tri-

54 1862 90 1888 30
108 1852 278 1894 bunicia
302 1855 496 1907 potestas
522 1852 739 1906 minuitur,
764 1856 857 1894 tum
882 1854 927 1894 in
947 1867 996 1894 eo
1017 1853 1303 1909 deridendum,
1332 1855 1446 1910 quod

109 1911 291 1965 consuli,
330 1911 367 1951 si
397 1912 535 1966 legem
567 1910 776 1952 curiatam
807 1926 893 1953 non
923 1911 1072 1967 habet,
1111 1913 1322 1968 attingere
1354 1928 1445 1955 rem

109 1969 341 2010 militarem
365 1984 452 2010 non
482 1969 594 2022 licet,
625 1969 711 2022 hic,
743 1970 809 2011 cui
841 1972 958 2012 vetat
989 1971 1262 2025 intercedere,
1288 1972 1326 2013 ei
1351 1975 1445 2026 pot-

110 2029 310 2080 estatem,
348 2027 515 2069 etiamsi
544 2028 825 2069 intercessum
857 2029 931 2083 sit,
962 2031 1107 2071 tamen
1139 2030 1316 2071 eandem
1348 2044 1445 2071 con-

110 2085 263 2138 stituit,
290 2099 417 2139 quam
444 2087 479 2127 si
506 2087 594 2127 lata
615 2088 727 2127 esset
747 2087 827 2141 lex,
853 2089 901 2128 ut
919 2101 1006 2128 non
1024 2088 1288 2143 intellegam,
1315 2102 1444 2142 quare

55 2154 90 2180 35
112 2146 186 2185 aut
210 2143 280 2185 hic
304 2146 421 2185 vetet
444 2144 704 2186 intercedere
731 2148 806 2186 aut
830 2159 1086 2200 quemquam
1112 2147 1445 2187 intercessurum
1501 2161 1505 2163 ’

108 2204 249 2256 putet,
287 2216 382 2243 cum
420 2202 667 2244 intercessio
708 2203 941 2246 stultitiam
980 2204 1276 2247 intercessoris
1316 2204 1446 2259 signi-

108 2260 288 2302 ficatura
318 2260 391 2314 sit,
421 2274 509 2302 non
533 2275 622 2302 rem
653 2261 921 2316 impeditura.
