1619 2542
143 101 228 143 292
455 100 505 135 IN
533 99 571 135 L.
598 98 862 135 CATILINAM
888 98 1066 133 ORATIO
1094 97 1154 132 IV.

143 197 327 252 pernicie
353 197 502 251 populi
527 196 722 247 Romani,
749 194 878 236 exitio
903 194 1030 235 huius
1057 194 1176 235 urbis
1201 196 1292 235 tam
1318 193 1482 247 acerbe,

143 260 235 298 tam
272 256 498 298 crudeliter
529 254 750 310 cogitarit,
788 253 918 294 etiam
950 252 1162 308 appellari
1194 266 1320 307 posse
1351 267 1481 308 popu-

144 316 292 357 larem.
341 315 492 369 Itaque
525 314 653 355 homo
686 312 940 354 mitissimus
972 315 1100 366 atque
1125 311 1371 352 lenissimus
1395 325 1482 353 non

147 374 315 415 dubitat
363 373 408 414 P.
446 372 673 427 Lentulum
729 371 913 412 aeternis
969 370 1158 412 tenebris
1216 369 1481 423 vinculisque

146 432 349 474 mandare
377 435 420 473 et
445 431 582 473 sancit
607 430 651 471 in
676 432 909 484 posterum,
933 443 986 470 ne
1012 430 1106 483 quis
1126 428 1252 470 huius
1273 428 1481 483 supplicio
1501 437 1517 463 5

146 491 326 532 levando
361 504 404 531 se
437 490 596 531 iactare
630 491 672 530 et
702 488 748 529 in
772 488 957 543 pernicie
983 487 1132 542 populi
1159 487 1341 528 Romani
1367 489 1482 542 post-

145 550 226 591 hac
245 549 466 604 popularis
487 563 578 590 esse
598 548 747 602 possit.
783 546 990 601 Adiungit
1004 546 1134 587 etiam
1147 546 1482 601 publicationem

148 609 370 661 bonorum,
402 610 450 649 ut
482 607 621 648 omnis
654 605 786 647 animi
817 605 1027 647 cruciatus
1060 607 1104 646 et
1135 604 1326 659 corporis
1352 604 1482 645 etiam

149 669 319 722 egestas
352 680 401 707 ac
427 665 678 707 mendicitas
710 666 1004 719 consequatur.

237 724 375 773 Quam
407 725 462 766 ob
494 739 598 777 rem,
630 724 717 765 sive
748 723 830 765 hoc
861 722 1112 776 statueritis,
1144 721 1344 763 dederitis
1376 721 1536 763 mihim

150 784 349 825 comitem
382 783 435 824 ad
466 782 708 824 contionem
733 781 892 837 populo
919 795 1063 823 carum
1090 783 1218 835 atque
1243 780 1485 834 iucundum,

150 843 239 884 sive
267 840 402 883 Silani
429 841 685 883 sententiam
711 840 831 895 sequi
850 840 1100 892 malueritis,
1124 839 1249 881 facile
1268 854 1336 881 me
1356 841 1484 894 atque

149 916 224 943 vos
264 916 289 942 a
328 900 595 942 crudelitatis
627 899 939 952 vituperatione
971 899 1130 953 populo
1163 898 1358 940 Romano
1383 912 1484 951 pm·-

145 959 246 1013 9abo
274 962 401 1013 atque
426 959 629 1000 obtinebo
650 972 744 999 eam
765 957 901 999 multo
921 957 1127 998 leniorem
1147 956 1290 999 fuisse.
1331 955 1485 1005 Quam-

151 1033 296 1072 quam,
340 1021 486 1071 patres
531 1016 779 1071 conscripti,
824 1029 930 1069 quae
973 1018 1119 1070 potest
1163 1029 1254 1056 esse
1291 1015 1336 1056 in
1372 1016 1485 1057 tanti
1506 1024 1538 1050 15

152 1076 324 1118 sceleris
368 1076 622 1117 inmanitate
665 1075 879 1129 punienda
918 1073 1177 1116 crudelitas?
1239 1074 1333 1129 Ego
1373 1074 1486 1115 enim

151 1135 201 1176 de
233 1149 327 1176 meo
361 1148 487 1175 sensu
518 1134 668 1175 iudico.
718 1133 831 1174 Nam
863 1134 925 1174 ita
956 1132 1061 1173 mihi
1094 1132 1214 1174 salva
1245 1147 1290 1173 re
1315 1132 1487 1187 publica

150 1193 372 1235 vobiscum
409 1192 571 1247 perfrui
607 1192 753 1245 liceat,
790 1194 839 1232 ut
876 1205 973 1246 ego,
1010 1191 1121 1245 quod
1159 1191 1203 1231 in
1241 1191 1321 1232 hac
1359 1205 1487 1232 causa

151 1251 445 1293 vehementior
477 1265 588 1303 sum,
625 1265 712 1292 non
743 1250 970 1292 atrocitate
1003 1249 1134 1290 animi
1165 1264 1339 1291 moveor
1372 1247 1486 1305 (quis

153 1310 265 1351 enim
303 1312 369 1351 est
406 1324 474 1350 me
512 1307 724 1364 mitior-P),
763 1309 835 1349 sed
874 1308 1082 1364 singulari
1123 1308 1306 1362 quadam
1337 1307 1487 1349 huma-
1507 1318 1541 1343 20

150 1369 287 1409 nitate
319 1371 363 1409 et
394 1367 695 1409 misericordia.
739 1367 898 1408 Videor
929 1367 1041 1408 enim
1073 1367 1177 1408 mihi
1207 1366 1350 1408 videre
1375 1366 1486 1408 hanc

155 1428 319 1481 urbem,
363 1426 502 1468 lucem
545 1426 661 1468 orbis
705 1430 915 1467 terrarum
954 1428 1082 1480 atque
1119 1440 1259 1467 arcem
1297 1425 1488 1467 omnium

153 1486 357 1541 gentium,
383 1485 526 1527 subito
547 1499 631 1526 uno
651 1484 844 1527 incendio
866 1484 1167 1537 concidentem,
1194 1498 1318 1525 cerno
1344 1484 1486 1526 animo

153 1544 322 1598 sepulta
364 1544 409 1585 in
451 1543 594 1598 patria
636 1543 814 1585 miseros
859 1547 986 1597 atque
1030 1543 1269 1597 insepultos
1314 1557 1486 1584 acervos

153 1602 321 1655 civium,
352 1605 550 1644 versatur
581 1602 687 1643 mihi
719 1604 818 1643 ante
845 1602 989 1643 oculos
1016 1605 1213 1656 aspectus
1239 1599 1419 1656 Cethegi
1445 1604 1488 1643 et
1507 1609 1541 1635 25

85 1672 126 1702 12
153 1660 272 1702 furor
302 1661 347 1701 in
379 1664 524 1702 vestra
549 1661 675 1702 caede
701 1660 960 1702 bacchantis.
1004 1659 1111 1702 Cum
1139 1674 1236 1701 vero
1263 1659 1368 1700 mihi
1393 1675 1487 1714 pro-

154 1719 278 1772 posui
308 1721 559 1774 regnantem
591 1719 832 1773 Lentulum,
863 1719 972 1761 sicut
1003 1719 1094 1773 ipse
1121 1733 1166 1760 se
1192 1733 1241 1759 ex
1267 1717 1370 1759 fatis
1397 1732 1486 1773 spe-

153 1791 271 1818 rasse
309 1777 527 1818 confessus
560 1780 643 1831 est,
678 1779 959 1833 purpuratum
992 1791 1084 1819 esse
1115 1776 1214 1818 huic
1245 1776 1487 1830 Gabinium,

153 1850 248 1876 cum
287 1835 473 1876 exercitu
511 1836 675 1877 venisse
713 1835 963 1889 Catilinam,
1006 1838 1098 1876 tum
1135 1834 1486 1877 lamentationem

153 1896 342 1934 matrum
378 1893 583 1948 familias,
621 1897 713 1935 tum
750 1894 897 1949 fugam
935 1894 1150 1949 virginum
1182 1895 1308 1947 atque
1339 1908 1485 1947 puero-
1506 1903 1541 1928 30

154 1967 249 1993 rum
288 1966 337 1992 ac
374 1953 644 1994 vexationem
682 1953 899 2008 virginum
930 1951 1171 1993 Vestalium
1208 1951 1486 2005 perhorresco

155 2013 209 2064 et,
241 2010 340 2064 quia
371 2010 478 2050 mihi
510 2011 781 2052 vehementer
811 2011 916 2052 haec
947 2010 1144 2051 videntur
1175 2009 1332 2051 misera
1359 2015 1486 2065 atque

155 2068 415 2121 miseranda,
452 2068 608 2110 idcirco
640 2069 683 2109 in
710 2084 799 2123 eos,
838 2069 909 2123 qui
940 2083 990 2109 ea
1021 2069 1220 2122 perficere
1252 2069 1486 2124 voluerunt,

156 2142 223 2168 me
256 2141 450 2168 severum
475 2127 849 2182 vehementemque
875 2127 1070 2182 praebeo.
1119 2126 1290 2168 Etenim
1318 2142 1485 2181 quaero,

156 2186 192 2226 si
232 2185 325 2239 quis
358 2187 480 2239 pater
509 2184 698 2226 familias
730 2186 876 2227 liberis
909 2185 995 2226 suis
1027 2200 1051 2225 a
1083 2199 1205 2227 servo
1237 2185 1486 2239 interfectis,
1505 2195 1539 2221 35

155 2258 286 2285 uxore
326 2244 482 2298 occisa,
518 2243 689 2284 incensa
721 2244 846 2286 domo
878 2243 1133 2298 supplicium
1165 2243 1215 2284 de
1247 2258 1369 2286 servo
1399 2258 1483 2287 ‘non

157 2317 284 2356 quam
324 2302 655 2344 acerbissumum
695 2302 940 2356 sumpserit,
978 2304 1121 2343 utrum
1152 2302 1188 2343 is
1221 2302 1404 2344 clemens
1437 2317 1485 2344 ac

96 712 121 750 6

81 763 121 793 11
