1619 2542
96 527 140 558 23

94 1288 139 1319 24

113 1687 138 1729 (Ὀ

92 2341 134 2372 25

164 126 251 167 242
535 127 628 163 PRO
655 128 692 164 C.
719 127 916 163 RABIRIO
945 127 1135 164 ORATIO.

167 225 327 264 sectam
354 224 485 279 sequi,
517 224 634 266 cuius
660 224 839 278 imperio
865 238 1015 279 parere
1042 224 1313 278 potissimum
1338 227 1503 269 velles?

167 281 393 336 ‘Patruus',
430 283 586 337 inquit,
624 282 758 324 emeus
797 298 893 325 cum
925 281 1154 324 Saturnino
1192 283 1302 325 fuit’.
1364 284 1503 334 Quid?

165 342 290 395 pater
310 341 509 395 quicum?
536 342 666 396 quid?
693 342 923 396 propinqui
942 342 1088 395 vestri,
1109 342 1272 397 equites
1292 343 1503 385 Romani?

169 399 298 453 quid?
326 401 466 441 omnis
492 399 773 455 praefectura,
799 401 930 456 regio,
957 400 1155 442 vicinitas
1180 402 1353 443 vestra?
1375 403 1504 456 quid?

169 472 271 513 ager
296 458 474 501 Picenus
507 460 730 500 universus
762 462 906 500 utrum
934 459 1210 501 tribunicium
1235 459 1423 502 furorem
1450 476 1503 502 an
1523 471 1540 498 5

169 518 435 558 consularem
475 518 777 560 auctoritatem
815 520 982 559 secutus
1023 519 1116 560 est?
1176 518 1386 573 Equidem
1423 519 1504 562 hoc

168 575 362 630 adfirmo,
404 577 515 631 quod
553 580 600 618 tu
637 592 747 618 nunc
787 577 837 618 de
867 580 942 618 tuo
974 580 1129 632 patruo
1161 578 1399 632 praedicas,
1435 593 1504 620 ne-

167 635 325 676 minem
365 650 570 689 umquam
610 636 746 678 adhuc
779 636 829 677 de
870 650 914 677 30
953 650 1043 677 0330
1081 636 1340 691 confessum3
1377 651 1503 678 nemo

168 696 251 747 est,
288 693 483 748 inquam,
520 694 718 736 inventus
751 697 842 736 tam
873 694 1146 750 profligatus,
1178 697 1268 736 tam
1299 695 1504 750 perditus,

166 754 256 792 tam
290 752 343 793 ab
377 753 493 794 omni
524 767 611 794 non
641 754 767 795 modo
798 753 1035 807 honestate,
1068 754 1141 795 sed
1173 754 1303 795 etiam
1331 755 1502 796 simula—
1523 766 1556 791 10

166 810 283 852 tione
327 811 567 853 honestatis
605 812 797 866 relictus,
845 812 917 866 qui
954 826 998 853 30
1035 812 1080 853 111
1118 811 1334 867 Capitolio
1370 813 1503 855 fuisse

166 884 261 911 cum
312 868 543 912 Saturnino
593 870 812 912 fateretur.
885 870 945 911 At
993 871 1074 912 fuit
1123 874 1265 912 vester
1313 874 1503 927 patruus.

166 927 330 983 Fuerit,
375 932 417 970 01
458 929 589 970 fuerit
630 930 750 970 nulla
794 929 1088 984 desperatione
1132 945 1273 971 rerum
1318 945 1502 985 suarum,

165 987 297 1028 nullis
342 987 587 1029 domesticis
631 988 878 1029 vulneribus
922 991 1111 1042 eoactus3
1154 989 1368 1030 induxerit
1405 1004 1501 1031 eum

166 1045 212 1087 L.
233 1044 455 1087 Saturnini
485 1046 770 1100 familiaritas,
801 1049 849 1087 ut
876 1047 1108 1088 amicitiam
1133 1047 1299 1102 patriae
1325 1063 1501 1104 praepo·
1522 1059 1554 1085 15

166 1107 303 1158 neret3
342 1104 552 1146 idcircone
585 1105 776 1159 oportuit
807 1104 850 1146 O.
882 1105 1105 1146 Rabirium
1139 1106 1368 1148 desciscere
1401 1122 1426 1148 a
1457 1122 1502 1148 10

166 1163 355 1216 publica,
397 1177 483 1204 non
527 1178 771 1218 comparere
814 1163 859 1204 in
901 1164 979 1205 illa
1022 1166 1189 1205 armata
1226 1165 1501 1207 multitudine

166 1221 388 1275 bonorum,
420 1222 640 1263 consulum
666 1223 759 1264 voci
791 1225 918 1276 atque
949 1223 1128 1277 imperio
1155 1237 1241 1264 non
1272 1223 1500 1265 oboedire?

167 1279 301 1334 Atqui
339 1280 529 1321 videmus
568 1281 674 1322 haec
714 1281 758 1321 in
796 1295 937 1322 rerum
968 1284 1122 1322 natura
1152 1281 1237 1323 tria
1268 1282 1416 1336 fuisse,
1453 1286 1501 1323 ut

167 1341 240 1379 aut
278 1354 375 1380 cum
407 1337 637 1380 Saturnino
676 1342 790 1380 esset
826 1342 901 1381 aut
937 1355 1032 1381 cum
1072 1340 1196 1381 bonis
1229 1343 1302 1381 aut
1333 1341 1499 1383 lateret.
1519 1353 1554 1379 20

165 1396 316 1438 Latere
344 1398 494 1438 mortis
529 1400 620 1439 erat
650 1398 788 1439 instar
818 1399 1110 1453 turpissimae,
1143 1413 1238 1440 cum
1271 1397 1498 1441 Saturnino

166 1470 256 1497 esse
288 1455 444 1497 furoris
484 1459 526 1497 et
563 1457 751 1511 sceleris3
790 1457 926 1499 virtus
966 1460 1008 1498 et
1043 1457 1245 1499 honestas
1284 1460 1326 1499 et
1363 1458 1500 1512 pudor

164 1529 258 1556 cum
291 1515 536 1556 consulibus
570 1530 661 1556 esse
687 1516 878 1569 cogebat.
921 1515 1015 1557 Hoc
1041 1518 1088 1557 tu
1113 1516 1245 1571 igitur
1270 1516 1315 1557 in
1340 1517 1500 1559 crimen

164 1587 303 1627 vocas,
335 1574 447 1627 quod
479 1589 574 1615 011111
605 1574 658 1615 113
690 1574 819 1615 fuerit
850 1573 893 1616 G.
920 1575 1131 1627 Rabirius
1164 1589 1268 1629 quos
1302 1576 1499 1617 amentis-

165 1632 297 1673 simus
317 1631 471 1673 fuisset
491 1633 526 1673 si
548 1635 851 1688 oppugnasset,
870 1634 1157 1687 turpissimus,
1178 1634 1214 1674 si
1226 1633 1498 1687 reliquisset?
1517 1644 1550 1671 25

167 1690 226 1730 At
258 1689 302 1732 C.
336 1690 566 1745 Decianus,
599 1691 648 1732 de
682 1706 764 1746 quo
796 1694 844 1732 tu
877 1706 1002 1746 saepe
1034 1706 1355 1746 commemoras,
1387 1693 1497 1746 quia,

164 1763 259 1789 cum
302 1748 522 1790 hominem
566 1750 762 1791 omnibus
805 1750 1017 1805 insignem
1054 1750 1170 1792 notis
1207 1750 1497 1805 turpitudinis,

164 1807 208 1847 P.
239 1806 426 1860 Furium,
458 1811 676 1850 accusaret
702 1824 867 1850 summo
894 1809 1034 1850 studio
1061 1810 1268 1851 bonorum
1296 1809 1496 1863 omnium,

165 1865 284 1919 queri
317 1868 382 1906 031
413 1880 540 1907 ausus
572 1867 616 1907 in
647 1868 843 1909 contione
875 1868 925 1909 de
957 1870 1094 1908 morte
1127 1866 1364 1921 Saturnini,
1401 1882 1496 1909 0011-

165 1924 387 1964 demnatus
428 1928 512 1976 est,
550 1928 592 1965 et
624 1924 716 1967 Sex.
747 1926 903 1979 Titius,
943 1926 1055 1980 quod
1084 1925 1236 1966 habuit
1265 1925 1496 1980 imaginem
1515 1937 1550 1963 30

163 1981 209 2022 L.
242 1980 460 2022 Saturnini
492 1983 606 2024 domi
638 1998 750 2035 suae,
777 1985 1080 2026 condemnatus
1114 1986 1190 2025 est.
1246 1982 1496 2026 Statuerunt

164 2041 328 2094 equites
360 2039 543 2081 Romani
579 2042 655 2083 illo
694 2043 848 2084 iudicio
886 2043 1130 2097 improbum
1162 2042 1296 2083 civem
1329 2057 1420 2084 esse
1452 2046 1495 2084 et

162 2113 249 2140 non
286 2098 553 2139 retinendum
590 2099 635 2140 in
667 2101 860 2155 civitate,
899 2102 971 2155 qui
1001 2100 1185 2142 hominis
1217 2101 1420 2142 hostilem
1450 2101 1496 2142 in

163 2157 335 2198 modum
367 2157 558 2198 seditiosi
588 2158 776 2213 imagine
808 2163 881 2201 aut
913 2161 1093 2200 mortem
1126 2160 1214 2200 eius
1247 2159 1495 2201 honestaret

164 2219 237 2256 aut
287 2215 494 2257 desideria
536 2215 832 2269 imperitorum
876 2217 1166 2259 misericordia
1209 2220 1494 2260 commoveret
1514 2228 1547 2255 35

164 2277 237 2315 aut
258 2288 378 2315 suam
393 2273 654 2328 significaret
668 2275 898 2317 imitandae
912 2275 1201 2330 improbitatis
1216 2277 1493 2318 voluntatem.

161 2331 311 2385 Itaque
350 2332 456 2373 1111111
495 2331 650 2373 1111111111
687 2334 872 2384 videtur,
913 2334 1022 2376 unde
1054 2334 1163 2376 hanc
1194 2337 1260 2386 tu,
1297 2334 1493 2387 Labiene,
