1687 2533
519 100 621 135 CAP.
647 103 785 134 55--58
811 104 829 141 g
858 103 1052 134 141—146.
1348 100 1430 140 511

85 198 262 251 propter
293 195 498 237 beneficia
528 195 711 249 populus
743 194 962 236 Romanus
989 194 1221 250 Optimum,
1253 198 1430 249 propter

86 255 173 295 vim
205 254 442 295 Maximum
474 254 730 308 nominavit,
769 256 912 307 teque,
943 253 1050 295 Iuno
1082 253 1269 309 Regina,
1303 258 1345 295 et
1376 256 1430 308 te,

86 316 230 354 custos
251 313 381 366 urbis,
401 312 606 366 Minerva,
627 327 732 367 quae
753 327 922 367 semper
944 312 1129 353 adiutrix
1151 312 1430 354 consiliorum

86 386 292 425 meorum,
323 372 448 413 testis
475 372 672 413 laborum
699 371 891 424 extitisti,
923 386 1076 426 precor
1102 374 1230 426 atque
1258 386 1428 425 quaeso,

50 442 266 485 5vosque,
311 430 383 484 qui
422 430 602 471 maxime
643 444 705 471 me
744 431 964 484 repetistis
1007 433 1136 484 atque
1177 430 1427 480 revocastis,

87 504 267 544 quorum
301 489 351 530 de
384 489 554 530 sedibus
586 489 691 530 haec
722 488 828 529 mihi
854 491 918 529 est
943 489 1169 544 proposita
1195 489 1428 543 contentio,

85 548 213 602 patrii
232 550 409 602 penates
430 548 758 602 familiaresque,
786 547 858 602 qui
883 547 981 589 huic
1007 547 1102 589 urbi
1129 550 1171 588 et
1197 547 1258 588 rei
1283 547 1427 602 publi-

85 621 158 648 cae
196 606 463 660 praesidetis,
502 621 576 648 vos
617 608 828 661 optestor,
868 620 1047 660 quorum
1080 620 1160 661 ego
1194 621 1218 647 a
1249 606 1424 661 templis

86 669 213 720 atque
240 665 428 706 delubris
461 664 709 720 pestiferam
741 665 862 706 illam
895 667 938 705 et
968 664 1178 706 nefariam
1205 664 1426 706 flammam

34 736 66 760 10
86 724 240 779 depuli,
266 726 403 778 teque,
422 723 556 765 Vesta
576 727 725 776 mater,
750 724 868 765 cuius
895 723 1156 765 castissimas
1184 724 1424 765 sacerdotes

86 783 139 824 ab
166 782 386 824 hominum
414 783 647 824 amentium
674 782 816 824 furore
843 785 885 824 et
911 783 1066 824 scelere
1094 782 1261 823 defendi
1288 782 1426 823 cuius-

87 856 166 895 que
203 841 347 896 ignem
384 841 505 882 illum
545 842 852 896 sempiternum
893 855 979 882 non
1020 856 1114 882 sum
1155 855 1307 895 passus
1352 843 1425 882 aut

86 901 292 954 sanguine
332 899 486 941 civium
524 900 735 954 restingui
775 902 848 941 aut
893 914 987 940 cum
1028 899 1161 941 totius
1203 900 1321 941 urbis
1362 900 1424 940 in-

86 959 233 1000 cendio
260 958 536 1013 commisceri,
568 961 627 1013 ut,
660 959 695 1000 si
727 958 771 999 in
802 958 880 999 illo
906 972 1039 1012 paene
1070 958 1160 999 fato
1193 959 1255 999 rei
1285 958 1495 1012 publi-145

33 1029 64 1055 15
86 1032 158 1059 cae
191 1017 326 1059 obieci
358 1031 499 1058 meum
531 1020 659 1072 caput
690 1031 767 1072 pro
800 1016 955 1058 vestris
989 1016 1257 1058 caerimoniis
1298 1019 1425 1071 atque

86 1076 260 1130 templis
293 1076 679 1131 perditissimorum
711 1075 866 1117 civium
898 1074 1034 1116 furori
1067 1079 1194 1129 atque
1225 1075 1351 1129 ferro,
1383 1078 1425 1116 et

87 1135 122 1176 si
152 1135 320 1189 iterum,
353 1150 447 1176 cum
480 1149 529 1176 ex
562 1150 655 1176 mea
687 1134 960 1176 contentione
986 1134 1185 1176 interitus
1213 1134 1424 1175 bonorum

86 1193 276 1235 omnium
309 1196 600 1247 quaereretur,
637 1208 714 1235 vos
748 1208 839 1234 sum
879 1195 1083 1245 testatus,
1122 1192 1244 1233 vobis
1277 1207 1344 1234 me
1377 1207 1425 1234 ac

86 1267 202 1293 meos
240 1252 534 1294 commendavi
571 1266 720 1306 meque
754 1254 880 1305 atque
913 1265 1053 1292 meum
1087 1254 1215 1306 caput
1247 1265 1295 1292 ea
1327 1265 1424 1293 con-

32 1322 66 1347 20
86 1311 248 1352 dicione
287 1311 456 1364 devovi,
492 1313 558 1363 ut,
597 1311 633 1351 si
665 1314 708 1351 et
740 1324 788 1351 eo
821 1310 915 1364 ipso
948 1312 1140 1362 tempore
1174 1312 1216 1350 et
1249 1312 1347 1350 ante
1379 1310 1424 1350 in

86 1370 308 1410 consulatu
339 1384 433 1410 meo
467 1368 699 1410 commodis
732 1368 836 1409 meis
870 1368 1080 1421 omnibus,
1111 1368 1424 1422 emolumentis,

84 1427 284 1482 praemiis
310 1427 625 1481 praetermissis
652 1441 762 1480 cura,
795 1425 1068 1481 cogitatione,
1100 1426 1262 1480 vigiliis
1290 1426 1424 1467 omni-

85 1487 164 1528 bus
204 1486 311 1526 nihil
349 1486 431 1526 nisi
470 1486 520 1526 de
558 1486 694 1526 salute
734 1499 924 1526 meorum
957 1484 1111 1526 civium
1144 1484 1423 1538 laborassem,

84 1549 177 1587 tum
216 1544 321 1586 mihi
359 1559 404 1585 re
442 1544 613 1599 publica
646 1543 875 1598 aliquando
908 1543 1109 1584 restituta
1141 1542 1288 1584 liceret
1319 1543 1422 1597 frui3

0 1612 1 1615 ’
31 1615 64 1641 25
85 1604 151 1645 sin
189 1605 331 1644 autem
371 1617 466 1644 mea
504 1603 682 1644 consilia
718 1603 885 1656 patriae
920 1616 1008 1642 non
1047 1600 1329 1656 profuissent,
1374 1604 1422 1642 ut

83 1664 336 1717 perpetuum
352 1661 542 1702 dolorem
562 1662 734 1702 avolsus
756 1676 780 1702 a
799 1661 904 1701 meis
926 1659 1192 1713 sustinerem,
1212 1659 1322 1701 hanc
1343 1673 1422 1714 ego

85 1721 353 1762 devotionem
387 1719 540 1773 capitis
572 1719 665 1772 mei,
698 1734 793 1760 cum
826 1733 896 1760 ero
928 1718 974 1759 in
1005 1732 1122 1758 meas
1156 1718 1276 1758 sedes
1302 1719 1422 1759 resti-

83 1783 214 1833 tutus,
233 1781 326 1819 tum
347 1778 525 1832 denique
542 1778 782 1819 convictam
797 1792 888 1818 esse
904 1780 947 1818 et
962 1777 1234 1818 commissam
1247 1777 1421 1831 putabo.

84 1837 197 1880 Nam
234 1851 345 1878 nunc
383 1836 570 1891 quidem,
607 1835 851 1888 pontifices,
887 1847 975 1875 non
1014 1834 1154 1874 solum
1193 1834 1338 1887 domo,
1371 1835 1492 1879 de145

31 1908 66 1933 30
86 1911 168 1951 qua
207 1896 445 1951 cognostiS‚
486 1895 556 1935 sed
595 1896 689 1935 tota
720 1893 823 1934 urbe
856 1906 997 1945 careo,
1034 1892 1078 1932 in
1116 1907 1244 1947 quam
1276 1892 1423 1934 videor

86 1969 176 1997 esse
208 1954 446 1995 restitutus.
500 1952 626 1994 Urbis
660 1952 774 1993 enim
806 1950 1106 1992 celeberrimae
1139 1953 1181 1992 et
1212 1951 1422 1992 maximae

83 2016 228 2069 partes
267 2013 492 2054 adversum
524 2012 628 2052 illud
660 2025 745 2052 non
778 2011 1120 2062 monumentum,
1159 2009 1231 2049 sed
1269 2009 1421 2050 vulnus

83 2072 247 2127 patriae
275 2073 542 2113 contuentur.
586 2068 719 2117 Quem
746 2083 841 2110 cum
862 2066 967 2108 mihi
988 2070 1263 2120 conspectum
1285 2070 1422 2107 morte

85 2130 221 2185 magis
262 2129 485 2171 vitandum
525 2127 856 2182 fugiendumque
897 2140 988 2167 esse
1030 2125 1228 2178 videatis,
1275 2125 1422 2178 nolite,

29 2200 63 2226 35
84 2203 261 2244 quaeso,
304 2202 416 2241 eum,
457 2187 574 2228 cuius
615 2186 753 2227 reditu
795 2184 1038 2226 restitutam
1076 2198 1165 2223 rem
1202 2183 1419 2236 publicam

82 2247 174 2288 fore
214 2245 417 2300 putastis,
455 2259 542 2286 non
582 2245 720 2286 solum
762 2243 986 2298 dignitatis
1029 2241 1306 2291 ornamentis,
1349 2241 1422 2282 sed

84 2306 212 2347 etiam
245 2303 362 2345 urbis
394 2304 559 2358 patriae
590 2317 669 2344 usu
695 2302 805 2344 velle
832 2315 922 2343 esse
949 2300 1177 2355 privatum.
1227 2298 1325 2340 Non
1352 2314 1418 2340 me
1434 2299 1489 2341 58
