1619 2542
511 105 611 141 CAP.
638 109 776 141 28-30
802 109 820 147 ἓ
848 108 995 140 77-82.
1354 103 1437 144 217

98 205 319 259 pecuniae,
357 203 474 259 pacis
508 204 824 254 ornamentum,
863 200 1099 242 subsidium
1131 200 1252 254 belli,
1289 199 1439 241 funda-

99 266 290 305 mentum
339 262 634 317 vectigalium,
691 260 892 302 horreum
940 259 1176 315 legionum,
1233 258 1440 300 solacium

100 336 293 364 annonae
326 320 530 374 disperire
562 319 814 374 patiemini?
876 318 946 359 An
977 318 1103 360 obliti
1135 317 1251 371 estis,
1285 317 1438 359 Italico

100 381 215 422 bello
255 379 424 422 amissis
464 378 615 420 ceteris
647 377 932 432 vectigalibus
971 380 1153 432 quantos
1191 376 1285 431 agri
1317 375 1439 417 Cam-

64 451 81 476 5
101 440 203 494 pani
233 438 443 480 fructibus
477 436 684 478 exercitus
719 436 939 477 alueritis‘?
971 450 1025 477 an
1055 435 1267 491 ignoratis
1299 437 1441 476 cetera

101 499 178 540 illa
210 497 439 553 magnifica
470 496 618 550 populi
646 495 829 536 Romani
861 494 1088 549 vectigalia
1118 494 1282 549 perlevi
1314 508 1440 548 saepe

100 559 318 598 momento
337 555 536 597 fortunae
555 554 831 595 inclinatione
850 553 1059 608 temporis
1080 553 1296 607 pendere?
1329 551 1440 601 Quid

99 630 178 657 nos
210 615 339 656 Asiae
377 616 547 668 portus,
586 613 687 667 quid
725 612 953 666 scriptura,
993 611 1095 666 quid
1127 611 1271 653 omnia
1302 614 1439 653 trans-

101 674 267 716 marina
293 672 520 727 vectigalia
544 671 753 713 iuvabunt
778 670 1033 712 tenuissima
1059 670 1300 724 suspicione
1321 684 1439 724 prae-

48 744 82 769 10
101 733 259 774 donum
292 734 365 773 aut
396 731 585 773 hostium
616 729 801 771 iniecta?
851 730 912 770 At
943 743 1044 771 vero
1075 729 1157 770 hoc
1189 729 1284 785 agri
1317 728 1439 770 Cam·
1467 738 1510 770 81

102 792 205 847 pani
235 790 422 845 vectigal
462 804 557 831 cum
596 789 685 830 eius
724 788 839 830 modi
878 788 948 843 sit,
986 790 1034 829 ut
1064 790 1206 828 tutum
1239 787 1354 828 domi
1385 787 1442 828 sit

104 853 146 892 et
184 849 380 892 omnibus
420 847 643 902 praesidiis
676 847 929 902 oppidorum
960 848 1150 902 tegatur,
1188 849 1281 887 tum
1305 860 1441 900 neque

103 909 228 951 bellis
258 908 463 949 infestum
494 921 572 948 nec
595 906 806 948 fructibus
832 905 998 947 varium
1025 919 1103 946 nec
1128 905 1245 947 caelo
1273 919 1321 946 30
1346 905 1441 946 1000

103 967 401 1010 calamitosum
445 980 536 1007 esse
581 965 702 1007 solet.
769 964 953 1006 Maiores
997 964 1136 1006 nostri
1172 978 1258 1005 non
1303 963 1441 1004 solum

50 1037 82 1061 15
103 1026 165 1080 id,
209 1025 321 1080 quod
363 1026 410 1067 de
454 1023 684 1078 Campanis
729 1026 946 1077 ceperant,
989 1037 1076 1064 non
1123 1022 1442 1074 imminuerunt,

103 1099 249 1126 verum
276 1084 418 1137 etiam,
451 1082 563 1137 quod
590 1082 627 1123 ei
653 1083 869 1136 tenebant,
901 1082 1055 1136 quibus
1083 1081 1213 1122 adimi
1238 1080 1329 1121 iure
1354 1094 1441 1121 non

103 1145 290 1198 poterat,
331 1144 588 1184 coemerunt.
650 1140 743 1189 Qua
780 1140 829 1182 de
867 1154 995 1182 causa
1026 1154 1103 1182 nec
1135 1139 1217 1181 duo
1250 1138 1444 1190 Gracchi,

104 1201 176 1256 qui
221 1201 271 1242 de
309 1201 447 1255 plebis
485 1200 704 1241 Romanae
743 1199 976 1241 commodis
1014 1198 1247 1254 plurimum
1285 1198 1443 1252 cogita-

104 1263 272 1314 verunt,
309 1274 385 1301 nec
424 1259 470 1300 L.
504 1258 641 1311 Sulla,
680 1258 751 1312 qui
789 1258 932 1299 omnia
970 1257 1060 1298 sine
1098 1257 1188 1298 ulla
1225 1256 1444 1311 religione,

52 1329 87 1354 20
106 1319 259 1374 quibus
291 1318 439 1371 voluit,
472 1320 536 1358 est
568 1317 809 1371 dilargitus,
841 1330 991 1371 agrum
1019 1315 1285 1369 Campanum
1317 1314 1443 1355 attin-

106 1391 204 1432 gere
243 1391 370 1418 ausus
410 1378 492 1429 est3
529 1375 682 1416 Rullus
716 1375 876 1428 extitit,
909 1374 981 1428 qui
1013 1388 1063 1415 ex
1095 1388 1144 1415 ea
1175 1373 1444 1427 possessione

106 1450 196 1477 rem
239 1435 457 1489 publicam
501 1434 762 1487 demoveret,
812 1447 861 1474 ex
906 1447 990 1486 qua
1032 1446 1110 1473 nec
1154 1430 1444 1472 Gracchorum

105 1493 350 1548 benignitas
379 1507 472 1533 eam
497 1506 575 1533 nec
601 1490 745 1532 Sullae
772 1490 1006 1532 dominatio
1034 1489 1265 1531 deiecisset.
1309 1488 1443 1537 Quem
1459 1488 1515 1529 30

108 1566 259 1607 agrum
284 1565 395 1592 nunc
421 1552 741 1604 praetereuntes
762 1552 952 1590 vestrum
972 1562 1064 1589 esse
1085 1548 1223 1589 dicitis
1245 1550 1286 1588 et
1307 1561 1445 1601 quem,

56 1621 88 1646 25
108 1625 157 1652 ea
188 1610 269 1650 iter
301 1609 373 1663 qui
403 1608 583 1661 faciunt,
616 1607 780 1649 externi
811 1607 1005 1648 homines
1031 1609 1223 1647 vestrum
1256 1620 1348 1647 esse
1375 1621 1444 1647 au-

109 1669 244 1722 diunt,
268 1668 304 1709 is
333 1682 428 1709 cum
458 1667 539 1707 erit
566 1666 726 1707 divisus
746 1663 799 1690 *ἧς
821 1680 957 1719 neque
983 1667 1124 1706 vester
1152 1679 1243 1706 esse
1269 1664 1444 1706 dicetur.

108 1727 169 1769 At
209 1727 281 1781 qui
317 1726 512 1767 homines
551 1724 858 1779 possidebunt?
920 1723 1064 1765 Primo
1109 1723 1278 1777 quidem
1316 1737 1446 1776 acres,
1471 1733 1515 1763 82

111 1785 164 1827 ad
194 1785 281 1826 vim
312 1784 521 1839 prompti,
559 1783 612 1825 ad
644 1783 895 1824 seditionem
927 1782 1083 1836 parati,
1116 1781 1205 1836 qui,
1237 1781 1365 1823 simul
1398 1796 1446 1823 30

111 1843 336 1886 decemviri
374 1841 716 1897 concrepuerint,
754 1840 910 1882 armati
946 1841 990 1881 in
1028 1840 1139 1882 cives
1180 1842 1222 1882 et
1260 1840 1447 1895 expediti

58 1913 93 1938 30
113 1902 167 1944 ad
205 1901 376 1943 caedem
415 1915 507 1942 esse
538 1900 723 1954 possint,
762 1899 912 1940 deinde
943 1899 995 1940 ad
1027 1913 1187 1953 paucos
1219 1899 1371 1952 opibus
1404 1901 1446 1939 et

113 1960 245 2014 copiis
273 1959 498 2001 adfluentis
523 1960 663 2000 totum
690 1971 839 2012 agrum
866 1956 1132 2012 Campanum
1157 1957 1309 1998 deferri
1336 1955 1446 1998 vide-

111 2018 227 2059 bitis.
283 2017 419 2059 Vobis
457 2018 638 2070 interea,
677 2016 749 2070 qui
786 2016 883 2057 illas
922 2031 946 2057 a
983 2016 1216 2057 maioribus
1253 2015 1447 2069 pulcher-

112 2076 241 2117 rimas
272 2076 547 2131 vectigalium
580 2075 689 2116 sedis
723 2074 851 2115 armis
878 2076 1026 2129 captas
1053 2073 1288 2128 accepistis,
1320 2073 1447 2127 gleba

112 2134 233 2175 nulla
252 2133 301 2174 de
320 2134 510 2188 paternis
532 2137 660 2187 atque
675 2132 801 2174 avitis
816 2133 1158 2186 possessionibus
1172 2132 1447 2185 relinquetur.

60 2204 94 2229 35
114 2193 172 2233 At
200 2195 406 2245 quantum
431 2192 627 2233 intererit
652 2192 764 2232 inter
788 2193 977 2232 vestram
1003 2194 1046 2232 et
1064 2191 1332 2245 privatorum
1353 2189 1446 2229 dili-

115 2250 322 2306 gentiam,
359 2249 563 2298 Quirites!
619 2248 726 2291 Cum
760 2263 784 2290 a
815 2249 1047 2291 maioribus
1078 2248 1240 2290 nostris
1271 2246 1316 2288 P.
1341 2247 1447 2288 Len-

114 2309 250 2362 tulus,
280 2309 318 2350 is
352 2308 423 2362 qui
454 2308 650 2363 princeps
684 2310 857 2349 senatus
886 2307 979 2359 fuit,
1009 2308 1053 2348 in
1086 2322 1135 2348 03
1166 2307 1260 2348 1003
1291 2306 1446 2346 missus
