1687 2533
345 648 407 695 M.
459 647 693 694 TULLI
742 647 1167 695 CICERONIS

86 744 336 800 ORATIO
394 745 488 798 DE
548 743 1007 800 HARUSPICUM
1069 742 1424 799 RESPONSO

170 848 240 894 IN
278 848 327 894 P.
367 846 646 894 CLODIUM
683 846 754 892 IN
794 847 1049 894 SENATU
1087 846 1347 893 HABITA.

557 1024 950 1063 ARGUMENTUM.

183 1102 272 1137 Cum
293 1102 338 1136 M.
360 1100 486 1136 Cicero
512 1101 788 1136 restitutionem
815 1113 919 1136 suam
944 1101 1151 1146 reciperata
1177 1100 1291 1136 etiam
1318 1100 1428 1135 domo

89 1161 156 1185 sua
174 1150 213 1184 in
231 1148 376 1185 Palatio
402 1148 607 1194 perfectam
626 1159 706 1183 esse
726 1150 885 1193 putaret,
911 1159 1113 1192 numquam
1137 1150 1264 1182 tamen
1284 1147 1422 1190 odium,

88 1197 188 1242 quod
218 1198 257 1231 in
282 1207 365 1231 eum
391 1197 612 1240 conceperat
636 1197 675 1232 P.
704 1195 871 1238 Clodius,
898 1196 1067 1230 cessavit.
1119 1195 1239 1238 Quam
1264 1195 1312 1230 ob
1337 1205 1426 1239 rem,

89 1256 171 1279 cum
202 1243 377 1288 prodigia
406 1243 524 1278 multa
556 1244 594 1277 in
630 1253 719 1287 agro
745 1241 953 1277 Latiniensi
984 1242 1086 1277 facta
1112 1253 1192 1277 esse
1219 1242 1430 1277 dicerentur

90 1302 207 1335 eaque
245 1290 298 1325 sic
335 1290 521 1335 explicata
558 1290 604 1324 ab
641 1289 901 1334 haruspicibus
947 1291 1087 1333 essent,
1133 1288 1240 1333 quasi
1276 1288 1430 1323 numina

90 1339 243 1373 deorum
273 1337 378 1372 laesa
409 1338 533 1371 essent
564 1347 625 1379 eo,
658 1337 756 1380 quod
786 1337 869 1370 loca
901 1346 1006 1371 sacra
1029 1347 1095 1380 pro
1121 1336 1286 1380 profanis
1312 1335 1426 1370 habe-

90 1386 227 1428 rentur,
251 1385 322 1418 hac
347 1384 412 1418 ille
438 1383 697 1428 explicatione,
725 1393 818 1427 quae
843 1384 1002 1418 fortasse
1028 1384 1074 1417 ab
1095 1393 1138 1417 eo
1157 1383 1239 1427 ipso
1261 1382 1431 1426 quaesita

92 1434 183 1476 erat,
208 1432 263 1465 ita
286 1442 373 1465 usus
400 1431 474 1474 est,
500 1433 542 1464 ut
565 1442 642 1465 rem
667 1431 715 1465 ad
742 1429 928 1465 Ciceronis
955 1431 1106 1464 domum
1131 1431 1303 1471 referret,
1335 1439 1429 1472 quae

92 1491 175 1513 cum
212 1477 396 1512 Libertati
431 1478 603 1512 dedicata
636 1477 782 1519 fuisset,
817 1478 891 1511 iam
925 1487 990 1522 pro
1026 1476 1184 1521 profana
1218 1476 1428 1510 haberetur.

92 1527 222 1570 Itaque
249 1526 286 1559 et
310 1525 430 1559 verbis
457 1524 628 1560 audiente
654 1523 789 1569 populo
816 1534 926 1568 saepe
952 1524 991 1558 in
1010 1523 1057 1560 M.
1079 1523 1240 1557 Tullium
1263 1523 1430 1557 invectus

93 1574 149 1608 est
175 1573 212 1608 et
236 1573 358 1616 ipsam
383 1572 461 1606 eius
492 1572 641 1606 domum
674 1572 836 1606 evertere
868 1570 1004 1613 voluit3
1036 1582 1058 1605 a
1082 1570 1121 1605 T.
1149 1570 1268 1604 Annio
1294 1570 1431 1604 Milone

91 1622 218 1655 tamen
243 1619 282 1653 id
305 1619 480 1663 perficere
506 1617 714 1663 prohibitus
742 1619 806 1652 est.
848 1617 949 1659 Quae
970 1628 1053 1652 cum
1073 1617 1129 1652 ita
1155 1618 1290 1659 essent,
1317 1617 1431 1651 etiam

91 1667 140 1702 M.
172 1665 315 1700 Tullius
351 1676 412 1700 eos
449 1666 600 1700 conatus
639 1665 737 1700 omni
771 1675 884 1709 opera
916 1664 1167 1709 impugnavit,
1203 1665 1241 1698 et
1276 1675 1358 1697 oum
1392 1664 1431 1698 P.

98 1713 247 1749 Clodius
291 1713 329 1746 in
373 1713 524 1755 senatu,
575 1723 656 1746 cum
706 1713 855 1746 senatus
905 1722 987 1745 cum
1031 1710 1216 1756 equitibus
1257 1708 1434 1745 Romanis

94 1762 240 1805 ageret,
289 1759 570 1804 publicanorum
620 1770 771 1793 causam
826 1758 926 1792 omni
975 1758 1086 1792 modo
1130 1758 1310 1801 impedire
1357 1758 1432 1792 stu-

94 1808 207 1850 deret,
234 1807 282 1842 M.
303 1805 428 1841 Cicero
453 1806 775 1840 vehementissime
800 1805 839 1838 in
863 1804 970 1838 illum
994 1804 1161 1840 invectus
1189 1805 1278 1849 erat,
1305 1806 1434 1839 contra

95 1865 204 1898 quem
236 1853 349 1888 etiam
379 1854 417 1888 P.
446 1852 622 1888 Servilius
654 1852 768 1886 verba
801 1852 949 1886 fecerat.
1000 1851 1090 1886 Cum
1122 1852 1249 1886 tamen
1283 1851 1435 1895 quidam

97 1903 284 1936 senatores
304 1901 516 1935 Ciceronem
542 1900 686 1945 longius
712 1909 948 1943 progressum
974 1909 1053 1933 esse
1080 1898 1269 1942 dixissent,
1295 1899 1326 1932 is
1351 1897 1434 1941 hac,

97 1958 192 1992 quae
221 1947 317 1982 infra
347 1947 503 1991 legitur,
536 1948 700 1982 oratione
732 1946 862 1980 itidem
895 1945 934 1979 in
966 1947 1095 1980 senatu
1126 1944 1257 1979 habita
1290 1945 1334 1979 de
1367 1943 1434 1978 illo

96 1993 333 2038 haruspicum
370 2005 541 2038 responso
581 1995 618 2028 et
652 1994 696 2028 de
736 1993 835 2027 omni
873 2003 982 2027 causa
1019 1992 1227 2027 accuratius
1266 1993 1436 2026 senatum

98 2041 251 2076 edocere
282 2041 405 2075 studet
436 2052 613 2085 suamque
643 2040 825 2075 rationem
858 2039 1064 2074 defendere.
1115 2039 1201 2073 Eius
1227 2038 1328 2072 modi
1354 2048 1435 2072 ora-

97 2087 236 2123 tionem
262 2087 474 2123 Ciceronem
508 2088 682 2122 habuisse
715 2097 797 2121 cum
831 2088 980 2121 auctore
1007 2085 1133 2121 Cassio
1160 2085 1277 2119 Dione
1311 2085 1435 2118 admo-

100 2135 186 2168 dum
211 2134 405 2179 probabile
432 2135 490 2177 sit,
515 2137 594 2169 tum
620 2134 728 2169 huius
754 2132 883 2177 ipsius,
913 2143 1007 2176 quae
1033 2132 1147 2168 etiam
1172 2142 1270 2165 nunc
1295 2131 1334 2165 in
1359 2142 1435 2165 ma-

98 2180 206 2215 nibus
241 2182 314 2223 est,
358 2181 534 2216 orationis
575 2181 630 2216 ita
667 2182 889 2215 mentionem
928 2179 1095 2215 fecerunt
1134 2177 1269 2212 summi
1306 2178 1436 2212 harum

97 2238 221 2263 terum
253 2226 538 2269 existimatores,
574 2228 614 2270 Q.
642 2227 821 2262 Asconius
848 2226 1031 2261 Pedianus
1062 2226 1101 2260 in
1128 2226 1203 2260 Cic.
1230 2225 1321 2259 orat.
1351 2223 1437 2258 Cor-

98 2274 287 2309 nelianam
312 2286 346 2318 p.
369 2278 422 2310 61.
445 2278 488 2309 28
510 2277 547 2309 et
566 2279 620 2309 62.
642 2278 685 2308 21
706 2274 758 2317 (P.
780 2273 830 2308 lV
850 2273 921 2308 vol.
941 2273 992 2307 III
1011 2286 1044 2318 p.
1065 2275 1145 2307 247.
1167 2275 1210 2306 22
1238 2274 1276 2306 et
1300 2274 1379 2306 248.
1402 2273 1436 2314 6)

102 2323 140 2356 et
175 2319 326 2362 Quintil.
353 2320 386 2355 V
414 2325 467 2355 11.
501 2325 562 2365 42,
600 2323 642 2356 ut
672 2321 784 2356 etiam
817 2319 980 2365 singulos
1015 2319 1093 2355 eius
1126 2317 1304 2353 orationis
1336 2317 1439 2352 locos

175 2385 246 2411 CIC.
265 2386 306 2410 11.
326 2386 350 2411 2.
1184 2380 1226 2410 33
