1619 2542
72 1385 112 1417 37

139 105 196 146 30
498 106 591 141 PRO
617 106 666 142 M.
692 106 905 142 FONTEIO
934 106 1122 142 ORATIO.

140 216 247 256 quae
287 202 469 257 insignis
508 202 607 244 huic
644 203 825 257 imperio
870 203 1039 245 macula
1075 206 1204 257 atque
1244 203 1481 259 ignominia

141 261 410 316 suscipiatur,
443 261 479 303 si
503 261 585 303 hoc
616 262 678 302 ita
710 263 924 317 perlatum
951 262 1031 303 erit
1061 262 1105 303 in
1132 261 1329 316 Galliam,
1361 277 1481 304 sena—

140 323 255 362 tores
289 320 536 374 equitesque
571 321 720 374 populi
752 320 938 362 Romani
968 335 1055 362 non
1093 321 1352 363 testimoniis
1385 321 1482 363 Gal-

140 379 291 432 lorum,
324 379 398 420 sed
430 379 557 420 minis
585 382 823 421 commotos
850 394 939 420 rem
966 379 1019 421 ad
1043 379 1216 421 illorum
1244 380 1479 422 lubidinem

140 437 360 480 iudicasse.
421 436 490 478 Ita
522 453 638 490 verO,
674 438 710 479 si
740 438 806 479 illi
837 439 997 479 bellum
1028 438 1167 480 facere
1200 439 1480 492 conabuntur,

140 496 389 538 excitandus
420 496 546 538 nobis
580 497 661 538 erit
693 497 746 538 ab
779 497 926 538 inferis
960 496 1003 539 C.
1036 497 1216 551 Marius,
1254 499 1326 552 qui
1357 497 1482 540 Indu-

141 556 324 598 tiomaro
357 555 431 596 isti
462 556 617 600 minaci
656 559 784 611 atque
818 555 1046 612 adroganti
1078 571 1156 610 par
1185 556 1231 597 in
1261 556 1377 598 bello
1410 571 1481 612 ge-

140 614 270 656 rendo
299 628 391 655 esse
417 614 565 667 possit,
592 615 839 656 excitandus
867 613 941 656 Cn.
968 615 1184 656 Domitius
1211 617 1254 656 et
1281 614 1327 663 Q.
1350 615 1481 656 Maxi-

140 688 247 725 mus,
275 673 345 728 qui
372 673 592 714 nationem
615 673 903 729 Allobrogum
930 676 973 714 et
999 674 1183 729 reliquas
1211 673 1297 715 suis
1324 674 1482 715 iterum

142 732 270 774 armis
305 732 503 773 conficiat
535 735 663 786 atque
695 733 929 787 opprimat,
962 735 1052 787 aut,
1085 732 1287 786 quoniam
1318 732 1361 773 id
1393 733 1480 787 qui-

141 792 236 832 dem
268 805 355 832 non
386 793 542 845 potest,
577 791 762 832 orandus
795 791 875 832 erit
906 791 1031 832 nobis
1064 791 1224 833 amicus
1256 805 1394 844 meus,
1425 791 1481 833 M.

140 850 394 903 Plaetorius,
425 852 474 891 ut
506 864 605 891 suos
631 864 766 892 novos
798 850 967 891 clientis
995 865 1019 891 a
1044 850 1160 891 bello
1186 850 1378 891 faciendo
1411 850 1481 891 de-

146 911 320 962 terreat,
360 911 409 949 ut
447 922 593 950 eorum
625 909 758 950 iratos
798 909 963 950 animos
998 912 1124 963 atque
1155 908 1374 950 horribilis
1406 909 1482 950 im-

141 973 266 1023 petus
299 968 558 1022 deprecetur,
590 971 675 1022 aut,
708 968 744 1009 si
768 982 856 1009 non
879 968 1052 1023 poterit,
1082 967 1138 1009 M.
1163 967 1356 1022 Fabium,
1387 968 1482 1009 sub-

141 1026 396 1081 scriptorem
441 1026 548 1079 eius,
586 1027 858 1082 rogabimus,
901 1029 950 1067 ut
981 1026 1271 1082 Allobrogum
1314 1026 1480 1068 animos

141 1085 323 1139 mitiget,
355 1085 558 1140 quoniam
591 1085 703 1140 apud
734 1085 834 1126 illos
861 1085 1092 1126 Fabiorum
1124 1100 1278 1126 nomen
1309 1089 1366 1127 est
1396 1100 1481 1126 am-

140 1144 394 1199 plissimum.
455 1143 620 1185 Volunt
656 1144 729 1185 isti
768 1146 842 1185 aut
876 1144 1110 1198 quiescere,
1150 1144 1193 1185 id
1232 1144 1345 1198 quod
1378 1144 1482 1186 victi

141 1217 190 1245 ac
222 1203 389 1244 subacti
421 1203 579 1256 solent,
616 1206 708 1256 aut,
746 1217 841 1244 cum
880 1203 1116 1256 minantur,
1153 1202 1405 1258 intellegere
1437 1217 1481 1244 se

140 1262 300 1316 populo
327 1261 522 1303 Romano
554 1275 642 1303 non
673 1264 836 1302 metum
868 1261 983 1314 belli,
1016 1261 1089 1302 sed
1121 1275 1241 1316 spem
1271 1261 1481 1316 triumphi

142 1320 393 1362 ostenderet>

230 1380 310 1431 [27]
364 1378 485 1428 Quod
523 1378 560 1420 si
596 1379 641 1420 in
682 1378 799 1433 turpi
836 1393 908 1419 reo
946 1378 1196 1433 patiendum
1233 1392 1320 1419 non
1357 1381 1480 1431 esset,

141 1441 190 1479 ut
210 1438 437 1492 quicquam
464 1437 538 1478 isti
558 1451 602 1479 se
623 1437 749 1478 minis
775 1437 1007 1492 profecisse
1031 1437 1354 1491 arbitrarentur,
1380 1437 1481 1491 quid

141 1496 381 1538 faciendum
420 1496 542 1538 vobis
582 1496 627 1537 in
665 1496 723 1538 M.
752 1495 931 1538 Fonteio
971 1495 1271 1537 arbitramini?
1308 1496 1359 1537 dc
1398 1510 1480 1550 quo

141 1555 326 1609 homine,
349 1555 520 1608 iudices,
547 1554 651 1609 (iam
672 1554 784 1597 enim
811 1553 917 1596 mihi
936 1554 1082 1595 videor
1102 1554 1182 1596 hoc
1201 1568 1333 1609 prope
1353 1568 1482 1596 causa.

143 1614 305 1655 duabus
333 1614 572 1656 actionibus
605 1616 806 1668 perorata
837 1613 990 1654 debere
1023 1611 1180 1668 dicere)
1213 1613 1262 1654 de
1289 1627 1372 1667 quo
1404 1627 1480 1654 vos

142 1673 313 1714 homine
332 1687 385 1714 ne
407 1673 461 1714 ab
487 1672 669 1714 inimicis
696 1672 866 1726 quidem
889 1672 1027 1713 ullum
1052 1672 1199 1713 fictum
1224 1672 1481 1725 probrosum

141 1746 227 1772 non
254 1731 380 1772 modo
407 1731 578 1784 crimen,
612 1731 686 1773 sed
709 1746 763 1772 ne
789 1731 1066 1773 maledictum
1093 1730 1265 1784 quidem
1287 1729 1480 1771 audistis.

141 1789 298 1844 Ecquis
325 1804 529 1844 umquam
562 1804 671 1843 reus,
702 1790 957 1844 praesertim
988 1789 1032 1830 in
1060 1788 1140 1830 hac
1171 1788 1284 1829 vitae
1313 1787 1480 1829 ratione

141 1851 336 1891 versatus
368 1849 411 1888 in
443 1848 678 1890 honoribus
703 1847 910 1902 petendis,
935 1848 980 1888 in
1004 1846 1304 1901 potestatibus,
1334 1846 1379 1886 in
1404 1846 1480 1887 im-

142 1907 271 1962 periis
299 1907 508 1962 gerendis,
541 1907 600 1948 sic
624 1910 845 1949 accusatus
880 1908 957 1960 est,
988 1909 1037 1946 ut
1066 1906 1229 1946 nullum
1262 1905 1479 1959 probrum,

142 1966 309 2007 nullum
333 1964 510 2019 facinus,
541 1966 662 2006 nulla
686 1965 919 2020 turpitudo,
951 1978 1058 2018 quae
1084 1979 1110 2004 a
1134 1962 1322 2004 lubidine
1350 1966 1424 2004 aut
1455 1979 1480 2005 a.

142 2023 383 2080 petulantia
416 2026 491 2065 aut
522 2024 576 2064 ab
615 2023 790 2065 audacia
826 2026 930 2064 nata
967 2024 1097 2074 esset,
1135 2022 1188 2062 ab
1233 2024 1480 2063 accusatore

144 2083 400 2136 obiceretur,
444 2082 480 2123 si
521 2096 608 2123 non
651 2097 771 2135 vera,
816 2084 860 2123 at
903 2083 1015 2122 certe
1059 2081 1160 2121 ficta
1197 2094 1292 2121 cum
1336 2080 1480 2135 aliqua

143 2141 310 2183 ratione
356 2155 404 2182 ac
443 2140 713 2195 suspicione?
771 2140 856 2192 [13.
890 2137 949 2195 28]
993 2137 1049 2180 M.
1082 2137 1314 2180 Aemilium
1355 2137 1480 2181 Scau-

143 2215 249 2254 rum,
282 2214 494 2241 summum
525 2201 698 2240 nostrae
722 2197 908 2240 civitatis
940 2197 1091 2251 virum,
1122 2197 1280 2238 scimus
1313 2211 1479 2239 accusa-

142 2262 234 2300 tum
267 2273 292 2300 a
323 2258 379 2301 M.
409 2256 557 2299 Bruto.
619 2257 782 2298 Extant
812 2256 1046 2308 orationes,
1085 2269 1134 2296 ex
1172 2255 1325 2310 quibus
1357 2256 1479 2296 intel-

143 2318 230 2373 legi
262 2319 407 2371 potest
437 2316 574 2358 multa
604 2315 649 2356 in
679 2315 800 2356 illum
826 2315 967 2370 ipsum
993 2312 1197 2355 Scaurum
1230 2328 1322 2356 esse
1353 2313 1478 2367 dicta,

1501 744 1534 769 10

1501 1037 1534 1063 15

1500 1331 1534 1356 20

1500 1624 1533 1649 25

1499 1916 1533 1942 30

1497 2208 1531 2234 35
