1687 2533
80 739 112 763 10

79 1031 111 1056 15

78 1325 113 1350 20

82 1618 114 1644 25

84 1911 118 1936 30

533 99 633 137 CAP.
662 105 798 136 14—16
824 105 844 143 g
870 105 1019 136 40—46.
1387 102 1473 145 355

131 197 274 238 subito
317 200 360 238 et
397 197 550 252 exiguo
584 199 627 238 et
656 197 828 238 turbido
861 200 1052 251 tempore
1085 198 1223 240 multa
1255 198 1474 253 divinitus,

130 256 193 297 ita
223 258 272 297 ut
304 255 408 309 dixi,
445 269 531 297 non
563 270 658 297 mea
690 258 841 310 sponte
873 256 1057 311 providi,
1096 257 1285 310 primum
1315 272 1368 298 ne
1401 258 1475 312 qui

130 317 278 368 posset
322 317 492 356 tantum
538 317 612 355 aut
654 314 704 356 de
751 315 812 356 rei
853 315 1049 370 publicae
1090 318 1165 357 aut
1203 316 1253 357 de
1292 316 1472 357 alicuius

130 373 320 428 periculo
363 373 625 427 meminisse,
671 377 879 427 quantum
924 374 1069 428 vellet,
1114 375 1264 416 deinde
1308 389 1362 416 116
1406 375 1474 416 6111

132 432 281 474 liceret
306 446 511 486 umquam
536 432 845 486 reprehendere
865 433 971 474 illud
991 433 1195 475 indicium
1217 436 1291 475 aut
1310 436 1473 475 temere

133 491 342 533 creditum
375 491 610 544 criminari3
649 493 869 545 postremo
900 506 954 532 ne
989 492 1090 546 quid
1120 492 1206 534 iam
1239 508 1264 534 a
1296 507 1380 545 me,
1420 507 1474 533 ne

131 550 232 604 quid
259 565 309 591 ex
336 550 441 591 meis
468 550 786 591 commentariis
814 553 1100 605 quaereretur,
1132 566 1185 592 ne
1211 554 1286 592 aut
1312 551 1473 592 oblivio

131 623 226 650 mea
270 611 344 649 aut
388 608 594 649 memoria
635 608 768 649 nimia
816 609 1048 663 videretur,
1091 624 1143 650 ne
1182 610 1362 664 denique
1401 612 1475 651 aut

130 667 407 722 neglegentia
452 667 593 722 turpis
637 670 709 708 aut
754 667 978 723 diligentia
1017 668 1198 709 crudelis
1236 671 1473 722 putaretur.

133 725 215 768 Sed
247 729 392 767 tamen
424 726 501 767 abs
532 729 592 780 te,
631 725 865 780 Torquate,
904 741 1078 780 quaero:
1121 725 1227 768 Cum
1258 727 1472 769 indicatus

132 788 232 826 tuus
265 787 378 826 esset
408 784 605 826 inimicus
638 788 679 826 et
711 788 824 826 esset
856 785 944 826 eius
977 786 1038 826 rei
1069 785 1270 840 frequens
1298 789 1472 827 senatus

132 847 175 885 et
205 858 351 885 recens
378 844 585 885 memoria
610 844 735 885 testis
762 843 929 897 tibique,
960 843 1055 885 meo
1081 844 1284 885 familiari
1311 848 1352 885 et
1379 859 1474 886 6011-

130 902 359 956 tubernali,
390 902 508 956 prius
542 902 673 944 etiam
705 902 860 944 edituri
892 902 1096 945 indicium
1122 903 1284 944 fuerint
1310 904 1474 945 scribae

131 962 232 1014 mei,
270 961 306 1002 si
337 961 566 1015 voluisses,
606 976 734 1015 quam
765 962 811 1002 in
843 961 1030 1003 codicem
1062 963 1346 1016 rettulissent,
1378 977 1473 1004 611111

131 1020 295 1062 videres
340 1020 465 1061 aliter
508 1020 676 1073 referri,
727 1035 800 1062 cur
843 1020 1034 1073 tacuisti,
1083 1035 1236 1075 passus
1282 1035 1343 1075 es,
1386 1035 1475 1062 non

131 1093 296 1120 mecum
329 1081 404 1119 aut
436 1093 531 1120 cum
562 1078 768 1120 familiari
800 1094 894 1120 meo
928 1082 1104 1134 questus
1139 1094 1181 1121 es
1215 1082 1309 1133 aut,
1343 1094 1473 1134 quon-

131 1139 217 1179 iam
262 1140 351 1178 tam
394 1137 519 1179 facile
557 1138 771 1179 inveheris
801 1138 847 1179 in
891 1138 1071 1191 61111608,
1117 1138 1361 1179 iracundius
1401 1141 1475 1180 aut

131 1196 426 1238 vehementius
454 1197 770 1251 expostulasti?
809 1196 886 1250 Tu,
912 1211 1006 1238 611111
1032 1199 1108 1238 tua
1133 1212 1215 1238 vox
1240 1211 1474 1251 numquam

132 1257 189 1297 sit
233 1255 395 1309 audita,
445 1270 540 1296 cum
583 1255 739 1296 indicio
784 1256 916 1309 lecto,
967 1255 1200 1310 descripto,
1251 1255 1473 1311 divulgato

132 1315 360 1369 quieveris,
396 1314 600 1367 tacueris,
639 1316 813 1367 repente
844 1316 1011 1354 tantam
1043 1328 1133 1355 rem
1166 1314 1398 1355 ementiare
1431 1316 1473 1355 et

131 1374 177 1414 in
209 1387 304 1414 611111
336 1373 478 1413 10611111
510 1375 552 1413 te
585 1372 779 1426 deducas,
810 1375 858 1413 ut
890 1375 1000 1425 ante,
1033 1387 1161 1426 quam
1193 1386 1259 1412 me
1287 1386 1473 1413 commu-

132 1431 214 1472 tati
258 1430 404 1471 indicii
441 1431 703 1485 coargueris,
746 1433 789 1471 te
829 1444 1019 1471 summae
1057 1431 1360 1486 neglegentiae
1398 1433 1473 1471 tuo

132 1489 288 1531 iudicio
321 1489 563 1530 convictum
596 1503 687 1530 esse
718 1488 910 1530 fateare?

222 1547 330 1588 Mihi
383 1547 632 1601 cuiusquam
683 1547 798 1588 salus
848 1547 959 1587 tanti
1009 1546 1181 1600 fuisset,
1236 1549 1284 1588 ut
1333 1561 1471 1588 meam
1490 1535 1543 1592 If}

133 1606 433 1661 neglegerem‘?
465 1620 541 1660 per
572 1620 639 1646 me
672 1619 750 1659 ego
782 1606 1007 1647 veritatem
1033 1605 1296 1660 patefactam
1329 1609 1472 1647 conta-

135 1666 343 1706 minarem
388 1664 529 1718 aliquo
574 1664 824 1706 mendacio?
873 1678 1129 1718 quemquam
1175 1664 1354 1718 denique
1393 1679 1472 1720 ego

134 1725 343 1777 iuvarem,
381 1738 406 1764 a
444 1737 525 1776 quo
565 1725 607 1763 et
638 1726 730 1764 tam
761 1722 941 1764 crudelis
973 1722 1150 1764 insidias
1182 1723 1244 1764 rei
1274 1723 1472 1778 publicae

135 1783 271 1824 factas
310 1784 352 1824 et
390 1796 457 1822 me
495 1782 770 1835 potissimum
810 1781 982 1822 consule
1019 1782 1244 1835 putarem?
1313 1780 1474 1830 Quodsi

136 1843 223 1883 iam
268 1855 404 1882 essem
450 1840 610 1881 oblitus
659 1839 899 1881 severitatis
944 1842 987 1881 et
1030 1840 1297 1881 constantiae
1341 1855 1473 1894 meae,

136 1903 278 1941 tamne
313 1913 458 1940 amens
486 1913 613 1951 eram,
638 1900 701 1952 ut,
734 1913 828 1939 cum
854 1899 1025 1939 litterae
1050 1899 1319 1952 posteritatis
1345 1913 1474 1940 causa

137 1960 329 2013 repertae
374 1958 477 2011 sint,
521 1971 628 2012 quae
673 1956 861 1998 subsidio
906 1957 1112 1998 oblivioni
1153 1971 1244 1999 esse
1284 1959 1472 2012 possent,

138 2030 217 2072 ego
248 2019 460 2058 recentem
491 2019 688 2070 putarem
715 2015 963 2056 memoriam
991 2016 1134 2057 cuncti
1160 2018 1334 2057 senatus
1360 2030 1468 2056 com-

138 2076 347 2117 mentario
379 2089 472 2116 meo
498 2089 625 2129 posse
653 2074 872 2129 superari?
916 2073 1023 2116 Fero
1051 2087 1130 2128 ego
1157 2078 1212 2128 te,
1244 2074 1469 2128 Torquate.

138 2133 225 2174 iam
257 2133 425 2185 dudum,
456 2133 546 2174 fero
580 2135 623 2174 et
652 2148 738 2174 non
767 2147 1000 2187 numquam
1032 2134 1223 2174 animum
1248 2132 1474 2174 incitatum

87 2203 121 2228 25
141 2192 192 2233 ad
236 2191 523 2233 ulciscendam
568 2192 805 2233 orationem
847 2194 966 2233 tuam
1009 2206 1161 2233 revoco
1200 2191 1291 2246 ipse
1330 2193 1373 2232 et
1409 2205 1472 2231 re-

140 2251 276 2304 flecto,
307 2250 511 2304 permitto
544 2250 706 2304 aliquid
735 2250 977 2291 iracundiae
1008 2253 1119 2304 tuae,
1151 2250 1203 2291 do
1231 2249 1472 2290 adulescen-

140 2309 244 2362 tiae,
288 2308 388 2349 cedo
427 2308 656 2362 amicitiae,
700 2308 843 2350 tribuo
881 2309 1060 2363 parenti.
1130 2307 1228 2361 Sed,
1271 2308 1354 2348 nisi
1390 2307 1474 2348 tibi

1192 2376 1262 2410 ‘23²³‘

1500 739 1545 770 44

1499 1588 1543 1616 40

1499 2085 1542 2115 46
