1619 2542
163 95 246 137 108
515 94 608 129 PRO
636 93 677 128 A.
705 93 946 130 CLUENTIO
974 93 1159 131 ORATIO.

161 191 303 246 Atque
346 194 395 232 ut
434 190 699 245 intellegatis
740 191 792 231 iis
835 193 1080 232 accusatum
1119 205 1210 232 esse
1251 191 1498 233 criminibus

162 250 463 305 Oppianicum,
507 253 555 290 ut
596 264 732 303 neque
771 252 994 290 accusator
1036 250 1186 290 timere
1230 264 1366 304 neque
1402 264 1498 291 reus

162 323 334 363 sperare
379 309 590 362 debuerit,
634 322 769 362 pauca
805 308 929 349 vobis
973 308 1091 349 illius
1136 308 1279 350 iudicii
1322 308 1499 350 crimina

162 382 394 422 exponam,
439 367 591 422 quibus
643 366 827 421 cognitis
873 381 998 407 nemo
1040 369 1230 408 vestrum
1274 367 1500 408 mirabitur

162 427 282 467 illum
327 426 589 467 diffidentem
635 425 761 466 rebus
807 425 893 466 suis
932 425 984 466 ad
1023 423 1242 467 Staienum
1281 428 1409 480 atque
1448 426 1499 468 ad
1519 437 1535 463 5

162 485 387 539 pecuniam
421 484 676 539 confugisse.

92 557 131 587 21
251 543 430 584 Larinas
475 542 683 596 quaedam
727 541 810 583 fuit
852 541 1034 597 Dinaea,
1079 557 1223 584 socrus
1262 542 1501 598 Oppianici,

165 617 271 656 quae
303 602 416 642 filios
449 601 602 642 habuit
633 601 687 642 M.
717 603 758 642 et
790 599 840 641 N.
868 600 1025 642 Aurios
1059 604 1100 642 et
1133 601 1208 643 Cn.
1233 601 1426 657 Magium
1459 605 1501 643 et

160 661 296 701 filiam
328 660 521 715 Magiam
551 662 732 714 nuptam
771 658 1016 713 Oppianico.
1072 659 1128 701 M.
1161 659 1320 701 Aurius
1359 661 1500 702 adule-

163 719 378 760 scentulus
423 719 538 760 bello
575 717 728 759 Italico
774 721 923 771 captus
972 718 1084 773 apud
1121 718 1328 760 Asculum
1371 720 1417 760 in
1455 719 1556 768 Q.1o

163 776 285 831 Sergi
317 778 554 830 senatoris,
587 777 675 817 eius
709 777 782 831 qui
814 778 925 817 inter
957 777 1132 818 sicarios
1166 777 1393 819 damnatus
1426 782 1503 832 est,

162 851 314 877 manus
338 836 489 877 incidit
515 838 557 877 et
584 835 694 890 apud
722 850 818 876 eum
843 836 889 876 in
915 836 1134 891 ergastulo
1160 835 1253 877 fuit.
1292 835 1343 877 N.
1359 839 1503 877 autem

162 895 337 946 Aurius,
368 894 503 935 frater
536 894 638 947 eius,
670 897 863 935 mortuus
897 897 962 935 est
994 894 1275 949 heredemque
1307 893 1380 936 Cn.
1412 894 1503 936 Ma-

164 954 282 1009 gium
314 953 494 994 fratrem
525 953 712 1007 reliquit.
755 952 912 994 Postea
942 952 1097 1008 Magia,
1129 968 1236 995 uxor
1268 952 1502 1007 Oppianici,

163 1015 334 1053 mortua
366 1014 443 1053 est.
480 1011 716 1065 Postremo,
741 1026 849 1052 unus
883 1012 954 1066 qui
979 1012 1168 1066 reliquus
1195 1014 1287 1052 erat
1313 1012 1501 1053 Dinaeae
1522 1023 1555 1050 15

162 1071 295 1124 filius,
346 1069 421 1111 Cn.
460 1070 630 1125 Magius
680 1073 745 1111 est
795 1074 1001 1112 mortuus.
1074 1069 1116 1111 Is
1160 1070 1359 1111 heredem
1402 1071 1504 1112 fecit

163 1129 287 1170 illum
325 1129 639 1170 adulescentem
680 1128 981 1183 Oppianicum,
1023 1129 1182 1170 sororis
1221 1143 1321 1170 suae
1357 1129 1504 1182 filium,

165 1202 344 1241 eumque
369 1188 521 1242 partiri
547 1202 641 1228 cum
662 1186 826 1228 Dinaea
851 1189 988 1228 matre
1014 1188 1151 1228 iussit.
1188 1187 1369 1228 Interim
1388 1188 1504 1229 venit

164 1246 290 1287 index
323 1246 375 1286 ad
401 1245 613 1286 Dinaeam
644 1260 779 1300 neque
806 1245 1010 1286 obscurus
1037 1260 1172 1299 neque
1198 1246 1398 1297 incertus,
1431 1246 1503 1300 qui

165 1304 384 1345 nuntiaret
415 1305 454 1345 ei
486 1305 623 1345 filium
656 1305 758 1358 eius,
789 1303 844 1345 M.
868 1305 1057 1358 Aurium,
1088 1305 1231 1345 vivere
1258 1306 1300 1345 et
1326 1305 1371 1345 in
1397 1319 1501 1360 agro
1523 1317 1558 1342 Σο

120 1382 127 1388 ·
167 1363 332 1404 Gallico
366 1377 458 1404 esse
490 1364 533 1404 in
566 1363 781 1404 servitute.
829 1362 995 1416 Mulier,
1028 1363 1197 1404 amissis
1229 1363 1377 1404 liberis
1409 1377 1502 1404 cum

166 1423 290 1462 unius
341 1421 607 1476 reciperandi
650 1422 729 1461 filii
773 1435 870 1475 spes
915 1424 1028 1462 esset
1079 1423 1311 1472 ostentata,
1357 1436 1503 1463 omnes

168 1495 266 1521 suos
299 1481 564 1534 propinquos
596 1480 757 1534 filiique
790 1480 855 1520 sui
885 1481 1147 1521 necessarios
1180 1480 1430 1522 convocavit
1461 1483 1506 1521 et

166 1539 220 1580 ab
254 1539 312 1579 eis
346 1539 450 1580 flens
484 1539 655 1593 petivit,
693 1542 740 1579 ut
783 1538 1005 1593 negotium
1044 1539 1324 1593 susciperent,
1363 1538 1504 1579 adule-

167 1600 355 1638 scentem
399 1597 727 1652 investigarent,
772 1597 854 1638 sibi
897 1597 1173 1638 restituerent
1217 1612 1313 1638 eum
1356 1597 1557 1651 filium,25

168 1670 292 1710 quem
334 1658 479 1696 tamen
516 1671 647 1696 unum
689 1670 740 1696 ex
778 1655 925 1696 multis
963 1655 1139 1697 fortuna
1170 1656 1382 1710 reliquum
1413 1670 1504 1696 esse

167 1714 386 1754 voluisset.
467 1714 585 1756 Haec
639 1729 735 1755 cum
787 1728 912 1769 agere
960 1714 1236 1768 instituisset,
1299 1728 1504 1768 oppressa

167 1772 317 1813 morbo
361 1774 435 1813 est.
498 1772 649 1826 Itaque
687 1774 995 1814 testamentum
1032 1772 1134 1814 fecit
1166 1773 1254 1813 eius
1287 1772 1419 1825 modi,
1456 1774 1504 1813 ut

167 1831 233 1871 illi
270 1830 358 1871 filio
398 1830 469 1871 HS
503 1842 616 1872 CCCC
654 1831 773 1871 milia
814 1831 995 1886 legaret,
1033 1831 1230 1872 heredem
1260 1830 1505 1871 institueret

169 1888 346 1929 eundem
382 1888 506 1929 illum
539 1889 838 1943 Oppianicum,
875 1893 1074 1943 nepotem
1114 1903 1254 1942 suum,
1292 1891 1419 1942 atque
1451 1889 1503 1930 iis
1524 1901 1559 1926 30

170 1947 317 1988 diebus
350 1947 495 1999 paucis
523 1951 588 1988 est
614 1951 792 1989 mortua.
842 1947 1076 2001 Propinqui
1101 1950 1243 1987 tamen
1270 1947 1345 1999 illi,
1379 1962 1505 2001 quem

170 2006 222 2046 ad
263 2005 434 2046 modum
467 2005 564 2046 viva
596 2005 761 2047 Dinaea
797 2006 1090 2058 instituerant,
1128 2006 1190 2045 ita
1230 2008 1399 2047 mortua
1428 2006 1505 2047 illa

171 2064 223 2105 ad
260 2063 608 2118 investigandum
641 2064 696 2105 M.
729 2064 911 2105 Aurium
950 2078 1044 2105 cum
1083 2063 1230 2104 eodem
1261 2064 1336 2105 illo
1368 2064 1504 2106 indice

95 1375 114 1405 ιο

121 1375 138 1405 ι»)

118 2109 142 2149 8

112 2160 153 2190 ‘³3
170 2123 213 2163 in
245 2136 398 2177 agrum
425 2121 637 2163 Gallicum
669 2122 850 2176 profecti
875 2124 985 2163 sunt.
1027 2121 1209 2162 Interim
1235 2121 1504 2177 Oppianicus,

113 2180 130 2189 “
170 2184 218 2221 ut
258 2183 367 2231 erat,
411 2180 536 2221 sicuti
575 2194 623 2221 ex
661 2181 810 2221 multis
850 2181 977 2222 rebus
1015 2180 1251 2234 reperietis,
1297 2181 1504 2235 singulari
1525 2192 1558 2217 35

171 2239 327 2280 scelere
360 2241 402 2280 et
435 2238 628 2291 audacia,
663 2254 738 2292 per
771 2239 979 2294 quendam
1012 2238 1294 2292 Gallicanum,
1324 2239 1504 2280 familia-

169 2313 259 2338 rem
298 2312 440 2351 suum,
483 2297 667 2351 primum
706 2297 830 2338 illum
868 2297 1050 2338 indicem
1089 2298 1268 2351 pecunia
1305 2297 1506 2352 corrupit,
