1619 2542
160 127 246 168 228
468 124 530 159 DE
556 122 680 158 LEGE
707 121 922 157 AGRARIA
947 121 1127 157 ORATIO
1154 121 1217 156 III.

160 224 278 265 tione
304 222 607 278 praebuerunt,
638 220 684 261 in
715 219 826 260 hanc
858 217 1102 259 contionem
1133 217 1240 258 mihi
1271 217 1503 258 rettulisse.

162 282 300 331 Quare
338 296 363 322 a
399 281 539 332 vobis,
579 279 650 333 qui
687 278 796 319 1111111
834 277 883 317 de
923 291 990 317 me
1028 275 1285 329 credidistis,
1322 278 1371 316 ut
1409 290 1504 316 eam

164 342 446 387 voluntatem,
473 353 601 392 quam
622 351 787 390 semper
806 335 1020 376 habuistis
1042 349 1146 390 erga
1165 349 1244 387 me,
1269 334 1504 389 retineatis,

164 403 285 454 peto,
329 414 354 440 a
397 398 519 439 vobis
547 399 725 448 -autem,
773 409 878 448 quos
922 393 1074 434 leviter
1117 393 1369 434 immutatos
1413 407 1505 433 esse

164 459 321 509 sentio,
357 471 534 510 parvam
567 455 710 509 exigui
741 452 949 507 temporis
980 467 1155 493 usuram
1187 452 1325 493 bonae
1357 451 1407 492 de
1438 465 1506 492 me
1526 463 1541 488 5

165 516 379 571 opinionis
411 515 596 569 postulo,
628 516 676 553 ut
709 527 815 565 eam,
848 512 898 564 si,
930 525 1037 566 quae
1070 511 1227 563 dixero,
1260 509 1384 551 vobis
1410 524 1506 563 pro-

164 576 290 628 babo,
322 576 527 628 perpetuo
562 571 804 624 retineatis3
836 570 902 610 sin
934 570 1072 622 aliter,
1103 569 1185 610 hoc
1215 569 1309 623 ipso
1336 569 1382 609 in
1412 570 1506 610 loco

119 646 139 675 3
167 633 405 688 depositam
439 635 566 686 atque
600 630 812 672 abiectam
844 628 1110 682 relinquatis
1161 626 1376 682 Completi
1408 629 1508 668 sunt

168 692 299 733 animi
344 705 551 744 auresque
596 692 781 742 vestrae,
827 686 1033 740 Quirites,
1077 701 1143 727 me
1189 686 1509 740 gratificantem

168 754 332 805 septem
363 749 557 803 tyrannis
590 748 825 801 ceterisque
859 745 1133 787 Sullanarum
1159 745 1509 800 adsignationum
1529 756 1563 781 1⁰

167 809 487 865 possessoribus
524 807 718 862 agrariae
752 806 838 860 legi
870 807 912 845 et
945 803 1177 846 commodis
1210 803 1365 844 vestris
1398 803 1509 845 obsi·
1551 815 1553 817 ’

169 871 292 909 stere.
352 867 447 908 Hoc
479 866 515 906 si
547 866 620 920 qui
651 864 933 917 crediderunt,
964 862 1072 904 illud
1103 862 1221 916 prius
1254 861 1511 903 crediderint

168 941 339 967 necesse
377 928 458 978 est,
495 925 576 965 hac
613 924 709 978 lege
749 923 935 976 agraria,
973 935 1079 975 quae
1118 921 1394 976 promulgata
1434 923 1511 974 est,

171 985 300 1026 adimi
344 984 544 1025 Sullanos
596 996 723 1036 agros
773 983 980 1034 vobisque
1031 979 1163 1021 dividi
1213 982 1287 1020 aut
1332 979 1511 1033 denique

171 1044 306 1085 minui
343 1044 612 1097 privatorum
650 1040 960 1094 possessiones,
998 1041 1046 1079 ut
1083 1038 1128 1078 in
1165 1053 1236 1079 eas
1277 1052 1352 1079 vos
1385 1037 1509 1079 dedu·
1531 1049 1564 1074 15

173 1102 340 1144 camini.
409 1100 453 1141 Si
499 1099 676 1141 ostendo
721 1113 807 1139 non
850 1097 976 1138 modo
1021 1111 1108 1137 non
1146 1096 1274 1137 adimi
1313 1097 1512 1150 cuiquam

172 1162 344 1215 glebam
384 1159 434 1200 de
467 1158 655 1199 Sullanis
695 1157 830 1211 agris,
870 1156 942 1196 sed
982 1155 1113 1196 etiam
1145 1169 1279 1210 genus
1311 1155 1354 1195 id
1386 1169 1510 1209 agro-

172 1234 268 1260 rum
294 1220 408 1259 certo
436 1217 573 1271 capite
600 1216 708 1271 legis
729 1213 1098 1269 impudentissime
1120 1213 1362 1254 confirmari
1384 1216 1512 1267 atque

174 1277 349 1328 sanciri,
380 1276 415 1317 si
448 1276 576 1316 doceo
611 1274 725 1329 agris
758 1274 829 1327 iis,
863 1273 935 1327 qui
968 1287 993 1313 a
1025 1271 1146 1313 Sulla
1181 1275 1280 1312 sunt
1312 1271 1421 1325 dati,
1453 1271 1514 1312 sic

175 1337 400 1390 diligenter
432 1334 609 1375 Rullum
642 1347 717 1373 sua
750 1333 843 1387 lege
876 1331 1114 1384 consulere,
1145 1332 1194 1370 ut
1223 1329 1349 1371 facile
1382 1345 1513 1384 appa·
1533 1343 1567 1367 20

175 1397 269 1436 reat
290 1409 383 1435 eam
403 1393 543 1447 legem
563 1407 649 1432 non
670 1407 695 1432 a
714 1394 956 1432 vestrorum
976 1388 1297 1431 commodorum
1316 1392 1514 1444 patrono,

177 1454 250 1494 sed
290 1468 315 1494 a
344 1451 475 1507 Valgi
513 1465 669 1505 genero
709 1464 801 1491 esse
834 1448 1143 1502 conscriptam,
1181 1462 1285 1488 num
1318 1447 1420 1501 quid
1451 1449 1515 1488 est

177 1526 340 1564 causae,
372 1510 573 1563 Quirites,
605 1509 708 1563 quin
733 1509 811 1549 illa
837 1506 1147 1558 criminatione,
1174 1521 1256 1560 qua
1281 1506 1326 1547 in
1351 1520 1418 1547 me
1445 1506 1515 1547 ab-

180 1574 343 1612 sentem
376 1583 477 1610 usus
505 1571 583 1621 est,
614 1582 701 1608 non
727 1567 864 1608 solum
890 1580 1040 1618 meam,
1073 1565 1147 1606 sed
1173 1565 1302 1606 etiam
1328 1567 1516 1606 vestram

180 1628 445 1683 diligentiam
477 1627 830 1681 prudentiamque
863 1624 1132 1679 despexerit?
1535 1633 1568 1659 25

127 1675 156 1755 Ξ
270 1686 408 1741 Caput
440 1689 505 1726 est
537 1686 645 1740 legis
679 1684 1071 1738 quadragesimum,
1109 1682 1160 1723 de
1191 1697 1274 1736 quo
1307 1696 1387 1736 ego
1419 1696 1516 1723 con·

183 1746 312 1797 sulto,
345 1744 550 1796 Quirites,
580 1758 716 1797 neque
749 1743 861 1796 apud
893 1757 968 1783 vos
1001 1744 1098 1782 ante
1128 1740 1211 1782 feci
1243 1740 1515 1792 mentionem,

181 1818 234 1845 ne
267 1806 341 1844 aut
370 1803 570 1843 refricare
602 1802 831 1843 obductam
856 1801 942 1841 iam
968 1800 1030 1840 rei
1054 1799 1250 1853 publicae
1275 1798 1517 1839 cicatricem

181 1862 347 1903 viderer
379 1863 453 1901 aut
485 1860 645 1914 aliquid
677 1859 939 1900 alienissimo
971 1861 1164 1911 tempore
1196 1871 1331 1898 novae
1359 1856 1517 1897 dissen-

183 1920 314 1962 sionis
353 1933 636 1971 commovere,
683 1933 819 1972 neque
857 1932 957 1959 vero
994 1930 1106 1957 nunc
1142 1915 1236 1956 ideo
1275 1915 1517 1969 disputabo,
1536 1926 1571 1951 30

185 1978 297 2033 quod
334 1977 447 2018 hunc
479 1979 639 2018 statum
671 1977 732 2017 rei
762 1976 958 2030 publicae
988 1989 1074 2015 non
1105 1987 1261 2028 magno
1294 1987 1420 2028 opere
1452 1973 1518 2014 de-

183 2036 440 2078 fendendum
482 2038 645 2089 putem,
683 2034 935 2089 praesertim
973 2032 1044 2087 qui
1081 2031 1158 2072 otii
1196 2034 1239 2072 et
1270 2031 1519 2074 concordiae

185 2099 414 2150 patronum
441 2108 507 2133 me
533 2094 577 2133 in
596 2093 709 2134 hunc
730 2108 887 2133 annum
906 2091 1064 2146 populo
1085 2089 1280 2132 Romano
1302 2091 1518 2145 professus

186 2155 280 2207 sim,
306 2153 378 2194 sed
409 2154 457 2192 ut
489 2151 663 2192 doceam
695 2152 871 2192 Rullum
902 2150 1083 2205 posthac
1113 2147 1159 2188 in
1189 2149 1242 2189 iis
1276 2149 1429 2190 saltem
1454 2151 1519 2189 ta-

187 2227 280 2254 cere
318 2211 461 2260 rebus,
500 2210 543 2250 in
581 2210 733 2262 quibus
773 2210 823 2250 de
862 2223 905 2250 se
944 2210 986 2248 et
1023 2207 1073 2248 de
1113 2207 1199 2247 suis
1231 2207 1357 2248 factis
1388 2207 1520 2248 taceri
1538 2216 1572 2242 35

140 2283 160 2313 5
187 2271 301 2312 velit.
351 2268 551 2310 Omnium
584 2267 728 2321 legum
759 2266 1072 2322 iniquissimam
1105 2265 1518 2319 dissimillimamque

187 2329 293 2384 legis
326 2341 416 2369 esse
449 2326 633 2368 arbitror
666 2340 771 2379 eam,
805 2339 932 2380 quam
963 2323 1008 2365 L.
1041 2323 1218 2365 Flaccus
1250 2325 1438 2365 interrex
1470 2323 1520 2364 de
