1687 2533
612 100 712 136 CAP.
739 104 771 144 2,
797 104 817 134 3
844 103 862 143 ς,
889 103 928 143 5,
956 104 988 135 6.
1369 101 1453 143 391

113 198 344 254 profectus.
413 197 628 239 Nimirum
668 197 795 238 etiam
834 196 914 238 hoc
951 197 1046 251 ipso
1084 196 1256 238 nomine
1296 198 1457 253 aliquid

115 290 124 298 .
146 291 152 298 .
173 257 215 298 ia
247 271 317 298 sus
338 255 417 281 *²⁴²ss

326 350 618 393 FRAGMENTA
646 360 957 392 SCHOLIASTAE
981 349 1241 392 BOBIENSIS.

205 432 286 475 Sed
319 433 355 474 si
386 446 522 487 neque
548 432 680 473 Asiae
706 431 894 473 luxuries
920 431 1259 473 infirmissimum
1287 436 1456 488 tempus

116 493 270 534 aetatis
291 490 370 516 ⁷³³⁵*

64 564 78 588 5
202 551 269 592 Ex
306 550 388 591 hoc
428 550 582 591 aetatis
621 549 757 604 gradu
797 563 840 590 se
879 548 932 590 ad
971 550 1202 591 exercitum
1236 548 1281 591 C.
1313 549 1456 592 Flacci

114 609 259 666 patrui
291 609 484 650 contulit.

204 668 418 709 Tribunus
450 666 650 708 militaris
683 681 778 708 cum
810 666 854 707 P.
888 665 1085 719 Servilio,
1124 667 1380 722 gravissimo
1414 671 1456 709 et

116 727 388 769 sanctissimo
421 726 524 779 cive,
555 725 785 780 profectus.

204 785 394 835 Quorum
426 784 703 839 amplissimis
736 783 903 826 iudiciis
937 787 1112 826 ornatus
1146 787 1346 839 quaestor
1371 785 1456 827 fac-

66 848 187 886 lotus
220 846 297 885 est.

203 902 259 944 M.
290 902 462 955 Pisone,
509 902 581 956 qui
627 916 865 957 cognomen
907 902 1175 956 frugalitatis
1219 903 1303 944 nisi
1341 917 1455 945 acce-

115 962 262 1017 pisset,
289 962 380 1016 ipse
411 961 660 1016 peperisset.

203 1020 321 1062 Idem
351 1034 508 1061 novum
540 1020 699 1060 bellum
732 1019 920 1073 suscepit
953 1021 1080 1074 atque
1113 1020 1307 1062 confecit.

202 1078 301 1120 Non
339 1078 468 1119 Asiae
511 1079 712 1131 testibus,
761 1078 834 1119 secl
873 1079 1192 1120 accusatoribus
1232 1079 1455 1120 contuber-

63 1149 96 1175 15
115 1138 285 1178 nalibus
317 1137 514 1179 traditus.
1145 1148 1150 1151 ·

201 1195 327 1237 Hunc
364 1196 499 1250 igitur
536 1196 694 1249 virum,
738 1194 877 1248 Laeli,
923 1195 1077 1250 quibus
1115 1197 1288 1238 tandem
1327 1183 1508 1244 rebus23

115 1255 368 1310 oppugnas?
413 1254 511 1295 Fuit
542 1254 587 1296 P.
620 1254 800 1295 Servilio
831 1254 1091 1308 imperatore
1123 1255 1168 1295 in
1201 1254 1349 1297 Cilicia
1381 1256 1455 1296 tri·
1482 1238 1503 1265 b

114 1313 254 1354 bunus
292 1313 497 1366 militum3
538 1328 587 1354 ea
619 1327 686 1354 res
719 1313 878 1353 siletur.
939 1313 1038 1354 Fuit
1063 1313 1119 1354 M.
1150 1313 1298 1355 Pisoni
1331 1328 1455 1367 quae-

117 1374 207 1413 stor
242 1372 288 1412 in
318 1371 549 1425 Hispania3
587 1386 669 1412 vox
708 1371 757 1411 de
796 1374 1029 1425 quaestura
1061 1372 1193 1412 missa
1224 1372 1346 1413 nulla
1378 1375 1455 1414 est.

64 1442 98 1466 20
117 1429 286 1471 Bellum
328 1428 529 1471 Cretense
573 1444 623 1470 ex
670 1443 829 1484 magna
871 1432 994 1483 parte
1033 1430 1168 1484 gessit
1205 1433 1333 1484 atque
1370 1445 1456 1472 una

119 1503 215 1529 cum
264 1502 430 1529 summo
479 1488 737 1541 imperatore
787 1488 1005 1541 sustinuit3
1055 1490 1176 1529 muta
1220 1493 1286 1530 est
1328 1489 1454 1530 huius

116 1546 324 1601 temporis
363 1547 591 1588 accusatio.
652 1545 883 1587 Praeturae
915 1546 1019 1588 iuris
1052 1546 1198 1601 dictio,
1236 1562 1303 1588 res
1335 1548 1456 1589 varia

117 1608 160 1647 et
197 1604 421 1659 multiplex
455 1605 507 1646 acl
541 1605 803 1659 suspiciones
836 1608 880 1646 et
911 1605 1170 1659 simultates,
1207 1620 1294 1647 non
1326 1606 1454 1648 attin—

118 1664 245 1718 gitur.
306 1664 366 1704 At
397 1677 498 1712 vero
535 1664 580 1704 in
617 1678 782 1704 summo
822 1666 865 1704 et
896 1663 1258 1717 periculosissimo
1290 1666 1352 1706 rei
1382 1680 1455 1719 pu-

66 1733 100 1759 25
119 1722 255 1763 blicae
304 1724 498 1776 tempore
547 1723 679 1763 etiam
728 1722 782 1762 ab
831 1721 1016 1763 inimicis
1061 1722 1209 1763 eadem
1252 1726 1455 1777 praetura

119 1780 331 1822 laudatur.
392 1782 452 1821 At
483 1795 508 1821 a
538 1781 723 1822 testibus
755 1780 951 1821 laeditur.
1012 1780 1259 1835 Antequam
1292 1782 1398 1836 dico,
1430 1797 1455 1823 a

118 1839 272 1893 quibus
305 1853 387 1893 qua
419 1853 512 1893 spe,
550 1853 634 1893 qua
664 1838 730 1892 vi,
769 1854 851 1892 qua
882 1853 927 1880 re
959 1839 1203 1894 concitatis,
1236 1855 1320 1895 qua
1351 1841 1453 1882 levi-

118 1900 221 1951 tate,
253 1912 336 1952 qua
362 1900 567 1952 egestate,
600 1912 683 1952 qua
707 1897 897 1952 perfidia,
923 1912 1007 1952 qua
1033 1899 1210 1940 audacia
1234 1899 1456 1954 praeditis,

121 1955 255 1997 dicam
299 1956 349 1997 de
387 1970 540 2011 genere
577 1955 773 1996 universo
811 1959 854 1997 et
891 1956 940 1997 de
979 1957 1223 1998 condicione
1263 1958 1454 1998 omnium

66 2025 101 2050 30
119 2016 326 2055 nostrum.
400 2015 480 2056 Per
523 2015 623 2056 deos
667 2014 952 2056 immortales!
1001 2015 1180 2069 iudices,
1230 2030 1324 2069 VOS,
1369 2030 1452 2070 quo

120 2072 245 2113 modo
277 2072 326 2126 is,
358 2073 429 2126 qui
462 2088 572 2114 anno
605 2076 703 2114 ante
729 2072 890 2114 Romae
914 2073 981 2114 ius
1007 2073 1184 2126 dixerat,
1217 2089 1327 2115 anno
1353 2077 1454 2129 post

118 2131 164 2171 in
194 2128 299 2171 Asia
328 2130 395 2172 ius
428 2132 600 2184 dixerit,
641 2146 665 2173 a
695 2132 878 2172 testibus
911 2133 1125 2186 quaeretis
1157 2132 1338 2186 ignotis,
1370 2133 1454 2186 ipS1

120 2188 361 2230 coniectura
396 2189 503 2230 nihil
534 2189 809 2231 iudicabitis?
871 2190 922 2231 In
958 2193 1049 2232 tam
1086 2191 1204 2232 varia
1235 2190 1339 2231 iuris
1373 2190 1454 2232 dic-

119 2246 236 2288 tione
273 2250 361 2288 tam
399 2248 537 2289 multa
576 2248 762 2300 decreta,
798 2250 867 2289 tot
902 2249 1125 2290 hominum
1163 2249 1453 2303 gratiosorum

68 2315 101 2341 85
121 2305 261 2346 laesae
287 2305 550 2348 voluntates!
577 2321 683 2361 quae
710 2309 776 2348 est
801 2321 1004 2362 umquam
1030 2309 1141 2349 iacta
1161 2321 1248 2348 non
1267 2307 1453 2363 suspicio
