1687 2533
230 108 316 150 492
419 107 483 143 DE
508 107 647 143 DOMO
675 107 766 142 SUA
790 106 856 141 AD
883 106 1162 142 PONTIFICES
1189 106 1378 142 ORATIO.

230 207 403 246 senatus
436 218 644 245 consensu
675 203 885 244 bonorum
919 203 1107 244 omnium
1133 217 1211 257 pro
1238 203 1376 244 salute
1401 203 1567 258 patriae

229 266 478 318 gessissem,
516 261 787 316 splendorem
825 261 966 303 verbis
1007 261 1342 317 dignitatemque
1374 263 1567 315 retinere,

229 321 482 376 praesertim
520 335 615 362 cum
652 320 756 361 mihi
797 321 870 361 uni
902 320 947 361 in
978 320 1058 362 hac
1090 335 1135 361 re
1166 320 1337 374 publica
1368 320 1565 362 audiente

230 381 389 434 populo
428 379 621 421 Romano
662 393 792 433 opera
823 393 918 419 mea
948 379 1058 420 hanc
1089 379 1237 420 urbem
1269 381 1311 419 et
1342 378 1452 421 hanc
1477 393 1565 420 rem

229 439 445 492 publicam
484 452 575 479 esse
615 438 779 478 salvam
818 437 957 478 iurato
997 437 1132 478 dicere
1162 436 1228 478 fas
1259 437 1423 479 fuisset.
1483 435 1601 478 Ex-5

230 497 412 538 tinctum
450 500 515 538 est
550 496 637 537 iam
675 495 782 537 illud
822 496 1095 537 maledictum
1134 496 1416 550 crudelitatis,
1453 496 1564 550 quod

230 570 296 596 me
339 569 426 596 non
463 558 511 596 ut
549 554 760 596 crudelem
798 557 1046 608 tyrannum,
1091 554 1163 595 sed
1202 557 1250 596 ut
1291 554 1566 596 mitissimum

229 616 450 667 parentem
489 613 679 654 omnium
718 613 873 654 civium
912 613 1064 654 studiis
1103 613 1408 667 desideratum,
1451 627 1566 667 repe·

160 684 204 715 05
231 673 371 726 titum,
405 672 657 713 arcessitum
690 671 846 713 vident.
896 671 1025 713 Aliud
1051 674 1243 713 exortum
1271 674 1351 725 est3
1383 672 1567 713 obicitur

230 731 335 772 mihi
368 745 485 772 meus
518 731 588 771 ille
621 730 842 772 discessus.
893 729 972 771 Cui
1004 744 1083 786 ego
1115 730 1281 772 crimini
1312 730 1566 785 respondere
1587 744 1620 769 ιο

232 790 320 830 sine
365 804 459 831 mea
503 789 690 830 maxima
734 789 856 830 laude
900 803 988 830 non
1031 803 1217 843 possum.
1289 787 1398 837 Quid
1441 789 1567 839 enim,

230 848 472 903 pontifices,
526 848 657 889 debeo
709 848 875 889 dicere?
924 848 1142 901 peccatine
1193 848 1451 889 conscientia
1499 862 1567 889 me

230 907 502 962 profugisse?
564 906 625 947 At
661 906 721 960 id,
760 906 871 961 quod
912 906 1017 947 mihi
1049 906 1216 947 crimini
1248 906 1446 961 dabatur,
1481 920 1567 948 non

231 965 357 1007 modo
402 968 624 1020 peccatum
669 979 755 1006 non
799 967 908 1017 erat,
954 965 1026 1006 sed
1071 968 1163 1006 erat
1201 979 1267 1006 res
1304 968 1405 1020 post
1440 968 1567 1006 natos

230 1024 424 1065 homines
468 1023 765 1078 pulcherrima.
832 1022 1040 1064 Iudicium
1079 1024 1228 1077 populi
1264 1024 1566 1078 pertimuisse?
1586 1036 1620 1062 15

231 1084 285 1123 At
317 1082 358 1123 id
390 1097 467 1123 nec
498 1082 770 1137 propositum
802 1082 938 1122 ullum
963 1081 1059 1135 fuit,
1091 1084 1145 1135 et,
1177 1082 1213 1123 si
1238 1082 1401 1136 fuisset,
1432 1082 1567 1137 dupli-

230 1143 327 1182 cata
365 1141 505 1196 gloria
543 1140 842 1181 discessissem.
908 1139 1127 1182 Bonorum
1166 1140 1269 1181 mihi
1307 1141 1567 1194 praesidium

161 1244 181 1257 n
231 1199 444 1240 defuisse?
499 1199 674 1240 Falsum
708 1201 783 1239 est.
840 1197 908 1239 Me
941 1202 1123 1240 mortem
1148 1198 1371 1241 timuisse?
1426 1199 1567 1253 Turpe

162 1244 217 1326 {fg
252 1261 327 1299 est.
388 1257 626 1298 Dicendum
658 1257 791 1312 igitur
822 1260 887 1298 est
918 1256 979 1311 id,
1011 1258 1122 1311 quod
1153 1272 1239 1299 non
1271 1257 1451 1299 dicerem
1482 1258 1566 1299 nisi

161 1300 172 1336 ζ
221 1293 420 1358 >coactus
465 1314 593 1370 (nihil
638 1316 748 1356 enim
794 1330 995 1370 umquam
1040 1316 1089 1357 de
1127 1331 1193 1357 me
1232 1316 1318 1357 dixi
1356 1317 1565 1358 sublatius
1586 1330 1621 1355 20

233 1375 529 1417 adsciscendae
561 1374 699 1415 laudis
733 1388 860 1415 causa
891 1374 1034 1429 potius
1061 1389 1189 1429 quam
1215 1374 1403 1416 criminis
1430 1375 1568 1430 depel-

230 1431 382 1489 lendi),
427 1433 519 1474 dico
563 1433 716 1488 igitur,
759 1435 802 1473 et
846 1448 972 1487 quam
1017 1447 1191 1486 possum
1229 1448 1429 1476 maxuma
1465 1448 1567 1476 voce

160 1504 205 1535 9ss
233 1492 344 1533 dico:
385 1491 492 1533 Cum
525 1491 715 1533 omnium
747 1492 1011 1545 perditorum
1045 1495 1087 1532 et
1119 1491 1438 1534 coniuratorum
1468 1493 1569 1534 inei-

232 1553 325 1592 tata
361 1551 426 1591 vis
465 1550 568 1592 duce
606 1550 778 1591 tribuno
816 1551 886 1605 pL,
918 1551 1163 1591 consulibus
1201 1551 1464 1605 auctoribus,
1499 1551 1567 1593 ad-

231 1609 346 1651 flicto
380 1612 549 1662 senatu,
584 1608 825 1663 perterritis
858 1609 1072 1663 equitibus
1107 1609 1328 1663 Romanis,
1361 1625 1566 1665 suspensa
1585 1621 1620 1648 25

232 1682 280 1709 ac
325 1668 507 1709 sollicita
550 1670 643 1709 tota
687 1667 863 1709 civitate
905 1682 992 1709 non
1034 1670 1124 1709 tam
1167 1668 1211 1709 in
1251 1683 1318 1709 me
1358 1669 1566 1724 impetum

231 1726 391 1767 faceret
423 1741 550 1780 quam
582 1740 658 1780 per
689 1741 756 1767 me
788 1726 833 1766 in
866 1726 1003 1767 omnis
1034 1726 1187 1779 bonos,
1226 1741 1292 1767 me
1323 1727 1499 1781 vidisse,
1530 1728 1567 1768 si

231 1784 440 1837 vicissem,
466 1785 605 1825 tenuis
638 1784 700 1825 rei
726 1784 923 1838 publicae
949 1784 1166 1839 reliquias,
1193 1786 1228 1825 si
1255 1786 1390 1826 victus
1417 1800 1566 1840 essem,

232 1843 374 1884 nullas
401 1842 581 1884 futuras.
631 1841 753 1891 Quod
780 1857 875 1884 cum
900 1843 1164 1895 indicassem,
1197 1843 1347 1884 deflevi
1373 1845 1565 1900 coniugis

233 1901 412 1942 miserae
432 1901 666 1954 discidium,
687 1901 920 1943 liberorum
941 1902 1258 1943 carissimorum
1280 1902 1565 1956 solitudinem,
1584 1914 1620 1939 30

232 1959 381 2001 fratris
437 1959 628 2000 absentis
685 1960 969 2001 amantissimi
1027 1962 1153 2015 atque
1209 1960 1360 2013 optimi
1409 1976 1566 2015 casum,

234 2019 398 2059 subitas
435 2018 760 2059 fundatissimae
796 2018 987 2059 familiae
1024 2019 1186 2072 ruinas,
1225 2019 1297 2059 sed
1334 2019 1400 2060 his
1434 2020 1566 2061 omni-

233 2077 313 2118 bus
358 2077 484 2118 rebus
531 2077 663 2117 vitam
709 2077 934 2131 anteposui
972 2091 1161 2118 meorum
1200 2077 1356 2119 civium
1393 2092 1566 2133 remque

232 2135 449 2189 publicam
475 2134 693 2176 concidere
719 2136 842 2176 unius
869 2135 1056 2176 discessu
1083 2150 1209 2189 quam
1230 2136 1419 2177 omnium
1439 2137 1566 2178 inter-

233 2194 296 2235 itu
328 2194 516 2235 occidere
549 2193 692 2235 malui.
754 2192 948 2247 Speravi,
986 2194 1028 2234 id
1061 2194 1173 2248 quod
1206 2194 1374 2248 accidit,
1411 2209 1477 2236 me
1508 2195 1565 2236 ia·
1585 2205 1619 2233 35

234 2255 399 2293 centem
431 2266 556 2306 posse
588 2251 695 2293 vivis
727 2251 831 2292 viris
863 2252 1047 2293 fortibus
1073 2253 1266 2306 excitari,
1300 2254 1334 2293 si
1359 2267 1444 2294 una
1470 2268 1565 2294 cum

234 2310 357 2353 bonis
407 2310 669 2365 interissem,
717 2310 835 2351 nullo
886 2310 1011 2351 modo
1059 2325 1184 2365 posse
1234 2325 1317 2354 rem
1359 2312 1567 2366 publicam
