1687 2533
499 84 599 120 CAP.
628 90 686 128 17,
716 89 757 120 18
783 89 802 128 ς
829 89 979 120 43—48.
1329 86 1416 127 475

76 181 213 236 legem
239 181 412 235 putari?
462 181 536 233 Ac,
563 181 600 223 si
624 181 705 223 hoc
731 181 781 222 de
808 196 875 223 me
901 181 1054 235 potuit,
1086 196 1213 236 quem
1239 169 1487 259 honos,((148)

77 254 202 294 quem
223 239 424 295 dignitas,
445 254 571 294 quem
591 254 730 294 causa,
750 255 874 295 quem
899 254 965 281 res
986 240 1158 295 publica
1177 242 1393 296 tuebatur,

76 298 194 341 cuius
221 298 400 353 denique
427 299 604 353 pecunia
629 313 714 340 non
735 299 1026 353 expetebatur,
1051 300 1118 341 cui
1136 299 1244 340 nihil
1267 300 1418 341 oberat

76 359 245 411 praeter
282 357 600 399 conversionem
635 360 774 398 status
807 360 849 398 et
880 358 1201 399 inclinationem
1233 373 1419 400 commu-

40 430 58 455 5
76 416 196 457 nium
221 419 475 470 temporum,
508 416 608 471 quid
634 416 807 457 tandem
834 416 1024 458 futurum
1052 419 1116 458 est
1142 417 1208 471 iis,
1234 432 1417 471 quorum

24 723 58 748 10

23 1015 57 1040 15

21 1309 58 1333 20

25 1893 60 1918 30

76 474 166 516 vita
208 478 374 516 remota
419 475 472 516 ab
510 475 671 516 honore
709 475 908 530 populari
946 478 989 516 013
1027 475 1080 516 ab
1119 475 1199 517 hac
1244 476 1419 517 inlustri

77 533 218 589 gratia
244 537 321 587 est,
353 533 555 587 pecuniae
583 536 727 574 autem
751 537 899 575 tantae
926 536 1038 587 sunt,
1064 537 1112 575 ut
1139 549 1210 576 eas
1235 534 1417 575 nimium

76 592 201 633 multi
239 595 412 647 egentes
452 593 693 647 sumptuosi
723 593 888 634 nobiles
922 593 1255 647 concupiscant?
1305 593 1417 635 Date

74 650 185 692 hanc
216 651 390 692 tribuno
422 651 479 705 pl.
499 651 720 692 licentiam
753 654 795 692 et
827 652 1056 693 intuemini
1082 653 1301 706 paulisper
1328 652 1417 693 ani-

77 709 158 750 mis
201 709 466 751 iuventutem
513 712 555 751 013
601 724 672 751 003
717 710 918 764 maxime,
962 710 1035 765 qui
1078 711 1286 752 inminere
1333 711 1418 752 iam

77 768 311 822 cupiditate
337 768 535 809 videntur
558 768 605 809 in
630 768 904 810 tribuniciam
930 772 1207 823 potestatem3
1235 770 1420 825 collegia

76 826 241 868 medius
290 827 414 868 fidius
465 827 735 868 tribunorum
785 828 842 882 pl.
881 832 975 869 tota
1024 827 1288 883 reperientur
1338 828 1419 869 1100

76 886 166 927 11110
210 886 398 938 firmato,
443 900 548 940 quae
592 889 744 927 coeant
787 886 837 927 de
874 886 1096 928 hominum
1133 887 1421 941 locupletissi-

78 959 245 985 morum
277 944 414 998 bonis,
446 944 605 999 praeda
634 945 889 999 praesertim
921 945 1123 1000 populari
1155 947 1198 986 et
1230 960 1304 1000 spe
1338 945 1422 986 lar-

78 1003 253 1057 gitionis
287 1003 444 1044 oblata.

165 1063 224 1102 At
262 1061 362 1115 quid
399 1062 501 1103 tulit
536 1063 680 1117 legum
720 1062 905 1116 scriptor
936 1062 1100 1117 peritus
1134 1066 1176 1104 et
1208 1062 1419 1104 callidus?

77 1119 286 1162 ‘VELms
318 1132 549 1174 IUBEATIS,
580 1133 637 1163 UT
669 1120 725 1162 M.
757 1121 937 1163 TULLIO
971 1133 1094 1171 AQUA
1127 1133 1188 1176 ΕΤ
1221 1132 1322 1162 IGNI
1354 1133 1420 1162 m-

77 1178 422 1220 TERDICATUR'?
474 1178 664 1233 Crudele,
690 1180 913 1234 nefarium,
937 1194 989 1221 ne
1015 1181 1061 1220 in
1086 1180 1419 1221 sceleratissimo

78 1237 246 1291 quidem
291 1237 373 1279 civi
416 1238 509 1279 sine
545 1238 702 1280 iudicio
740 1238 983 1279 ferundum!
1048 1237 1148 1280 Non
1184 1239 1306 1291 tulit,
1343 1238 1419 1280 ‘UT

77 1296 448 1337 1NTERD10ATUR.⁹
518 1297 628 1345 Quid
667 1298 799 1351 ergo?
844 1297 918 1338 ‘UT
957 1308 1282 1338 INTERDICTUM
1321 1296 1419 1338 srr.²

78 1353 112 1395 Ο
151 1369 345 1408 caenum,
387 1369 411 1396 0
450 1357 718 1409 portentum,
754 1370 778 1396 0
818 1355 975 1397 scelus!
1014 1355 1124 1396 hanc
1161 1355 1242 1396 tibi
1280 1355 1421 1409 legem

79 1411 254 1454 Clodius
281 1413 454 1467 scripsit
480 1413 744 1467 spurciorem
772 1414 922 1468 lingua
949 1428 1037 1467 sua,
1069 1416 1117 1454 ut
1142 1413 1421 1454 interdictum

79 1471 148 1525 sit,
173 1471 240 1512 cui
266 1485 352 1513 non
379 1471 435 1512 sit
460 1471 765 1513 interdictum?
810 1471 937 1513 Sexte
962 1475 1119 1525 noster,
1145 1472 1258 1513 bona
1284 1472 1420 1526 venia,

79 1529 281 1583 quoniam
325 1530 410 1571 iam
456 1529 701 1572 dialecticus
746 1544 786 1572 es
829 1534 871 1571 et
909 1531 1014 1572 haec
1053 1545 1219 1584 quoque
1258 1531 1420 1584 liguris,

44 1601 58 1626 5
80 1588 194 1642 quod
224 1587 386 1629 factum
418 1603 505 1629 non
532 1591 608 1641 est,
641 1592 688 1629 ut
715 1589 771 1630 sit
794 1588 971 1643 factum,
1002 1589 1105 1629 ferri
1131 1589 1185 1630 ad
1210 1590 1420 1644 populum

79 1648 153 1687 aut
179 1647 319 1687 verbis
347 1647 445 1688 ullis
472 1647 627 1688 sanciri
648 1650 722 1688 aut
743 1648 959 1703 suffragiis
981 1648 1226 1688 confirmari
1245 1649 1420 1701 potest‘?

78 1704 172 1747 Hoc
197 1708 246 1746 tu
273 1705 493 1760 scriptore,
518 1706 598 1747 1100
625 1706 881 1760 consiliario,
907 1706 988 1747 1100
1008 1706 1206 1748 ministro
1228 1706 1420 1748 omnium

77 1777 164 1805 non
199 1763 401 1819 bipedum
433 1765 590 1817 solum,
628 1765 701 1805 sed
734 1765 865 1805 etiam
898 1764 1207 1819 quadripedum
1239 1765 1424 1819 inpuris-

80 1822 187 1863 simo
220 1837 309 1864 rem
341 1823 558 1877 publicam
590 1823 830 1878 perdidisti3
861 1837 997 1878 neque
1030 1826 1078 1864 tu
1111 1838 1204 1865 eras
1237 1827 1328 1864 tam
1355 1838 1421 1864 ex-

80 1895 173 1922 cors
211 1883 385 1935 tamque
424 1882 614 1935 demens,
652 1884 701 1923 ut
736 1882 922 1923 nescires
962 1880 1161 1923 Clodium
1200 1896 1310 1935 0330,
1349 1882 1422 1935 qui

80 1944 228 1980 contra
260 1940 376 1995 leges
401 1939 574 1994 faceret,
608 1940 729 1994 alios,
762 1941 833 1994 qui
859 1941 976 1995 leges
1003 1941 1189 1982 scribere
1217 1941 1421 1992 solerent3

80 1997 153 2037 sed
195 2012 331 2053 neque
369 2012 516 2040 eorum
553 2013 691 2052 neque
729 2003 986 2052 ceterorum,
1030 2000 1075 2040 in
1113 1999 1266 2053 quibus
1309 2000 1422 2039 esset

80 2055 243 2109 aliquid
268 2056 512 2110 modestiae,
545 2057 796 2112 cuiusquam
823 2057 904 2098 tibi
930 2061 1123 2111 potestas
1150 2057 1252 2109 fuit3
1286 2070 1423 2110 neque

79 2115 127 2154 tu
181 2115 323 2169 legum
380 2116 663 2170 scriptoribus
713 2116 848 2157 isdem
897 2116 1080 2170 potuisti
1129 2115 1210 2167 uti,
1268 2115 1422 2168 quibus

47 2190 61 2207 a
81 2173 223 2224 ceterl,
254 2187 390 2226 neque
422 2187 599 2228 operum
632 2174 876 2216 architectis
908 2189 1044 2229 neque
1076 2173 1322 2227 pontificem
1356 2173 1425 2213 ad-

80 2229 245 2283 hibere,
284 2245 408 2284 quem
441 2232 593 2286 velles,
623 2235 843 2287 postremo
876 2247 929 2274 ne
961 2234 1005 2274 in
1036 2232 1219 2286 praedae
1252 2231 1424 2285 quidem

81 2287 283 2329 societate
311 2290 550 2344 mancipem
571 2294 646 2332 aut
665 2291 865 2346 praedem
888 2291 1087 2343 [socium]
1111 2292 1232 2330 extra
1251 2291 1424 2330 tuorum

1451 220 1485 263 6)

1444 606 1488 638 47

1447 1719 1492 1750 48
