1619 2542
172 91 228 132 92
443 91 505 125 DE
532 89 733 125 IMPERlO
755 90 826 124 CN.
839 88 1019 124 POMPEI
1045 87 1234 123 ORATlO.

103 197 146 228 51
263 186 324 228 At
349 186 464 228 enim
483 185 550 227 vir
575 185 852 238 clarissimus,
879 182 1203 225 amantissimus
1223 183 1285 224 rei
1304 182 1515 237 publicae,

173 245 329 287 vestris
381 245 597 286 beneficiis
645 242 924 298 amplissimis
975 241 1186 295 adfectus,
1232 240 1279 290 Q.
1325 240 1516 295 Catulus,

173 304 362 358 itemque
390 303 568 345 summis
595 301 857 344 ornamentis
878 300 1066 353 honoris,
1090 300 1301 353 fortunae,
1326 299 1514 353 virtutis,

173 362 335 417 ingenii
367 362 605 417 praeditus,
643 360 691 410 Q.
723 360 998 412 Hortensius,
1037 360 1090 400 ab
1122 359 1202 400 hac
1234 358 1401 400 ratione
1433 358 1515 400 dis-

176 421 379 462 sentiunt.
441 419 629 469 Quorum
668 433 746 473 ego
779 418 1081 460 auctorit-atem
1115 417 1227 471 apud
1258 431 1334 458 vos
1366 416 1513 457 multis
1533 428 1552 454 5

175 480 282 522 locis
320 479 552 534 plurimum
583 478 769 519 valuisse
810 480 853 518 et
884 477 1027 519 valere
1065 479 1261 530 oportere
1293 476 1516 528 confiteor3

176 538 250 580 sed
293 539 336 579 in
384 538 465 580 hac
509 552 654 589 causa,
703 535 878 578 tametsi
922 534 1188 589 cognoscet-is
1234 534 1514 576 auctoritates

177 597 415 639 contrarias
459 596 651 638 virorum
698 595 1034 636 fortissimorum
1079 595 1122 634 et
1165 593 1516 642 clarissimorum,

176 658 323 697 tamen
363 655 533 697 omissis
572 654 901 696 auctoritatibus
939 653 1033 707 ipsa
1068 667 1114 693 re
1155 666 1203 694 ac
1239 651 1406 692 ratione
1447 665 1515 692 ex-

178 714 343 769 quirere
375 727 602 767 possumus
635 713 873 766 veritatem,
904 715 1032 765 atque
1063 710 1145 752 hoc
1175 710 1362 763 facilius,
1403 709 1515 764 quod
1537 723 1573 747 10

178 787 229 814 ea
260 772 416 826 omnia,
448 786 556 826 quae
589 786 613 813 a
639 786 705 812 me
733 771 869 812 adhuc
896 770 1010 811 dicta
1035 772 1146 822 sunt,
1177 769 1290 810 idem
1316 768 1390 809 isti
1415 782 1516 809 vera

179 845 271 873 esse
297 831 544 883 concedunt,
571 834 613 871 et
637 829 924 871 necessarium
950 828 1111 870 bellum
1138 842 1230 869 esse
1250 830 1294 868 et
1313 840 1516 882 magnum

108 901 152 932 5-2
180 893 223 930 et
265 889 311 931 in
348 904 433 931 uno
479 888 552 930 Cn.
583 888 789 943 Pompeio
837 902 1003 929 Summa
1046 900 1137 928 esse
1182 886 1336 928 omnia.
1406 884 1517 934 Quid

178 948 312 1002 igitur
351 948 410 989 ait
441 947 725 989 Hortensius?
788 945 833 987 Si
870 946 942 987 uni
980 945 1123 987 omnia
1159 943 1386 987 tribuenda
1418 943 1516 997 sint,

179 1007 478 1062 dignissimum
524 1021 616 1048 esse
659 1005 931 1060 Pompeium,
981 1004 1055 1045 sed
1100 1003 1154 1045 ad
1196 1018 1327 1044 unum
1372 1005 1516 1044 tamen
1539 1015 1576 1042 15

179 1066 319 1107 omnia
348 1066 503 1106 deferri
528 1080 614 1106 non
641 1069 849 1118 oportere.
907 1063 1131 1105 Obsolevit
1156 1062 1242 1103 iam
1268 1061 1354 1102 ista
1379 1060 1516 1102 oratio

178 1139 223 1165 re
255 1124 392 1165 multo
426 1124 564 1179 magis
598 1138 723 1178 quam
756 1123 897 1163 verbis
928 1122 1127 1162 refutata.
1170 1119 1284 1162 Nam
1316 1123 1362 1161 tu
1392 1119 1518 1172 idem,

180 1182 226 1231 Q.
247 1182 464 1235 Hortensi,
497 1182 634 1222 multa
664 1196 742 1236 pro
774 1184 851 1222 tua
882 1194 1050 1221 summa
1080 1179 1201 1233 copia
1233 1193 1282 1220 ac
1309 1178 1518 1233 singulari

179 1241 387 1282 facultate
432 1240 597 1282 dicendi
635 1244 677 1281 et
714 1241 759 1281 in
796 1242 946 1281 senatu
985 1240 1134 1280 contra
1172 1238 1312 1278 virum
1348 1237 1517 1289 fortem,

179 1300 230 1341 A.
264 1299 513 1353 Gabinium,
553 1299 742 1353 graviter
780 1302 1013 1351 ornateque
1051 1296 1215 1347 dixisti,
1259 1310 1354 1337 cum
1392 1295 1428 1336 is
1467 1294 1516 1335 de
1538 1309 1575 1334 20

180 1373 266 1400 uno
305 1359 565 1412 imperatore
604 1360 751 1399 contra
782 1357 1018 1411 praedones
1050 1353 1347 1397 constituendo
1378 1353 1517 1407 legem

180 1418 519 1471 promulgasset,
569 1419 611 1457 et
660 1431 710 1457 ex
753 1416 833 1457 1100
881 1415 976 1468 ipso
1020 1415 1112 1455 loco
1156 1412 1372 1467 permulta
1414 1412 1518 1452 item

110 1488 153 1519 53
180 1478 330 1518 contra
361 1490 454 1516 eam
487 1475 626 1530 legem
658 1474 788 1515 verba
818 1473 966 1515 fecisti.
1012 1471 1150 1521 Quid?
1182 1474 1287 1524 tum,
1318 1484 1392 1525 per
1418 1469 1518 1510 deos

180 1534 464 1576 immortales!
497 1534 534 1575 si
565 1534 661 1587 plus
695 1532 806 1589 apud
838 1532 1045 1587 populum
1070 1531 1311 1572 Romanum
1338 1528 1519 1570 auctori-

180 1596 248 1634 tas
292 1596 367 1634 tua
411 1607 539 1646 quam
579 1593 715 1647 ipsius
759 1591 909 1645 populi
950 1589 1135 1631 Romani
1179 1589 1293 1630 salus
1338 1589 1381 1628 et
1419 1601 1518 1628 vera
1538 1595 1574 1620 25

181 1665 310 1693 causa
341 1651 566 1705 valuisset,
605 1651 729 1691 hodie
767 1650 876 1691 hanc
915 1649 1097 1704 gloriam
1131 1650 1256 1702 atque
1287 1646 1370 1687 hoc
1402 1644 1517 1686 orbis

181 1712 320 1750 terrae
366 1710 593 1763 imperium
624 1708 895 1750 teneremus?
958 1708 1027 1747 An
1057 1706 1138 1747 tibi
1169 1708 1262 1747 tum
1292 1703 1518 1758 imperium

180 1768 262 1809 hoc
294 1782 386 1808 esse
418 1768 660 1819 videbatur,
692 1782 787 1809 cum
819 1766 968 1821 populi
1000 1764 1184 1806 Romani
1216 1762 1362 1818 legati,
1394 1775 1519 1816 quae-

182 1829 321 1867 stores
370 1829 674 1880 praetoresque
724 1826 1019 1881 capiebantur,
1074 1837 1169 1865 cum
1219 1836 1269 1862 ex
1320 1820 1518 1861 omnibus

181 1884 413 1939 provinciis
455 1887 695 1926 commeatu
736 1888 778 1925 et
817 1886 987 1938 privato
1030 1885 1072 1923 et
1111 1880 1284 1935 publico
1322 1878 1519 1933 prohibe·
1538 1889 1575 1914 30

181 1943 352 1996 bamur,
389 1957 485 1984 cum
526 1944 588 1983 ita
620 1943 766 1984 clausa
796 1942 921 1983 nobis
954 1942 1076 1981 erant
1106 1938 1242 1980 maria
1274 1937 1436 1989 omnia,
1472 1938 1521 1978 ut

181 2015 319 2056 neque
363 2001 577 2055 privatam
620 2016 709 2041 rem
754 1999 1087 2042 transmarinam
1130 2010 1266 2051 neque
1303 1995 1519 2051 publicam

182 2060 268 2101 iam
301 2060 418 2101 obire
450 2060 706 2114 possemus?

114 2117 167 2157 18
273 2117 389 2167 Quae
425 2118 576 2159 civitas
610 2122 735 2158 antea
761 2131 962 2170 umquam
992 2115 1076 2156 fuit
1105 2128 1192 2154 non
1223 2114 1316 2155 dico
1345 2111 1520 2154 Atheni-

113 2167 158 2198 54
184 2177 361 2231 ensium,
387 2191 494 2230 quae
520 2176 626 2216 satis
653 2177 738 2217 late
766 2175 977 2230 quondam
1005 2186 1122 2214 mare
1147 2172 1336 2213 tenuisse
1356 2169 1522 2222 dicitur,
1540 2179 1574 2204 3⁵

182 2250 270 2277 non
295 2234 730 2290 Carthaginiensium,
763 2234 835 2287 qui
865 2231 1125 2287 permultum
1159 2231 1296 2272 classe
1323 2243 1372 2271 ac
1397 2230 1521 2269 mari-

181 2293 301 2335 timis
333 2294 461 2334 rebus
486 2293 726 2345 valuerunt,
756 2306 842 2333 non
866 2289 1144 2342 Rhodiorum,
1176 2303 1357 2344 quorum
1389 2300 1523 2340 usque
