1619 2542
561 95 661 130 CAP.
686 99 775 129 1—4
801 99 820 137 g
842 100 967 131 3—10.
1370 97 1449 138 181

200 190 295 233 Hoc
321 206 419 233 vero
447 191 564 233 cuius
592 191 707 232 modi
728 194 804 245 est,
831 192 943 246 quod
963 192 1053 234 eius
1076 193 1298 247 auctionis,
1325 208 1452 248 quam
1480 180 1506 262 ξ)

112 251 392 304 constituunt,
417 251 557 292 locum
580 250 663 290 sibi
682 251 851 291 nullum
871 251 1110 293 definiunt?
1153 251 1268 293 Nam
1295 252 1453 294 decem-

111 308 233 363 viris,
276 309 428 363 quibus
474 309 518 349 in
562 308 668 350 locis
712 309 816 363 ipsis
862 310 1076 365 videatur,
1115 311 1324 352 vendendi
1361 314 1453 366 pot-

112 370 226 408 estas
270 367 365 423 lege
402 367 677 422 permittitur.
741 366 998 410 Censoribus
1038 369 1268 424 vectigalia
1310 370 1453 412 locare

75 437 92 462 5
111 426 196 467 nisi
234 426 278 467 in
317 429 547 480 conspectu
579 425 729 480 populi
760 425 944 468 Romani
974 442 1063 469 non
1094 428 1216 482 licet,
1256 429 1324 470 his
1356 444 1453 470 ven-

112 484 208 525 dere
240 485 307 525 vel
346 485 390 526 in
427 484 589 525 ultimis
622 484 747 525 terris
780 485 957 527 licebit?
1018 486 1078 527 At
1109 487 1189 529 hoc
1222 488 1353 529 etiam
1384 503 1453 529 ne-

111 543 306 596 quissimi
343 543 537 584 homines
576 544 841 598 consumptis
879 545 1152 599 patrimoniis
1183 546 1364 601 faciunt,
1404 549 1452 588 ut

109 602 153 642 in
198 602 320 642 atriis
366 602 642 643 auctionariis
686 602 830 656 potius
869 618 997 657 quam
1037 604 1082 645 in
1118 604 1258 646 triviis
1297 608 1372 646 aut
1408 606 1452 646 111

110 661 309 715 compitis
351 660 670 714 auctionentur3
708 661 778 702 hic
808 662 1024 715 permittit
1057 677 1133 704 sua
1164 664 1259 719 lege
1292 664 1452 706 decem‘

58 731 90 755 10
110 719 224 769 viris,
256 721 316 773 ut,
348 719 392 760 in
418 719 571 773 quibus
598 719 867 761 commodum
895 721 951 761 sit
976 722 1176 776 tenebris,
1207 725 1266 776 ut,
1298 723 1339 763 in
1369 737 1453 778 qua

109 778 244 819 velint
282 778 524 831 solitudine,
561 778 675 819 bona
713 779 862 833 populi
894 779 1078 830 Romani
1110 782 1279 834 possint
1312 781 1452 823 diven-

110 836 219 878 dere.
280 836 373 878 Iam
404 837 483 878 illa
515 837 713 878 omnibus
744 837 789 878 in
819 838 1070 893 provinciis,
1109 840 1270 895 regnis,
1302 840 1450 882 liberis
1478 851 1499 882 8

108 895 280 950 populis
313 910 441 949 quam
475 896 644 949 acerba,
677 911 805 950 quam
837 896 1133 951 formidolosa,
1167 913 1295 953 quam
1328 914 1452 953 quae-

110 956 258 995 stuosa
284 954 553 996 concursatio
579 954 874 996 decemviralis
899 956 1045 997 futura
1065 956 1133 1010 sit,
1159 972 1246 998 non
1266 958 1451 999 videtis?

57 1023 88 1048 15
109 1012 409 1054 Hereditatum
442 1013 736 1054 obeundarum
767 1029 895 1055 causa
927 1015 1081 1069 quibus
1108 1030 1183 1057 vos
1210 1016 1452 1071 legationes

109 1071 302 1126 dedistis,
341 1071 413 1126 qui
452 1074 494 1112 et
532 1072 691 1126 privati
723 1075 765 1113 et
795 1073 1011 1127 privatum
1044 1074 1097 1115 ad
1131 1077 1353 1130 negotium
1386 1090 1452 1117 ex-

107 1130 250 1171 ierunt
286 1105 372 1172 non
409 1130 606 1172 maximis
640 1131 792 1186 opibus
825 1146 962 1186 neque
989 1147 1157 1174 summa
1192 1134 1450 1176 auctoritate

106 1188 310 1243 praediti,
341 1191 487 1230 tamen
519 1189 676 1230 auditis
707 1190 920 1245 profecto,
955 1206 1084 1245 quam
1117 1206 1269 1246 graves
1303 1207 1451 1235 eorum

109 1247 314 1288 adventus
354 1248 479 1289 sociis
517 1248 678 1289 nostris
717 1263 810 1290 esse
847 1250 1027 1292 soleant.
1089 1249 1227 1299 Quam
1267 1252 1321 1293 ob
1360 1267 1449 1293 rem
1477 1263 1496 1293 9

55 1316 89 1341 20
109 1306 210 1359 quid
255 1307 419 1361 putatis
466 1307 711 1362 impendere
754 1308 834 1349 hac
879 1309 974 1363 lege
1012 1309 1210 1351 omnibus
1249 1311 1450 1365 gentibus

108 1366 284 1406 terroris
318 1368 360 1406 et
392 1366 506 1418 mali,
538 1380 633 1407 cum
664 1366 957 1408 immittantur
988 1367 1034 1408 in
1066 1368 1213 1409 orbem
1239 1372 1451 1410 terrarum

110 1422 338 1464 decemviri
376 1439 542 1465 summo
581 1439 677 1466 cum
710 1425 908 1479 imperio,
941 1440 1108 1467 summa
1141 1441 1235 1467 cum
1268 1428 1451 1469 avaritia

109 1481 361 1535 infinitaque
405 1484 595 1523 omnium
638 1497 779 1524 rerum
823 1484 1086 1537 cupiditate?
1131 1499 1309 1539 quorum
1355 1500 1451 1527 cum

110 1539 318 1580 adventus
364 1554 534 1595 graves,
579 1556 673 1581 cum
712 1542 849 1583 fasces
886 1542 1174 1595 formidolosi,
1218 1546 1311 1584 tum
1348 1559 1449 1586 vero

57 1609 89 1634 20
109 1598 312 1639 1udicium
351 1613 398 1640 ac
435 1602 626 1652 potestas
666 1600 747 1639 erit
783 1615 870 1641 non
907 1600 1099 1656 ferenda3
1136 1602 1284 1643 licebit
1322 1603 1449 1657 enim,

110 1656 223 1711 quod
266 1657 498 1711 videbitur,
541 1657 759 1711 publicum
804 1658 1009 1712 iudicare,
1053 1660 1164 1714 quod
1208 1660 1449 1713 iudicarint,

109 1715 301 1757 vendere.
363 1715 510 1756 Etiam
548 1716 675 1768 illud,
713 1717 826 1770 quod
863 1717 1057 1759 homines
1096 1719 1234 1760 sancti
1271 1734 1358 1761 non
1389 1721 1450 1762 fa-

110 1774 233 1839 cient,
264 1776 313 1815 ut
343 1774 568 1828 pecuniam
595 1775 818 1828 accipiant,
849 1790 901 1816 ne
926 1777 1125 1832 vendant,
1156 1780 1299 1819 tamen
1326 1779 1369 1819 id
1394 1779 1448 1821 iis

109 1833 249 1886 ipsum
281 1847 357 1887 per
388 1833 529 1888 legem
560 1833 719 1875 licebit.
772 1833 883 1875 Hinc
914 1849 990 1876 vos
1024 1850 1129 1890 quas
1156 1836 1450 1892 spoliationes,

57 1901 92 1925 30
112 1905 217 1945 quas
249 1891 487 1957 pactiones,
526 1906 654 1946 quam
687 1892 866 1946 denique
898 1893 942 1934 in
974 1894 1171 1935 omnibus
1203 1895 1309 1937 locis
1341 1911 1448 1938 nun-

111 1949 373 1990 dinationem
405 1950 509 1991 iuris
542 1965 590 1992 ac
615 1951 884 1992 fortunarum
908 1951 1000 1993 fore
1025 1954 1218 2007 putatis?
1260 1954 1448 2009 Etenim,
1476 1967 1519 1997 10

111 2007 222 2061 quod
267 2009 481 2061 superiore
519 2010 642 2062 parte
680 2009 789 2064 legis
827 2011 1099 2063 praefinitum
1137 2012 1236 2064 fuit,
1280 1990 1448 2054 ‘SLLLA7

109 2077 167 2106 ET
193 2065 403 2108 POMPEIO
425 2067 739 2121 CONSULIBUS',
764 2068 807 2109 id
833 2083 980 2110 rursus
1006 2070 1190 2111 liberum
1214 2071 1446 2112 infinitum-

112 2138 192 2178 que
223 2124 425 2166 fecerunt.
473 2125 598 2167 Iubet
625 2127 738 2167 6111111
764 2127 933 2168 eosdem
960 2128 1220 2171 decemviros
1248 2130 1446 2171 omnibus
1473 2132 1501 2172 4

57 2193 90 2218 35
112 2182 226 2236 agris
264 2183 447 2236 publicis
485 2184 724 2239 pergrande
755 2186 941 2241 vectigal
973 2186 1213 2241 imponere,
1254 2190 1302 2228 ut
1334 2188 1447 2230 idem

110 2242 278 2294 possint
321 2244 363 2282 et
405 2242 588 2284 liberare
633 2257 777 2298 agros,
822 2258 927 2299 quos
971 2246 1241 2287 commodum
1273 2246 1348 2300 sit,
1393 2249 1447 2297 et,

110 2313 216 2353 quos
253 2299 357 2353 ipsis
390 2300 542 2355 libeat,
578 2301 810 2356 publicare.
874 2302 965 2351 Quo
997 2304 1042 2344 in
1072 2304 1228 2346 iudicio
1260 2305 1446 2359 perspici
