1687 2533
176 1365 216 1395 21

178 2329 221 2359 28

243 119 333 159 440
385 119 561 154 ORATIO
588 118 707 154 POST
732 119 953 153 REDITUM
979 118 1029 152 D:
1056 118 1248 153 SENATU
1273 118 1466 153 HABiTA.

246 215 565 269 communisque
599 214 817 269 sanguinis
843 214 958 255 facta
982 214 1248 268 virtutesque
1272 215 1500 269 revocavit,
1530 218 1580 256 ut

244 273 425 314 haberet
467 274 511 314 in
555 273 732 315 consilio
777 275 819 313 et
862 272 1039 313 fratrem
1083 273 1154 324 [ab
1191 272 1376 327 inferis],
1418 273 1579 314 socium

244 346 387 372 rerum
425 346 634 385 mearum,
679 334 721 372 et
759 331 894 372 omnis
932 330 1150 385 Metellos,
1185 331 1578 386 praestantissimos

246 390 368 444 civis,
399 405 532 444 paene
566 405 615 430 ex
647 389 889 430 Acheronte
922 390 1140 443 excitatos,
1172 390 1215 430 in
1248 389 1401 443 quibus
1432 389 1580 431 Numi-

246 449 384 490 dicum
417 449 542 489 illum
569 448 841 501 [Metellum],
872 448 989 489 cuius
1017 448 1229 502 quondam
1256 448 1307 489 de
1331 449 1473 502 patria
1499 448 1578 489 dis-

246 522 388 548 cessus
426 507 629 548 honestus
670 507 882 559 omnibus,
921 507 992 547 sed
1030 508 1249 548 luctuosus
1286 509 1432 548 tamen
1462 507 1579 548 visus

248 569 321 607 est.
366 565 517 619 Itaque
545 565 747 606 divinitus
774 566 918 606 extitit
942 580 1029 606 non
1054 565 1178 607 modo
1201 565 1353 606 salutis
1374 565 1579 618 defensor,

248 625 321 678 qui
348 627 446 664 ante
471 624 551 665 hoc
576 638 733 665 novum
759 624 1011 664 beneficium
1034 624 1174 665 fuerat
1200 624 1406 678 inimicus,
1431 639 1580 666 verum

248 683 377 723 etiam
422 682 660 737 adscriptor
705 683 928 737 dignitatis
973 697 1102 723 meae.
1171 681 1262 730 Quo
1307 683 1476 737 quidem
1512 683 1580 723 die

247 755 342 782 cum
369 756 444 782 vos
467 752 681 782 CCCCXVII
709 743 927 782 senatores
949 741 1110 794 essetis,
1135 742 1416 795 magistratus
1437 744 1579 782 autem

247 814 393 840 omnes
431 800 645 853 adessent,
685 799 885 840 dissensit
917 814 1042 853 unus,
1080 800 1116 840 is
1149 801 1219 853 qui
1252 814 1328 840 sua
1359 800 1453 854 lege
1485 814 1580 841 con-

246 858 409 899 iuratos
455 859 584 899 etiam
624 858 675 898 ab
714 858 863 898 inferis
903 858 1146 899 excitandos
1184 861 1370 912 putarat.
1436 858 1580 912 Atque

246 916 322 957 illo
357 917 421 957 die
454 932 547 958 611111
579 931 669 957 rem
695 917 912 971 publicam
939 916 1043 957 meis
1069 917 1259 957 consiliis
1286 920 1582 958 conservatam

247 975 513 1028 gravissimis
540 975 682 1015 verbis
710 978 752 1015 et
778 975 972 1028 plurimis
999 975 1278 1028 iudicassetiS,
1302 976 1414 1016 idem
1434 975 1580 1017 consul

246 1033 428 1087 curavit,
465 1037 513 1074 ut
551 1033 697 1074 eadem
739 1049 763 1074 a
793 1033 1056 1088 principibus
1089 1034 1276 1074 civitatis
1308 1035 1353 1074 in
1384 1034 1580 1075 contione

246 1096 421 1146 postero
455 1092 521 1133 die
553 1092 810 1145 dicerentur,
843 1107 935 1133 cum
970 1092 1137 1145 quidem
1169 1092 1259 1145 ipse
1287 1093 1374 1146 egit
1401 1093 1580 1133 ornatis-

249 1151 355 1191 sime
387 1164 525 1191 meam
552 1165 723 1191 causam
749 1150 1010 1204 perfecitque
1036 1153 1204 1191 astante
1231 1153 1357 1204 atque
1384 1150 1580 1192 audiente

245 1207 376 1249 Italia
413 1211 523 1262 tota,
562 1211 609 1249 ut
645 1223 770 1249 nemo
810 1209 1060 1262 cuiusquam
1092 1209 1287 1250 conducti
1320 1211 1394 1250 aut
1423 1209 1581 1263 perditi

248 1281 394 1308 vocem
433 1267 628 1308 acerbam
669 1270 795 1321 atque
832 1267 1049 1308 inimicam
1087 1267 1209 1308 bonis
1246 1270 1391 1321 posset
1423 1267 1579 1308 audire.

178 1314 230 1374 1}
247 1326 314 1366 Ad
345 1325 449 1367 haec
475 1340 560 1366 non
587 1326 712 1366 modo
740 1325 984 1366 adiumenta
1011 1326 1174 1379 salutis,
1207 1326 1279 1366 sed
1305 1326 1433 1366 etiam
1460 1341 1580 1367 orna-

247 1386 392 1424 menta
436 1384 659 1438 dignitatis
704 1399 821 1425 meae
866 1384 1032 1438 reliqua
1069 1399 1147 1425 vos
1190 1384 1300 1425 idem
1340 1384 1581 1438 addidistis3

247 1442 514 1497 decrevistis,
550 1456 603 1483 ne
641 1442 732 1496 quis
771 1443 861 1483 ulla
898 1443 1063 1484 ratione
1100 1443 1468 1497 rem*impediret;
1508 1443 1581 1497 qui

246 1500 514 1554 impedisset,
564 1515 631 1543 vos
681 1501 871 1556 graviter
914 1501 1177 1555 molesteque
1221 1502 1405 1555 laturos3
1455 1501 1580 1542 illum

247 1563 397 1600 contra
445 1574 536 1600 rem
585 1560 801 1613 publicam
847 1560 1114 1614 salutemque
1156 1560 1366 1602 bonorum
1408 1574 1579 1601 concor·

249 1618 445 1671 eliamque
479 1618 635 1659 civium
665 1617 892 1671 facturum,
924 1621 965 1659 et
996 1622 1044 1658 ut
1077 1619 1130 1659 ad
1160 1633 1235 1660 vos
1269 1619 1319 1659 de
1351 1632 1400 1660 eo
1432 1618 1579 1660 statim

247 1676 492 1729 referretur,
538 1691 687 1730 meque
731 1677 879 1730 etiam,
923 1678 958 1717 31
1003 1677 1162 1718 diutius
1206 1676 1580 1731 calumniarentur,

246 1734 384 1774 redire
422 1734 621 1775 iussistis.
690 1733 827 1782 Quid?
870 1738 918 1775 ut
957 1738 1186 1790 agerentur
1223 1736 1406 1790 gratiae,
1448 1735 1520 1790 qui
1557 1749 1580 1776 e

247 1792 489 1846 municipiis
534 1793 778 1834 venissent?
821 1793 949 1847 quid‘.>
992 1797 1039 1834 ut
1083 1794 1135 1835 ad
1177 1793 1299 1835 illam
1342 1793 1470 1846 diem,
1510 1807 1578 1834 res

248 1865 344 1892 cum
375 1850 597 1904 redissent,
628 1855 884 1906 rogarentur
915 1854 963 1892 ut
987 1852 1082 1906 pari
1108 1852 1247 1893 studio
1275 1851 1579 1893 convenirent?

248 1908 377 1963 quid?
411 1908 589 1962 denique
619 1909 694 1950 illo
728 1910 805 1962 die,
837 1925 962 1963 quem
993 1909 1038 1951 P.
1062 1909 1268 1951 Lentulus
1300 1908 1406 1950 mihi
1434 1909 1578 1950 fratri·
1598 1921 1612 1945 3

248 1982 328 2021 que
377 1981 472 2008 meo
522 1967 752 2021 liberisque
793 1968 953 2009 nostris
996 1969 1187 2009 natalem
1229 1967 1451 2009 constituit
1492 1982 1578 2009 non

248 2025 374 2067 modo
408 2025 460 2066 ad
491 2027 697 2079 nostram,
729 2041 876 2067 verum
909 2027 1038 2067 etiam
1072 2027 1124 2067 ad
1151 2025 1398 2079 sempiterni
1422 2040 1578 2067 memo-

248 2085 356 2125 riam
388 2083 606 2138 temporiS,
639 2098 721 2137 quo
756 2084 821 2124 die
853 2099 931 2126 nos
963 2084 1146 2125 comitiis
1179 2083 1439 2138 centuriatis,
1470 2098 1577 2139 quae

248 2142 430 2184 maxime
458 2142 640 2183 maiores
668 2142 840 2183 comitia
858 2143 973 2184 iusta
991 2142 1073 2184 dici
1091 2142 1322 2196 haberique
1342 2143 1579 2194 voluerunt,

1599 752 1635 777 10

1600 1044 1634 1070 15

1599 1338 1633 1362 20

1599 1629 1632 1655 25

248 2200 470 2242 arcessivit
508 2200 553 2241 in
582 2200 784 2254 patriam,
822 2203 870 2241 ut
902 2201 1072 2242 eaedem
1104 2202 1336 2254 centuriae,
1373 2215 1480 2255 quae
1510 2214 1577 2242 1116
1596 2210 1631 2237 35

248 2259 465 2301 601131116111
490 2259 689 2309 fecerant,
718 2260 984 2300 consulatum
1009 2273 1150 2300 meum
1175 2259 1503 2314 comprobarent
1525 2282 1572 2288 -

249 2333 296 2359 eo
327 2317 392 2359 die
419 2317 511 2372 quis
538 2316 641 2358 civis
666 2316 759 2370 fuit,
791 2317 862 2372 qui
886 2316 951 2358 fas
979 2331 1070 2358 esse
1094 2319 1283 2372 putaret,
1316 2331 1577 2372 quacumque
