1687 2533
234 100 320 142 496
423 100 487 135 DE
512 99 648 135 DOMO
676 100 768 136 SUA
794 101 858 135 AD
884 100 1168 138 PONTIFICES
1196 101 1385 139 ORATIO.

233 210 319 237 non
361 196 516 237 inludit
560 196 808 238 auctoritati
849 196 1002 238 horum
1044 197 1251 251 omnium,
1295 199 1367 254 qui
1406 200 1574 255 adsunt,

234 269 497 296 summorum
528 255 736 308 virorum,
773 269 860 296 non
891 258 1052 310 vestra,
1082 257 1326 311 pontifices,
1358 260 1573 313 gravitate

235 314 457 355 abutitur?
502 313 567 354 Ex
599 314 682 354 isto
717 328 790 354 ore
821 313 1042 369 religionis
1076 316 1253 357 verbum
1280 316 1472 358 excidere
1499 321 1573 359 aut

234 372 347 413 elabi
377 373 550 426 potest?
583 387 709 426 quam
742 376 790 413 tu
822 372 970 414 eodem
1003 387 1075 414 ore
1102 374 1336 416 accusando
1364 378 1572 430 senatum,

234 431 345 484 quod
373 445 515 471 severe
546 430 595 471 de
616 431 824 486 religione
846 430 1101 484 decerneret,
1127 431 1400 487 inpurissime
1419 437 1572 476 taeter·
1591 447 1607 473 5

165 476 424 558 fthimeque
456 489 642 530 violasti.
704 489 916 543 Aspicite,
953 490 1195 544 pontifices,
1227 491 1446 533 hominem
1476 493 1572 535 reli·

188 529 403 602 OOgiosum
436 550 490 601 et,
523 548 558 588 si
590 548 712 589 vobis
744 548 923 602 videtur,
957 549 1068 602 quod
1097 552 1162 590 est
1193 549 1402 591 bonorum
1433 552 1573 606 ponti-

231 607 376 660 ficum,
415 609 584 647 monete
623 621 717 647 eum
758 606 930 648 modum
964 607 1173 661 quendam
1207 623 1296 650 esse
1328 609 1571 664 religionis3

231 666 412 706 nimium
452 680 543 706 esse
587 665 931 718 superstitiosum
963 680 1049 707 non
1081 669 1290 720 oportere.
1351 666 1461 716 Quid
1491 668 1572 710 tibi

231 738 402 764 necesse
433 723 516 764 fuit
548 724 650 764 anili
682 724 1002 778 superstitione,
1039 724 1168 766 homo
1200 725 1406 780 fanatice,
1445 727 1569 769 sacri·
1591 740 1625 765 10

232 782 386 835 ficium,
419 782 530 836 quod
557 783 720 823 alienae
747 783 861 824 domi
887 783 1021 836 fieret,
1047 783 1258 825 invisere?
1293 799 1399 839 quae
1426 788 1569 827 autem

232 843 274 881 te
301 843 423 882 tanta
450 841 603 882 mentis
630 841 888 883 inbecillitas
916 841 1064 895 tenuit,
1090 845 1138 883 ut
1164 857 1248 884 non
1273 846 1448 897 putares
1469 843 1569 886 deos

233 900 338 940 satis
364 914 489 954 posse
516 900 689 954 placari,
715 900 798 941 nisi
826 900 955 941 etiam
980 900 1260 942 muliebribus
1288 902 1569 957 religionibus

231 961 273 999 te
305 958 604 1012 inplicuisses‘?
649 957 781 1006 Quem
814 973 1014 1013 umquam
1047 959 1206 1000 audisti
1237 961 1446 1002 maiorum
1478 964 1569 1003 tuo-

231 1031 338 1069 rum,
371 1018 442 1070 qui
475 1020 517 1058 et
550 1031 670 1058 sacra
700 1017 870 1071 privata
902 1018 1124 1058 coluerunt
1157 1021 1200 1059 et
1223 1019 1409 1073 publicis
1436 1034 1569 1061 sacer·
1590 1032 1622 1058 15

232 1075 360 1116 dotiis
392 1075 682 1129 praefuerunt,
715 1090 809 1116 cum
842 1076 1095 1117 sacrificium
1127 1075 1271 1118 Bonae
1304 1077 1406 1119 deae
1437 1078 1570 1132 fieret,

231 1133 508 1175 interfuisse?
571 1133 813 1187 Neminem,
851 1148 903 1175 ne
936 1135 1057 1175 illum
1090 1135 1278 1188 quidem,
1317 1137 1389 1190 qui
1421 1151 1568 1179 caecus

232 1195 297 1233 est
333 1192 485 1233 factus.
546 1191 611 1233 Ex
650 1206 732 1246 quo
771 1193 1038 1248 intellegitur
1076 1194 1212 1235 multa
1248 1194 1293 1235 in
1331 1195 1418 1236 vita
1458 1194 1568 1237 falso

231 1250 426 1291 homines
466 1250 651 1305 opinari,
696 1265 789 1292 cum
827 1251 916 1304 ille,
961 1251 1033 1306 qui
1070 1251 1178 1292 nihil
1217 1252 1382 1294 viderat
1419 1254 1568 1307 sciens,

232 1309 342 1363 quod
369 1309 489 1350 nefas
516 1313 640 1362 esset,
673 1309 836 1350 lumina
862 1309 1020 1363 amisit,
1051 1310 1189 1363 istius,
1222 1311 1294 1364 qui
1320 1325 1406 1352 non
1431 1313 1568 1353 solum
1588 1324 1622 1350 20

233 1370 424 1421 aspectu,
469 1368 541 1408 sed
586 1368 714 1409 etiam
760 1368 922 1410 incesto
965 1368 1131 1423 flagitio
1175 1372 1218 1410 et
1257 1373 1403 1424 stupro
1442 1371 1567 1412 caeri-

231 1426 396 1467 monias
428 1426 600 1480 polluit,
639 1440 776 1481 poena
809 1427 945 1468 omnis
982 1427 1201 1468 oculorum
1235 1427 1288 1469 ad
1319 1428 1568 1471 caecitatem

231 1485 386 1526 mentis
432 1488 497 1525 est
539 1499 755 1526 conversa.
822 1485 916 1527 Hoc
964 1488 1134 1527 auctore
1170 1488 1261 1528 tam
1299 1490 1434 1541 casto,
1477 1490 1568 1529 tam

231 1543 448 1598 religioso,
478 1546 569 1584 tam
597 1546 756 1597 sancto,
789 1546 877 1585 tam
904 1544 975 1598 pio
1002 1544 1196 1599 potestis,
1221 1545 1457 1600 pontifices,
1482 1561 1568 1588 non

233 1602 510 1655 commoveri,
548 1617 643 1643 cum
684 1602 770 1643 suis
809 1616 853 1643 se
886 1602 999 1644 dicat
1031 1603 1227 1644 manibus
1261 1604 1431 1645 domum
1463 1605 1566 1646 civis
1587 1615 1619 1642 25

233 1660 384 1714 optimi
423 1661 627 1701 evertisse
666 1663 708 1702 et
748 1675 840 1702 eam
872 1661 1006 1702 isdem
1038 1662 1236 1703 manibus
1268 1663 1567 1705 consecrasse?

164 1728 228 1759 106
320 1719 437 1767 Quae
476 1722 550 1760 tua
587 1719 671 1759 fuit
711 1719 1003 1761 consecratio?
1042 1719 1285 1775 eTuleram',
1310 1722 1467 1775 inquit,
1503 1721 1567 1763 ‘ut

232 1776 338 1817 mihi
370 1776 544 1818 liceret.'
608 1776 746 1825 Quid?
784 1792 871 1819 non
908 1792 1151 1832 exceperas,
1188 1783 1252 1833 ut,
1290 1779 1325 1820 si
1364 1779 1464 1833 quid
1500 1781 1566 1822 ius

230 1849 317 1876 non
350 1838 462 1876 esset
492 1837 655 1890 rogari,
692 1851 744 1877 ne
777 1839 889 1877 esset
920 1837 1154 1892 rogatum?
1214 1836 1286 1879 Ius
1318 1838 1452 1892 igitur
1483 1841 1565 1880 sta-

231 1894 361 1934 tuetis
394 1907 485 1934 esse
518 1894 641 1935 unius
674 1895 875 1949 cuiusque
907 1898 1096 1936 vestrum
1130 1895 1262 1948 sedes,
1295 1910 1402 1949 aras,
1434 1896 1566 1950 focos,
1584 1908 1618 1933 30

233 1952 332 1994 deos
372 1954 548 2006 penates
595 1953 805 1994 subiectos
851 1967 942 1994 esse
987 1953 1154 1994 libidini
1193 1954 1477 1997 tribuniciae?
1521 1956 1565 1997 in

233 2024 357 2064 quem
396 2011 574 2064 quisque
606 2025 681 2064 per
712 2011 906 2053 homines
939 2012 1175 2053 concitatos
1206 2012 1403 2066 inruerit,
1440 2028 1565 2068 quem

230 2069 394 2123 impetu
425 2068 670 2123 perculerit,
702 2069 827 2111 huius
861 2070 1032 2112 domum
1063 2084 1151 2112 non
1183 2071 1319 2112 solum
1353 2071 1564 2127 adfligere,

231 2128 342 2182 quod
381 2130 447 2169 est
477 2127 713 2181 praesentis
745 2128 935 2170 insaniae
967 2129 1088 2182 quasi
1118 2130 1388 2183 tempestatis
1420 2144 1563 2185 repen-

231 2186 358 2239 tinae,
391 2185 463 2227 sed
490 2185 619 2226 etiam
650 2185 695 2226 in
725 2189 943 2239 posterum
976 2191 1144 2241 tempus
1177 2189 1436 2242 sempiterna
1466 2189 1560 2231 reli·
1580 2197 1614 2225 35

234 2244 358 2298 gione
407 2243 625 2298 obligare?
691 2243 901 2298 Equidem
939 2245 998 2286 sic
1035 2246 1195 2300 accepi,
1238 2246 1478 2300 pontifices,
1519 2247 1562 2288 in

232 2302 511 2357 religionibus
545 2302 822 2356 suscipiendis
855 2306 982 2357 caput
1015 2317 1106 2345 esse
1137 2304 1422 2359 interpretari,
1454 2319 1561 2360 quae

161 2228 211 2268 41

164 2280 227 2310 107
