1619 2542
592 138 690 176 CAP.
718 142 832 174 8—10
857 142 875 181 g
904 142 1050 174 18-24.
1387 138 1473 180 283

136 237 309 278 maximi
345 235 507 278 factum
547 249 638 277 0330
676 235 888 288 videatur,
926 237 992 288 ut,
1030 249 1125 276 cum
1162 234 1368 276 hodierno
1406 234 1473 275 die

136 310 260 337 mane
292 309 367 349 per
398 295 539 336 forum
571 308 665 336 meo
697 294 816 335 iussu
848 297 890 335 et
921 293 1132 335 coniurati
1164 296 1206 334 et
1238 308 1385 334 eorum
1411 293 1472 335 in-

138 355 250 395 dices
275 354 320 394 in
346 354 491 395 aedem
513 352 773 394 Concordiae
800 352 1063 406 ducerentur,
1089 366 1137 393 eo
1163 353 1259 406 ipso
1280 355 1472 406 tempore

137 414 306 467 signum
338 412 626 454 statueretur?
658 410 750 460 Quo
782 411 990 453 collocato
1018 413 1148 464 atque
1175 411 1228 451 ad
1254 425 1329 452 vos
1356 425 1473 452 sena-

101 482 117 507 5
137 476 311 525 tumque
336 485 541 513 converso
568 470 712 511 omnia
740 471 800 521 [et
827 472 1000 510 senatus
1028 472 1071 510 et
1089 471 1196 523 vos],
1222 484 1329 524 quae
1351 472 1472 510 erant

137 533 286 572 contra
305 530 488 571 salutem
510 529 697 570 omnium
718 529 918 584 cogitata,
943 528 1174 569 inlustrata
1194 530 1236 569 et
1256 527 1472 582 patefacta

136 589 315 630 vidistis.
365 587 456 636 Quo
486 588 615 629 etiam
641 587 802 628 maiore
829 591 929 627 sunt
953 587 1027 627 isti
1053 586 1149 627 odio
1177 586 1471 642 supplicioque
1500 597 1540 627 22

138 647 273 702 digni,
312 647 383 701 qui
419 661 504 688 non
544 646 682 687 solum
718 646 872 687 vestris
912 645 1137 686 domiciliis
1176 648 1303 699 atque
1335 645 1473 698 tectis,

68 746 69 749 ,
138 707 209 747 3οᾰ
236 705 365 747 etiam
392 705 567 747 deorum
592 704 765 759 templis
793 708 920 758 atque
948 704 1133 745 delubris
1158 706 1258 745 sunt
1276 703 1470 745 funestos

85 776 118 800 10
138 779 186 806 ac
222 763 407 805 nefarios
444 764 565 817 ignes
602 763 758 804 inferre
797 762 951 804 conati.
1012 762 1174 810 Quibus
1213 776 1291 817 ego
1331 763 1366 803 si
1405 777 1473 803 me

137 823 344 864 restitisse
389 822 544 875 dicam,
588 822 767 862 nimium
813 821 918 862 mihi
964 835 1130 862 sumam
1175 824 1217 862 et
1260 835 1347 862 non
1391 821 1472 862 sim

137 881 351 935 ferendus,
395 881 487 934 ille,
533 881 606 922 ille
643 880 835 935 Iuppiter
872 880 1049 933 1·0311111;
1093 880 1164 920 1110
1203 878 1473 933 Capitolium,

136 941 206 980 ille
238 941 343 981 haec
371 940 550 993 templa,
586 939 660 980 ille
692 941 887 981 cunctam
919 939 1086 992 urbem,
1121 939 1192 979 ille
1224 953 1300 979 vos
1333 939 1472 979 omnis

139 999 281 1040 salvos
308 1012 399 1039 esse
426 998 573 1039 voluit.
622 997 701 1039 Dis
728 1012 806 1053 ego
833 998 1133 1038 inmortalibus
1159 997 1337 1038 ducibus
1363 997 1472 1038 hanc

85 1068 118 1092 15
139 1060 339 1108 mentem,
389 1055 594 1111 Quirites,
637 1057 986 1110 voluntatemque
1036 1057 1203 1110 suscepi
1248 1058 1375 1109 atque
1421 1055 1473 1096 ad

138 1116 241 1157 haec
266 1119 389 1157 tanta
414 1115 570 1156 indicia
594 1115 779 1170 perveni.
828 1114 919 1155 Iam
946 1129 1046 1156 vero
1069 1115 1163 1166 [illa
1184 1114 1473 1167 Allobrogum

139 1174 404 1227 sollicitatio,
453 1174 557 1226 iam]
611 1174 663 1214 ab
713 1173 894 1215 Lentulo
946 1173 1182 1226 ceterisque
1227 1172 1472 1214 domesticis

137 1233 334 1274 hostibus
374 1235 464 1273 tam
497 1232 713 1273 dementer
744 1234 890 1274 tantae
922 1246 988 1272 res
1021 1232 1206 1273 creditae
1239 1234 1282 1272 et
1312 1231 1472 1286 ignotis

138 1294 182 1332 et
224 1291 419 1332 barbaris
464 1291 797 1345 commissaeque
838 1291 1008 1331 litterae
1051 1305 1282 1344 numquam
1328 1293 1471 1331 essent

84 1361 120 1384 ‘20
138 1350 340 1404 profecto,
370 1350 453 1390 nisi
479 1350 532 1390 ab
560 1350 624 1390 dis
649 1349 951 1390 inmortalibus
978 1348 1075 1389 huic
1101 1352 1247 1389 tantae
1274 1348 1472 1389 audaciae

139 1409 363 1449 consilium
413 1411 526 1449 esset
577 1411 780 1462 ereptum.
849 1406 957 1455 Quid
1000 1408 1130 1448 vero?
1181 1409 1229 1447 ut
1276 1406 1471 1448 homines

140 1466 256 1507 Galli
293 1481 342 1506 ex
381 1467 554 1507 civitate
586 1467 696 1506 male
728 1468 897 1520 pacata,
937 1479 1043 1519 quae
1077 1479 1180 1519 gens
1212 1479 1296 1505 una
1327 1467 1474 1518 restat,

140 1539 246 1578 quae
282 1524 444 1565 bellum
480 1525 639 1578 populo
672 1524 864 1564 Romano
901 1523 1040 1564 facere
1080 1526 1122 1563 et
1153 1537 1279 1577 posse
1313 1524 1355 1563 et
1385 1537 1471 1563 non

139 1583 254 1624 nolle
291 1582 502 1635 videatur,
547 1597 664 1636 spem
707 1581 875 1636 imperii
914 1596 962 1622 ac
998 1595 1138 1622 rerum
1177 1595 1472 1622 maxumarum

86 1641 252 1682 25111110
291 1641 373 1681 sibi
410 1655 434 1681 a
472 1641 664 1695 patriciis
697 1640 940 1681 hominibus
974 1639 1163 1680 oblatam
1194 1639 1472 1694 neglegerent

140 1701 411 1753 vestramque
443 1699 625 1740 salutem
657 1698 744 1739 suis
778 1698 929 1752 opibus
962 1701 1281 1753 anteponerent,
1312 1697 1356 1738 id
1385 1712 1472 1739 non

141 1758 342 1799 divinitus
375 1771 467 1798 esse
497 1757 657 1798 factum
690 1757 873 1811 putatis,
906 1756 1158 1810 praesertim
1185 1757 1257 1810 qui
1282 1771 1360 1797 nos
1386 1771 1473 1798 non

139 1816 387 1871 pugnando,
420 1815 491 1856 sed
523 1815 700 1856 tacendo
734 1829 932 1869 superare
963 1815 1212 1869 potuerint?
1523 1859 1541 1877 Ὗ

228 1873 365 1922 Quam
403 1874 457 1915 ob
494 1888 602 1927 rem,
641 1873 845 1927 Quirites,
883 1873 1084 1927 quoniam
1123 1874 1175 1914 ad
1208 1873 1351 1914 omnia
1381 1873 1472 1928 pul·
1488 1857 1542 1929 10‘!

86 1943 123 1968 30
142 1933 303 1973 vinaria
340 1932 596 1987 supplicatio
635 1931 804 1973 decreta
835 1934 918 1983 est,
956 1932 1216 1973 celebratote
1249 1932 1349 1973 illos
1382 1931 1470 1972 dies
1500 1930 1528 1939 ”’

142 2005 236 2032 cum
274 1991 525 2045 coniugibus
563 2005 611 2031 ac
642 1990 786 2031 liberis
819 1990 984 2030 vestris.
1044 1989 1157 2031 Nam
1188 1990 1314 2031 multi
1347 2004 1471 2042 saepe

141 2048 323 2090 honores
360 2049 424 2090 dis
460 2048 762 2090 inmortalibus
798 2048 901 2088 10311
938 2048 1078 2090 habiti
1116 2052 1215 2090 sunt
1248 2063 1294 2089 ac
1328 2048 1471 2099 debiti,

143 2107 215 2147 sed
253 2107 444 2161 profecto
481 2108 679 2148 iustiores
716 2121 959 2160 numquam.
1026 2107 1177 2161 Erepti
1213 2107 1326 2147 enim
1367 2106 1469 2146 estis
1533 2156 1536 2157 ⁷

143 2179 193 2205 ex
236 2165 527 2206 crudelissimo
566 2180 614 2206 ac
656 2164 895 2206 miserrimo
932 2165 1109 2206 interitu
1149 2165 1341 2217 [erepti];
1381 2164 1480 2204 sine-

88 2233 123 2258 35
145 2222 285 2275 caede,
323 2224 413 2264 sine
451 2224 674 2279 sanguine,
712 2223 801 2264 sine
840 2223 1042 2277 exercitu,
1080 2224 1169 2264 sine
1203 2222 1470 2263 dimicatione

143 2280 283 2336 togati
331 2295 398 2322 me
443 2296 527 2323 uno
571 2284 722 2336 togato
767 2281 868 2322 duce
911 2284 954 2322 et
995 2282 1253 2336 imperatore
1297 2280 1471 2321 vicistis.

142 2338 314 2380 Etenim
359 2339 655 2390 recordamini,
699 2339 902 2389 Quirites,
945 2341 1083 2381 omnis
1129 2339 1275 2381 civiles
1315 2338 1470 2379 (1133011-
1497 2349 1540 2379 24
