1619 2542
166 88 282 123 LXIV
580 88 856 123 ADNOTATIO
885 88 1084 124 CRITICA.

167 182 276 226 Kays.
303 202 347 207 —
373 181 410 216 P.
432 186 508 216 245.
525 186 545 217 5
571 194 643 227 qua
668 183 750 228 [re]
775 184 807 217 si
831 182 1023 217 Torrentio
1051 183 1146 216 auct.
1167 181 1276 226 Kays.
1299 202 1342 207 —
1362 181 1401 217 P.
1422 186 1499 216 245.

168 234 188 263 6
213 230 468 264 honestiorem
492 249 536 255 —-
562 230 662 264 cond.
697 229 841 263 scrbnd.
869 228 1027 264 videtur.
1054 249 1097 254 —
1123 228 1162 263 P.
1189 232 1328 264 245.12
1359 230 1398 263 hi
1423 229 1501 263 cod.

166 274 202 318 k,
228 276 348 310 Halm.
364 275 460 309 —P.
478 279 556 310 245.
572 280 615 311 29
641 277 704 320 qui
723 280 783 310 est
808 280 901 310 auct.
928 275 1047 309 Halm.
1069 275 1132 320 (ad
1156 287 1191 319 p.
1214 279 1290 310 144.
1306 276 1378 319 25).
1398 295 1442 300 —
1462 275 1500 310 P.

167 326 246 357 246.
265 326 283 357 7
309 323 434 357 vellent
465 323 603 366 Halm,
635 324 759 357 volunt
790 321 889 366 vulg.
918 343 959 347 —
986 322 1024 356 P.
1051 326 1129 357 246.
1151 326 1194 357 27
1221 323 1244 367 †
1264 323 1503 366 perhorrescit

166 369 298 412 Halm,
325 368 455 413 Kays.;
482 369 529 403 ad
553 381 587 413 p.
615 373 692 404 215.
711 374 740 403 1.
760 390 806 394 —
826 369 863 403 P.
886 372 964 403 246.
980 373 1023 403 32
1049 370 1256 413 sepulchro
1275 368 1397 404 Halm.
1417 372 1501 413 tae,

166 417 328 459 sepulcro
352 416 413 450 hic
440 417 477 450 et
502 418 588 450 cett.
614 415 707 450 locis
733 416 869 458 Klotz.,
902 416 1029 459 Kays,
1061 417 1100 450 et
1124 415 1177 449 sic
1201 427 1235 460 p.
1265 420 1395 459 17723,
1422 420 1501 451 494.

169 467 228 506 15,
255 467 333 498 498.
350 467 410 506 22,
437 466 569 505 499.1‚
595 462 661 496 ubi
687 461 732 505 G,
760 466 914 505 528.10,
940 461 1006 495 ubi
1028 461 1057 495 P
1081 463 1272 506 sepulchr.,
1294 462 1390 497 Bait.
1416 464 1501 505 tac„

167 512 207 543 at
231 509 330 543 idem
355 511 426 544 tac.
452 511 624 553 sepulchr.
650 521 685 553 p.
713 512 791 543 382.
807 513 851 544 37
879 508 946 553 (sic
973 509 1051 543 cod.
1079 507 1125 552 G,
1152 510 1211 552 qui
1237 509 1338 543 idem
1364 513 1441 544 385.
1456 513 1501 545 20

166 557 403 599 simulachra,
430 556 564 599 Klotz,
592 555 714 599 Kays,
741 555 873 598 Halm.‚
898 555 1031 590 Eberh.
1057 556 1233 600 sepulcr.),
1260 559 1410 599 424.13,
1436 555 1500 590 ubi

169 603 218 636 W
252 604 350 637 certe
381 603 552 647 sepulcrj,
584 602 705 637 Halm.
737 606 877 636 44924
908 604 1037 636 contra
1067 601 1151 644 PG3
1183 601 1302 636 Vatic.
1335 602 1375 636 in
1405 602 1499 637 Phil.

165 651 360 694 sepulchra,
388 649 435 684 ad
462 649 496 684 S.
523 650 629 685 Rosc.
656 661 690 693 p.
716 653 842 684 4018.
869 669 914 674 —
940 649 978 683 P.
1006 653 1084 683 247.
1106 652 1127 682 4
1148 660 1225 693 sqq.
1252 660 1322 683 om.
1343 649 1454 694 Kays.

259 743 300 777 In
327 742 557 777 orationibus
582 743 626 777 in
653 742 898 777 Catilinam
924 741 1159 777 recensendis
1184 742 1306 777 Halm.
1333 754 1419 777 usus
1446 745 1501 778 est

166 790 416 835 quadraginta
440 790 515 824 fere
541 789 646 824 libris
672 800 789 832 mscr.,
817 800 887 833 quo
915 800 958 823 ex
983 799 1135 823 numero
1161 788 1297 833 viginti
1321 789 1500 824 librorum

164 837 301 880 partim
337 848 358 870 a
392 837 563 881 Lagom,
598 836 736 880 partim
773 836 818 870 ab
854 836 934 880 ipso
971 836 1102 870 aliisve
1137 835 1358 870 collatorum
1394 836 1495 872 ‘intc-

166 895 270 927 gram
293 882 396 917 dedit
414 883 614 918 lectionum
629 882 896 925 diversitatem,
911 883 1088 917 selectam
1100 882 1352 926 reliquorum.’
1392 883 1500 918 Prae-

166 932 268 964 stant
304 931 401 964 inter
442 930 510 964 hos
553 929 706 963 Medic.
754 941 790 972 a,
834 929 1234 972 Benedictobur.b,
1278 929 1433 965 Medic.
1470 941 1500 973 c,

165 976 444 1011 Indersdorf.
470 976 492 1019 i,
514 975 707 1011 ‘lectiones
735 987 757 1010 a
775 976 965 1011 Pithoeo
992 977 1039 1010 ad
1058 976 1244 1020 margines
1265 976 1424 1021 exempli
1443 977 1499 1011 ed.

165 1023 290 1059 Lamb.
311 1036 342 1058 a.
364 1027 451 1058 1581
475 1023 699 1067 adscriptae’
720 1034 756 1067 p,
784 1023 947 1057 Salisb.
971 1035 997 1066 s,
1018 1023 1230 1067 Tegerns.
1250 1024 1277 1067 t,
1297 1023 1499 1067 Egmont.

165 1082 199 1113 u,
229 1070 324 1104 ‘cod
346 1070 435 1104 Car.
458 1069 623 1114 Steph.’
653 1080 690 1112 ς,
717 1069 830 1104 ceteri
856 1074 1011 1104 onerant
1029 1069 1149 1113 magis
1170 1081 1280 1113 quam
1303 1070 1500 1105 sublevant

166 1116 319 1151 editoris
346 1127 506 1162 operam.
540 1116 611 1150 Sed
637 1117 784 1151 illorum
811 1117 1000 1160 quaeritur
1024 1127 1117 1160 quae
1145 1117 1192 1150 sit
1217 1117 1312 1151 ratio
1333 1127 1499 1160 quaeque

166 1163 340 1208 dignitas.
379 1165 499 1207 Atque
520 1162 709 1197 Halmium
735 1163 885 1206 quidem
910 1163 1148 1198 manifestum
1168 1165 1224 1197 est
1242 1163 1282 1197 in
1302 1163 1358 1198 ed.
1378 1163 1498 1199 Turic.

165 1211 323 1245 maxime
361 1212 527 1244 secutum
561 1220 640 1244 esse
678 1210 844 1244 codicem
881 1221 930 1252 a,
967 1212 1099 1255 postea
1134 1210 1356 1254 praetulisse
1393 1210 1500 1245 codd.

165 1256 297 1300 bois,
330 1257 432 1291 velut
462 1257 500 1290 in
532 1257 587 1291 ed.
608 1256 767 1291 Weidm.
802 1267 846 1290 ex
878 1257 965 1291 solis
997 1256 1055 1291 his
1086 1256 1192 1290 libris
1224 1268 1291 1291 scr.
1316 1269 1351 1302 p.
1384 1261 1498 1292 263.1

166 1315 243 1339 cam
270 1315 313 1338 em
337 1305 424 1338 urbe
448 1308 497 1338 est
523 1305 702 1348 expulsus,
730 1307 809 1338 278.
825 1308 869 1338 34
895 1315 946 1347 sq.
967 1314 1011 1337 ex
1035 1304 1059 1338 b
1075 1315 1093 1337 c
1109 1315 1124 1336 s
1144 1307 1293 1347 propter
1311 1305 1383 1338 vim
1402 1316 1498 1339 mart.

168 1355 274 1395 atque
304 1352 404 1394 depr.
429 1351 583 1393 sceleris,
617 1354 757 1385 297.14
783 1361 827 1384 ex
852 1350 934 1384 bis
960 1351 1047 1394 quia
1072 1351 1200 1392 hostes,
1233 1354 1312 1384 287.
1330 1354 1348 1384 7
1375 1361 1418 1384 ex
1443 1350 1466 1384 b
1483 1362 1499 1384 s

167 1409 236 1432 om.
265 1398 386 1432 liberis
411 1398 496 1431 cett.
549 1396 779 1431 Sententiam
804 1397 962 1431 fortasse
986 1407 1061 1430 non
1085 1398 1283 1439 mutasset,
1305 1396 1336 1430 si
1361 1399 1399 1431 et
1418 1397 1498 1431 cod.

167 1455 189 1478 a
226 1454 301 1478 non
332 1445 479 1477 tantum
510 1454 554 1478 ex
586 1443 841 1487 Lagomarsini
874 1443 1003 1478 sedula
1032 1442 1152 1487 magis
1184 1454 1295 1486 quam
1326 1443 1499 1487 diligenti

167 1502 279 1534 opera
309 1490 499 1535 cognitum
530 1490 736 1533 habuisset,
770 1492 807 1524 et
838 1490 870 1524 si
902 1490 981 1525 cod.
1013 1490 1212 1524 Ambros.
1238 1490 1271 1523 A
1304 1501 1326 1524 a
1352 1490 1498 1525 Baitero

167 1548 357 1572 excussum
384 1536 530 1582 (Philol.
557 1536 624 1571 XX
648 1550 683 1581 p.
710 1542 777 1572 338
805 1539 898 1580 sqq.)
925 1536 1165 1571 adhibuisset.
1211 1536 1289 1580 Ego
1315 1538 1401 1571 utor
1425 1537 1499 1571 col-

166 1584 306 1618 latione
338 1584 438 1618 illius
471 1584 551 1618 cod.
584 1595 606 1618 a
636 1584 774 1618 Paulo
800 1584 1007 1618 Vollerto
1041 1584 1196 1618 exeunte
1227 1594 1260 1618 a.
1297 1587 1384 1618 1879
1416 1594 1498 1619 meo

165 1632 300 1675 rogatu
330 1630 446 1673 facta,
479 1641 523 1665 ex
554 1641 634 1674 qua,
672 1633 852 1675 quantum
877 1630 909 1664 is
935 1630 1013 1665 cod.
1040 1629 1138 1664 inter
1164 1631 1306 1664 ceteros
1331 1630 1498 1674 excellat,

165 1678 285 1721 magis
324 1676 437 1711 etiam
476 1679 646 1721 apparet3
683 1688 757 1711 non
795 1688 866 1720 quo
901 1677 1044 1711 mendis
1075 1678 1184 1711 vacet
1214 1678 1261 1721 (v.
1287 1688 1322 1720 p.
1348 1680 1426 1711 255.
1442 1681 1498 1720 23,

167 1728 244 1758 281.
267 1727 321 1766 20,
342 1723 391 1759 ib.
412 1727 457 1758 30
476 1726 665 1767 videretur,
686 1728 765 1758 285.
782 1728 823 1758 12
843 1725 952 1759 huius
970 1725 1128 1768 imperii)
1147 1724 1212 1756 aut
1228 1722 1330 1757 nullo
1349 1723 1497 1768 proprio

166 1770 259 1805 vitio
279 1769 494 1813 inquinatus
515 1769 564 1804 sit
584 1772 630 1814 (v.
646 1783 679 1815 p.
695 1775 774 1805 250.
791 1775 845 1812 12,
865 1775 943 1806 253.
958 1773 1028 1815 35),
1050 1770 1115 1804 sed
1133 1780 1250 1814 paene
1267 1769 1375 1803 nulla
1394 1770 1433 1804 in
1455 1781 1497 1804 eo

166 1817 404 1851 inveniuntur
434 1816 607 1851 licentiae
639 1817 859 1862 corrigentis
890 1816 1052 1861 vestigia
1083 1822 1131 1861 (p.
1158 1820 1237 1850 252.
1257 1819 1320 1858 28,
1358 1820 1436 1851 255.
1452 1821 1496 1851 26

166 1865 286 1899 urbem
324 1865 463 1907 totam),
505 1865 543 1897 et
578 1863 672 1897 vitia
701 1874 769 1898 nec
797 1875 949 1898 numero
979 1874 1047 1897 nec
1083 1872 1218 1906 genere
1248 1873 1331 1896 cum
1365 1864 1498 1898 ceteris

167 1911 254 1944 sunt
278 1909 538 1954 comparanda.
588 1908 732 1945 Codicis
763 1910 787 1944 b
814 1912 866 1955 (et
890 1911 1146 1955 cognatorum)
1170 1909 1498 1953 interpolationum

167 1967 411 1992 commemoro
442 1956 534 1991 haec
565 1956 751 2001 exempla:
784 1969 818 2001 p.
846 1961 924 1991 264.
947 1960 989 1990 14
1010 1956 1190 2000 praetoris
1213 1957 1345 1999 nostri,
1376 1956 1426 1991 ib.
1455 1961 1497 1992 15

166 2005 208 2039 in
239 2005 358 2046 curia,
391 2006 470 2038 268.
491 2007 510 2037 2
542 2004 602 2037 sed
632 2004 814 2047 timidum,
847 2007 930 2038 270.
951 2006 970 2037 5
1002 2013 1091 2047 qaas
1122 2001 1316 2046 Faesulas,
1350 2007 1428 2038 272.
1453 2007 1496 2038 21

167 2062 262 2086 man.
290 2050 523 2093 fortissimam
542 2050 849 2094 certissimamque,
876 2053 955 2084 283.
970 2053 989 2083 6
1011 2052 1137 2083 contra
1152 2053 1316 2083 senatum
1333 2051 1497 2085 salutem-

167 2109 242 2142 que,
257 2101 337 2132 284.
352 2100 394 2131 32
416 2098 574 2140 civesque
591 2107 708 2131 omnes
723 2098 924 2139 incolumes,
946 2099 1026 2130 290.
1041 2099 1061 2129 5
1081 2096 1297 2139 dissipatum
1310 2096 1361 2139 b²,
1383 2100 1460 2132 292.
1476 2101 1496 2131 2

167 2155 241 2179 mm
258 2155 368 2189 posse,
389 2147 468 2178 292.
485 2147 526 2178 13
546 2144 736 2178 eoesolvz'tis.
768 2143 889 2177 Minus
903 2142 1097 2186 depravati
1110 2144 1195 2176 sunt
1206 2141 1306 2176 idem
1319 2143 1425 2178 codd.
1438 2142 1497 2177 his

168 2190 276 2225 locis:
303 2202 338 2235 p.
365 2193 501 2225 288.11
528 2190 730 2224 miserrima
755 2189 891 2232 Abis,
917 2188 977 2223 vel
1001 2190 1147 2223 miseria
1170 2188 1231 2223 vel
1255 2191 1385 2225 misera
1410 2191 1496 2224 cett.

169 2239 362 2279 (miserima
387 2236 482 2280 duo),
510 2239 589 2271 293.
604 2240 624 2270 3
649 2247 723 2270 non
749 2246 818 2270 om.
844 2237 886 2269 ut
905 2235 966 2269 aA
991 2236 1109 2270 dolore
1128 2238 1160 2269 et
1183 2246 1276 2271 cruc.
1296 2247 1374 2271 ποθ.
1393 2247 1498 2272 suam

170 2285 197 2328 (,
224 2285 392 2328 ‘293.31),
425 2287 549 2318 2956.
599 2283 650 2317 At
680 2282 760 2317 cod.
793 2295 814 2317 a
845 2283 909 2316 aut
941 2281 1040 2316 solus
1073 2283 1138 2316 aut
1168 2293 1250 2316 cum
1281 2284 1408 2327 paucis
1441 2282 1499 2317 sui
