1619 2542
121 1216 141 1244 0¹

168 96 251 137 102
535 95 627 131 PRO
653 95 695 130 A.
723 95 957 131 CLUENTIO
985 95 1172 132 ORATIO.

166 191 288 233 uerit.
362 191 426 233 De
473 191 634 233 invidia
679 194 822 232 autem
863 191 923 233 sic
972 192 1085 233 inter
1132 207 1209 233 nos
1265 192 1502 248 disceptare

167 250 350 303 debetis,
381 253 429 291 ut
458 265 555 302 non,
588 250 689 304 quid
716 250 880 291 dicatur
914 265 938 291 a
968 250 1111 304 nobis,
1144 251 1217 292 sed
1249 252 1349 305 quid
1381 266 1502 307 opor-

165 312 257 351 teat
288 309 380 363 dici,
413 309 700 351 consideretis.
761 308 921 363 Agitur
953 309 1064 350 enim
1096 309 1140 350 in
1171 309 1419 352 criminibus
1451 312 1502 352 A.

168 367 338 410 Cluenti
380 367 602 422 proprium
645 367 899 421 periculum,
942 367 988 408 in
1030 367 1191 409 invidia
1228 383 1356 410 causa
1392 384 1503 411 com-

167 427 318 468 munis.
393 425 529 474 Quam
573 427 627 467 ob
672 440 762 467 rem
811 426 992 468 alteram
1034 430 1200 481 partem
1247 442 1398 469 causae
1443 430 1537 470 sic5

168 499 355 540 agemus,
387 488 435 525 ut
466 499 542 526 vos
575 485 812 537 doceamus,
845 485 1025 526 alteram
1059 485 1129 538 sic,
1160 488 1208 527 ut
1240 500 1427 539 oremus3
1458 486 1504 527 in

167 544 304 585 altera
331 543 555 598 diligentia
580 546 726 584 vestra
750 544 874 585 nobis
902 544 1169 599 adiungenda
1194 547 1270 598 est,
1295 545 1341 586 in
1366 545 1503 586 altera

165 603 270 644 fides
307 602 589 657 imploranda.
651 601 788 643 Nemo
827 605 892 643 est
924 603 1053 655 enim,
1095 603 1166 657 qui
1197 603 1381 645 invidiae
1413 605 1502 645 sine

166 664 308 703 vestro
337 676 385 702 ac
411 660 500 702 sine
526 660 678 701 talium
705 661 893 702 virorum
921 661 1109 702 subsidio
1136 662 1274 716 possit
1292 662 1502 704 resistere.

166 720 387 774 Equidem,
415 719 527 774 quod
547 719 600 760 ad
620 733 686 760 me
707 719 875 772 attinet,
901 734 984 773 quo
1005 734 1072 761 me
1091 724 1268 773 vertam,
1296 721 1500 773 [iudices,]
1523 736 1556 761 ιο

166 778 320 820 nescio.
365 777 531 834 Negem
563 778 694 819 fuisse
718 778 840 819 illam
865 778 1088 820 infamiam
1113 778 1258 820 iudicii
1283 780 1502 833 corrupti?

166 852 319 893 negem
353 851 444 878 esse
476 837 595 878 illam
626 851 717 877 rem
749 837 956 891 agitatam
988 837 1033 878 in
1064 837 1346 891 contionibus,
1371 838 1502 879 iacta·

167 899 257 937 tam
294 896 339 937 in
376 895 560 949 iudiciis,
597 898 977 937 commemoratam
1014 896 1060 936 in
1097 896 1276 937 senatu?
1320 897 1499 938 evellam

169 970 218 996 ex
259 954 412 996 animis
450 954 671 996 hominum
709 956 877 995 tantam
910 954 1172 1009 opinionem,
1210 957 1300 996 tam
1332 955 1501 1010 penitus

166 1013 352 1066 insitam,
383 1015 473 1054 tam
492 1013 736 1054 vetustam?
778 1013 877 1054 Non
909 1016 974 1054 est
999 1013 1135 1054 nostri
1159 1013 1332 1069 ingenii,
1369 1014 1504 1055 vestri
1523 1028 1556 1055 15

168 1072 316 1113 auxilii
348 1074 423 1124 est,
455 1071 624 1124 iudices,
657 1070 781 1112 huius
813 1071 1082 1113 innocentiae
1115 1072 1175 1113 sic
1205 1073 1250 1113 in
1280 1072 1361 1114 hac
1393 1073 1502 1114 cala-

168 1131 323 1172 mitosa
358 1130 475 1171 fama
512 1130 633 1183 quasi
669 1129 713 1170 in
751 1130 893 1184 aliqua
928 1130 1290 1185 perniciosissima
1329 1131 1503 1172 flamma

168 1193 296 1243 atque
326 1188 371 1229 in
403 1187 618 1230 communi
647 1188 840 1230 incendio
874 1189 1109 1230 subvenire.
1170 1188 1360 1243 Etenim,
1392 1190 1503 1231 sicut

168 1248 263 1289 aliis
301 1248 345 1288 in
382 1247 486 1288 locis
518 1261 671 1300 parum
701 1247 961 1288 firmamenti
992 1249 1034 1288 et
1066 1262 1218 1300 parum
1249 1248 1404 1289 virium
1438 1263 1501 1289 ve—

166 1306 272 1347 ritas
314 1305 462 1359 habet,
503 1305 562 1347 sic
601 1305 648 1346 in
687 1305 768 1347 hoc
807 1307 901 1347 loco
938 1306 1050 1347 falsa
1087 1305 1247 1347 invidia
1285 1306 1502 1348 imbecilla
1522 1317 1555 1341 2⁰

168 1379 259 1406 esse
299 1364 440 1417 debet,
479 1364 721 1405 dominetur
752 1364 797 1405 in
828 1364 1116 1417 contionibus,
1154 1365 1291 1406 iaceat
1322 1365 1366 1405 in
1395 1365 1501 1406 iudi-

168 1424 262 1476 ciis,
288 1423 433 1464 valeat
458 1422 503 1463 in
529 1422 800 1476 opinionibus
828 1437 876 1464 ac
903 1423 1169 1464 sermonibus
1190 1423 1502 1478 imperitorum,

168 1482 221 1523 ab
247 1481 432 1537 ingeniis
458 1481 729 1535 prudentium
761 1481 1023 1536 repudietur3
1053 1481 1316 1523 vehementis
1347 1482 1504 1523 habeat

168 1540 412 1595 repentinos
437 1539 636 1594 impetus,
662 1540 802 1594 spatio
827 1540 1083 1594 interposito
1110 1543 1153 1581 et
1178 1555 1306 1581 causa
1330 1541 1503 1595 cognita

169 1601 460 1652 consenescat3
488 1599 666 1652 denique
685 1599 759 1639 illa
778 1598 969 1640 definitio
989 1599 1239 1640 iudiciorum
1260 1614 1502 1654 aequorum,
1522 1608 1555 1634 25

170 1672 277 1711 quae
308 1657 433 1698 nobis
467 1672 491 1698 a
522 1656 754 1698 maioribus
786 1657 946 1698 tradita
978 1660 1064 1711 est,
1095 1657 1344 1712 retineatur,
1381 1660 1429 1698 ut
1458 1658 1503 1698 in

168 1715 333 1756 iudiciis
376 1718 418 1756 et
456 1716 546 1757 sine
583 1715 744 1756 invidia
781 1716 905 1770 culpa
935 1716 1150 1770 plectatur
1182 1718 1225 1757 et
1256 1716 1345 1756 sine
1377 1716 1502 1770 culpa

169 1773 329 1815 invidia
360 1777 555 1828 ponatur.
600 1773 736 1822 Quam
769 1775 822 1815 ob
855 1789 945 1815 rem
974 1789 999 1815 a
1023 1775 1157 1828 vobis,
1187 1774 1357 1827 iudices,
1384 1777 1502 1815 ante-

170 1847 296 1886 quam
331 1832 380 1872 de
412 1833 505 1885 ipsa
537 1847 666 1874 causa
696 1832 835 1874 dicere
866 1832 1035 1887 incipio,
1067 1833 1171 1874 haec
1201 1832 1386 1886 postulo,
1418 1832 1501 1887 pri-

169 1905 287 1932 mum
317 1889 372 1944 id,
405 1890 517 1943 quod
548 1890 849 1944 aequissimum
882 1893 958 1943 est,
989 1894 1037 1932 ut
1067 1905 1119 1932 ne
1151 1890 1250 1944 quid
1274 1890 1356 1931 huc
1381 1905 1500 1945 prae·
1521 1902 1554 1927 30

168 1948 344 1990 iudicati
376 1948 580 1989 adferatis
613 1947 788 2003 (etenim
819 1964 907 1991 non
932 1949 1057 1990 modo
1085 1948 1397 2003 auctoritatem,
1429 1949 1503 1990 sed

171 2007 302 2048 etiam
344 2021 499 2048 nomen
542 2007 727 2048 iudicum
773 2008 1036 2061 amittemus,
1079 2007 1162 2048 nisi
1204 2006 1274 2048 hic
1311 2022 1361 2048 ex
1396 2008 1501 2062 ipsis

171 2065 310 2107 causis
341 2065 622 2106 iudicabimus
652 2067 748 2118 [ac],
782 2066 818 2107 si
844 2066 896 2107 ad
922 2079 1070 2107 causas
1094 2065 1249 2106 iudicia
1275 2065 1361 2107 iam
1385 2066 1503 2108 facta

171 2125 296 2165 domo
347 2123 616 2176 deferemus);
667 2124 833 2177 deinde,
882 2124 918 2165 si
958 2138 1086 2177 quam
1129 2124 1373 2178 opinionem
1415 2124 1502 2166 iam

170 2182 325 2224 vestris
366 2181 580 2223 mentibus
618 2182 1017 2237 comprehendistis,
1054 2182 1091 2223 si
1129 2196 1222 2223 eam
1259 2183 1370 2224 ratio
1409 2197 1503 2224 con-
1521 2192 1555 2218 35

169 2241 312 2294 vellet,
351 2240 388 2282 si
419 2239 555 2282 oratio
588 2239 880 2294 labefactabit,
911 2240 947 2281 si
978 2239 1157 2294 denique
1182 2240 1341 2282 veritas
1367 2244 1503 2282 extor-

169 2299 327 2353 quebit,
363 2313 416 2340 ne
455 2299 700 2353 repugnetis
739 2312 915 2353 eamque
956 2298 1109 2339 animis
1147 2299 1302 2340 vestris
1342 2302 1415 2340 aut
1454 2299 1503 2340 li-
