1687 2533
247 87 334 128 426
618 86 712 122 PRO
738 87 775 122 L.
802 87 989 122 FLACCO
1017 86 1206 123 ORATIO.

250 182 378 224 Asiae
424 184 668 237 provinciae
715 184 900 238 primum
948 198 1152 239 magnam
1192 186 1360 238 partem
1400 183 1587 225 eiusdem

248 242 506 298 provinciae,
533 257 639 297 quae
666 257 744 296 pro
771 242 897 283 huius
918 243 1118 296 periculis
1138 243 1307 297 legatos
1327 243 1588 284 laudatores-

250 316 330 355 que
375 301 511 355 misit,
562 301 711 342 deinde
754 301 1020 356 provinciam
1064 300 1273 355 Galliam,
1320 301 1586 356 provinciam

249 359 463 414 Ciliciam,
500 360 764 415 provinciam
795 359 1068 413 Hispaniam,
1100 359 1365 414 provinciam
1398 359 1587 413 Cretam,

249 417 424 460 Graecis
457 422 601 460 autem
633 418 766 472 Lydis
801 421 843 459 et
868 418 1113 474 Phrygibus
1146 423 1188 459 et
1213 417 1349 473 Mysis
1376 418 1588 460 obsistent
1607 429 1624 455 5

248 475 555 531 Massilienses,
575 477 745 529 Rhodii,
765 476 1102 529 Lacedaemonii,
1117 477 1415 530 Athenienses,
1436 480 1589 519 cuncta

248 536 425 589 Achaia,
453 536 687 589 Thessalia,
713 535 912 590 Boeotia,
940 535 1146 589 Septimio
1174 540 1217 578 et
1238 535 1382 578 Caelio
1402 536 1587 577 testibus

248 594 294 636 P.
327 593 531 636 Servilius
565 597 608 636 et
641 594 688 644 Q.
708 594 909 636 Metellus
941 595 1065 636 huius
1098 595 1271 649 pudoris
1303 595 1588 648 integritatis-

249 667 328 707 que
354 655 486 694 testes
511 654 833 709 repugnabunt3
861 653 1075 695 Asiaticae
1102 654 1206 694 iuris
1228 653 1404 695 dictioni
1424 653 1588 694 urbana

249 711 353 752 iuris
381 711 510 753 dictio
536 712 830 767 respondebit3
857 712 986 753 annui
1010 713 1218 766 temporis
1245 712 1587 754 criminationem
1608 724 1642 749 10

181 771 387 812 1010mnis
421 774 537 812 aetas
570 771 616 812 L.
648 771 791 813 Flacci
824 773 867 812 et
898 773 1103 825 perpetua
1135 772 1224 812 vita
1256 771 1464 812 defendet.
1518 771 1588 823 Et,

249 830 285 870 si
310 830 511 884 prodesse
537 829 585 871 L.
604 830 770 880 Flacco,
795 830 966 883 iudices,
993 830 1130 883 debet,
1157 830 1270 884 quod
1297 844 1341 871 se
1366 829 1589 874 tribunum

248 888 446 942 militum,
472 888 585 943 quod
605 892 805 943 quaestor
810 904 886 942 em,
914 864 1026 942 qiiod
1046 889 1236 943 legatum
1256 888 1588 954 imperatoribus

249 947 513 1001 claiissimis,
548 948 801 989 exercitibus
834 947 1132 1000 ornatissimis,
1164 947 1396 1002 provinciis
1429 947 1588 1003 gravis-

249 1005 368 1046 simis
407 1006 583 1060 dignum
624 1006 711 1047 suis
744 1006 977 1047 maioribus
1010 1006 1245 1060 piaestitit,
1282 1006 1438 1059 prosit,
1476 1005 1588 1061 quod
1608 1017 1642 1043 15

247 1063 318 1105 hic
348 1065 471 1105 vobis
502 1064 745 1106 videntibus
778 1066 821 1105 in
846 1064 1046 1119 periculis
1074 1064 1370 1107 communibus
1397 1065 1588 1106 omnium

247 1125 442 1164 nostrum
495 1137 571 1164 sua
619 1123 809 1178 pericula
852 1138 947 1164 cum
988 1123 1094 1165 meis
1135 1123 1372 1176 coniunxit,
1422 1123 1589 1177 prosint

248 1180 651 1223 honestissimorum
691 1182 1020 1237 municipiorum
1059 1182 1408 1236 coloniarumque
1441 1182 1589 1223 lauda-

247 1239 404 1293 tiones,
443 1241 581 1294 prosit
618 1241 749 1281 etiam
787 1243 960 1281 senatus
991 1241 1221 1294 populique
1253 1240 1438 1282 Romani
1469 1255 1588 1295 prae-

180 1299 366 1340 1026ΙῆΥᾶ
392 1301 436 1340 et
461 1314 562 1340 vera
588 1300 790 1340 laudatio.
835 1299 868 1340 O
895 1313 979 1340 nox
999 1299 1085 1353 illa,
1112 1314 1217 1354 quae
1237 1314 1371 1353 paene
1392 1302 1586 1340 aeternas
1607 1311 1641 1336 20

175 2220 229 2259 41

248 1357 349 1398 huic
391 1358 486 1398 urbi
532 1358 730 1399 tenebras
776 1358 980 1411 attulisti,
1024 1372 1118 1399 cum
1158 1357 1274 1399 Galli
1317 1358 1370 1399 ad
1413 1358 1588 1411 bellum,

250 1414 435 1457 Catilina
474 1417 527 1457 ad
564 1417 732 1470 urbem,
771 1417 983 1458 coniurati
1020 1417 1072 1457 ad
1103 1417 1265 1457 ferrum
1297 1420 1340 1457 et
1370 1416 1588 1457 flammam

248 1475 529 1529 vocabantur,
573 1490 668 1516 cum
709 1490 788 1531 ego
827 1479 886 1529 te,
930 1475 1096 1528 Flacce,
1135 1476 1297 1517 caelum
1334 1477 1588 1529 noctemque

249 1535 495 1575 contestans
539 1534 644 1575 flens
686 1534 861 1575 flentem
906 1534 1172 1589 obtestabar,
1216 1549 1309 1575 cum
1356 1537 1455 1575 tuae
1491 1532 1589 1575 fidei

248 1592 438 1645 optimae
482 1596 526 1634 et
570 1593 913 1647 spectatissimae
956 1594 1138 1634 salutem
1182 1593 1299 1634 urbis
1345 1595 1388 1634 et
1431 1592 1587 1634 civium
1607 1603 1641 1629 25

249 1651 615 1692 commendabam!
678 1650 744 1692 Tu
780 1653 890 1705 tum,
939 1650 1104 1705 Flacce,
1141 1655 1314 1705 praetor
1352 1652 1587 1694 communis

249 1708 370 1750 exitii
407 1710 581 1752 nuntios
619 1710 788 1765 cepisti,
826 1713 874 1751 tu
912 1709 1121 1752 inclusam
1158 1711 1204 1750 in
1235 1710 1392 1751 litteris
1422 1709 1485 1750 rei
1515 1724 1588 1763 pu-

248 1767 384 1808 blicae
410 1770 574 1822 pestem
601 1768 931 1823 deprehendisti,
961 1774 1008 1809 tu
1033 1768 1317 1822 periculorum
1343 1767 1509 1819 indicia,
1539 1771 1588 1809 tu

249 1826 401 1866 salutis
441 1826 600 1868 auxilia
639 1827 692 1868 ad
727 1842 794 1868 me
827 1829 870 1868 et
901 1826 954 1868 ad
987 1830 1181 1868 senatum
1213 1826 1408 1868 attulisti.
1471 1825 1587 1874 Quae

247 1883 331 1924 tibi
368 1886 461 1924 tum
499 1886 664 1939 gratiae
703 1889 803 1927 sunt
841 1901 865 1926 a
902 1900 968 1926 me
1007 1887 1145 1939 actae,
1186 1900 1293 1940 quae
1331 1885 1385 1926 ab
1424 1888 1587 1939 senatu,
1606 1897 1640 1922 30

249 1956 356 1996 quae
388 1957 413 1982 a
443 1943 569 1984 bonis
601 1944 818 1985 omnibus!
880 1943 982 1992 Quis
1014 1944 1112 1994 tibi,
1144 1945 1238 1997 quis
1271 1942 1315 1985 C.
1346 1943 1588 1998 Pomptino,

247 2000 486 2042 fortissimo
531 2001 641 2055 viro,
686 2017 941 2056 quemquam
980 2003 1140 2044 bonum
1177 2004 1348 2056 putaret
1385 2016 1588 2056 umquam

247 2073 335 2100 non
367 2060 562 2111 salutem,
593 2075 741 2101 verum
767 2061 973 2102 honorem
998 2061 1135 2102 ullum
1162 2060 1502 2115 denegaturum?
1551 2060 1587 2102 O

247 2116 398 2159 Nonae
425 2118 525 2160 illae
551 2118 822 2172 Decembres,
849 2133 956 2173 quae
982 2132 1048 2161 me
1074 2120 1247 2160 consule
1271 2118 1434 2160 fuistis!
1461 2133 1587 2173 quem

248 2189 328 2230 ego
374 2176 485 2217 diem
526 2191 621 2218 vere
664 2178 854 2218 natalem
891 2178 1017 2219 huius
1055 2177 1172 2218 urbis
1214 2180 1287 2218 aut
1325 2180 1438 2218 certe
1476 2178 1587 2219 salu·
1606 2188 1640 2214 35

248 2236 387 2276 tarem
427 2236 640 2290 appellare
679 2250 867 2289 possum.
930 2235 964 2277 Ο
1001 2250 1086 2277 11οΧ
1117 2236 1210 2289 illa,
1248 2250 1376 2289 quam
1407 2236 1488 2277 iste
1522 2238 1587 2277 est

178 2271 244 2301 103
280 2292 287 2299 .

249 2292 338 2334 dies
372 2296 636 2344 consecutus,
668 2294 811 2335 fausta
839 2293 938 2336 huic
963 2293 1072 2346 urbi,
1103 2293 1305 2335 miserum
1332 2309 1410 2343 me,
1442 2296 1586 2335 metuo
