1619 2542
92 977 134 1008 50

158 102 215 144 54
523 99 615 135 PRO
642 100 685 135 A.
715 97 925 134 CAECINA
953 97 1142 134 ORATIO.

160 200 196 241 si
226 197 382 239 suisset
415 199 456 238 et
483 211 534 238 ex
566 210 614 237 eo
647 196 740 236 loco
773 196 893 235 metu
924 196 1146 250 permotus
1177 193 1374 250 fugisset,
1405 210 1501 237 cum

159 259 348 298 armatos
394 255 590 309 vidisset,
638 254 852 295 diceresne
895 267 986 294 esse
1028 253 1266 295 deiectum?
1329 253 1501 308 Opinor.

159 317 244 357 Ain
269 316 346 356 tu‘?
380 315 451 370 qui
478 318 567 356 tam
594 313 824 367 diligenter
850 314 893 352 et
924 314 1015 353 tam
1048 311 1199 354 callide
1231 313 1374 354 verbis
1407 327 1502 354 con-

158 375 406 427 troversias,
430 388 517 414 non
537 372 753 427 aequitate
781 370 984 412 diiudicas
1011 373 1053 412 et
1079 371 1174 412 iura
1199 385 1286 413 non
1311 372 1502 413 utilitate

159 434 394 486 communi,
433 432 506 474 sed
544 431 701 471 litteris
741 429 964 483 exprimis,
1001 430 1221 485 poterisne
1254 430 1392 472 dicere
1436 431 1538 472 de-5

159 494 316 534 iectum
349 505 440 532 esse
473 505 587 543 eum,
620 489 693 543 qui
724 491 865 529 tactus
897 503 985 530 non
1016 488 1127 530 erit?
1185 486 1324 537 Quid?
1363 489 1503 531 detru-

160 565 255 593 sum
287 549 482 591 dicesne‘?
521 563 622 602 nam
662 562 710 589 eo
749 547 880 589 verbo
921 550 1046 589 antea
1082 549 1302 601 praetores
1340 548 1385 589 in
1422 548 1503 590 hoc

159 610 386 650 interdicto
429 608 492 649 uti
533 607 742 648 solebant.
804 604 913 654 Quid
956 606 1049 648 ais?
1093 608 1294 661 potestne
1337 606 1505 648 detrudi

160 669 404 724 quisquam,
457 667 531 721 qui
579 680 664 707 non
715 665 975 720 attingitur?
1033 679 1193 719 nonne,
1245 665 1283 707 si
1326 666 1503 707 verbum

161 729 281 782 sequi
306 727 515 779 volumus,
546 725 629 766 hoc
660 724 964 778 intellegamus
997 737 1169 766 necesse
1201 726 1277 778 est,
1309 738 1405 766 eum
1437 725 1504 765 de·
1525 737 1558 763 10

160 786 294 838 trudi,
332 786 399 826 cui
438 798 589 826 manus
629 783 902 824 adferantur?
965 781 1151 824 Necesse
1190 785 1274 835 est,
1317 783 1504 838 inquam,

161 845 197 886 si
229 844 282 885 ad
307 844 487 885 verbum
512 857 602 883 rem
628 842 825 883 volumus
854 841 1098 895 adiungere,
1127 843 1340 883 neminem
1369 843 1504 883 statui

162 904 392 955 detrusum,
426 902 497 956 qui
529 915 615 942 non
648 900 841 941 adhibita
870 900 913 941 vi
940 914 1069 942 manu
1096 900 1290 942 demotus
1317 904 1359 941 et
1385 904 1504 943 actus

160 976 363 1017 praeceps
400 960 690 1014 intellegatur.
754 959 953 1000 Deiectus
995 974 1094 1001 vero
1134 960 1206 1014 qui
1238 961 1382 1013 potest
1412 973 1504 1001 esse

161 1022 387 1076 quisquam
411 1020 494 1060 nisi
519 1019 563 1059 in
589 1018 833 1060 inferiorem
853 1018 998 1060 locum
1019 1018 1069 1059 de
1089 1019 1308 1071 superiore
1330 1019 1502 1060 motus?
1525 1030 1558 1056 15

160 1080 310 1121 Potest
330 1079 492 1133 pulsus,
517 1076 706 1132 fugatus,
733 1077 891 1118 eiectus
913 1077 1112 1131 denique3
1139 1077 1246 1118 illud
1266 1091 1364 1119 vero
1384 1077 1504 1119 nullo

162 1139 287 1180 modo
326 1140 487 1192 potest,
529 1136 716 1177 deiectus
750 1149 841 1176 esse
875 1136 1119 1190 quisquam,
1156 1150 1244 1177 non
1275 1135 1400 1177 modo
1433 1136 1507 1190 qui

161 1199 302 1238 tactus
333 1210 420 1237 non
452 1196 521 1249 sit,
554 1194 628 1235 sed
659 1208 713 1234 ne
744 1194 788 1234 in
816 1208 950 1248 aequo
981 1194 1150 1249 quidem
1177 1198 1220 1236 et
1244 1194 1374 1249 plano
1401 1195 1506 1236 loco.

163 1255 273 1304 Quid
293 1255 426 1310 ergo?
452 1254 534 1295 hoc
554 1253 829 1294 interdictum
855 1256 1057 1307 putamus
1086 1267 1232 1294 eorum
1259 1266 1351 1294 esse
1379 1267 1506 1294 causa

163 1315 460 1368 compositum,
493 1313 566 1367 qui
597 1326 641 1354 se
667 1311 974 1366 praecipitatos
1003 1326 1053 1352 ex
1078 1312 1182 1353 locis
1209 1311 1503 1366 superioribus
1524 1324 1558 1349 20

164 1374 353 1415 dicerent
374 1371 464 1427 (eos
486 1372 598 1412 enim
623 1384 721 1411 vere
748 1384 976 1423 possumus
1004 1370 1141 1412 dicere
1167 1384 1258 1412 esse
1286 1370 1506 1424 deiectos),

96 1435 148 1477 18
165 1447 236 1485 an,
273 1446 369 1474 cum
400 1431 599 1472 voluntas
634 1431 676 1470 et
708 1429 933 1470 consilium
966 1433 1009 1470 et
1042 1430 1255 1470 sententia
1286 1429 1505 1470 interdicti

96 1737 135 1770 51

163 1491 453 1545 intellegatur,
486 1488 783 1544 inpudentiam
815 1502 1028 1529 summam
1060 1490 1134 1529 aut
1160 1488 1392 1529 stultitiam
1424 1488 1507 1529 sin-

165 1550 359 1606 gularem
397 1549 643 1602 putabimus
675 1547 718 1588 in
751 1547 978 1588 verborum
1017 1560 1157 1588 errore
1195 1547 1376 1600 versari,
1415 1560 1506 1588 rem

165 1612 208 1649 et
251 1622 423 1649 causam
465 1610 507 1648 et
547 1606 782 1647 utilitatem
824 1619 1090 1647 communem
1133 1619 1220 1647 non
1263 1605 1501 1660 relinquere
1523 1616 1556 1642 25

166 1667 318 1720 solum,
351 1666 424 1707 sed
457 1666 586 1707 etiam
618 1664 827 1718 prodere?

254 1726 322 1766 An
358 1725 439 1766 hoc
479 1724 654 1765 dubium
693 1726 775 1776 est,
814 1723 916 1777 quin
952 1736 1088 1777 neque
1126 1723 1354 1764 verborum
1385 1725 1509 1764 tanta

165 1784 289 1839 copia
327 1784 384 1823 sit
421 1798 507 1824 non
545 1782 670 1823 modo
708 1782 753 1822 in
791 1785 941 1823 nostra
987 1782 1152 1836 lingua,
1200 1796 1307 1836 quae
1353 1780 1509 1822 dicitur

166 1857 258 1884 esse
289 1843 426 1894 inops,
459 1841 533 1882 sed
564 1855 616 1882 ne
650 1841 694 1881 in
727 1841 809 1881 alia
841 1841 1010 1895 quidem
1041 1841 1145 1893 ulla,
1183 1854 1250 1881 res
1281 1841 1330 1881 ut
1362 1854 1508 1881 omnes

167 1902 254 1943 suis
292 1901 419 1942 certis
460 1914 508 1941 ac
547 1899 737 1955 propriis
777 1899 999 1940 vocabulis
1038 1899 1330 1951 nominentur,
1369 1912 1507 1953 neque
1529 1910 1562 1935 zo

165 1974 266 2002 vero
294 1959 519 2014 quicquam
548 1973 654 2013 opus
682 1959 741 1998 sit
766 1958 919 2010 verbis,
945 1972 1039 1999 cum
1060 1971 1109 1997 ea
1134 1970 1214 2010 res,
1240 1956 1358 1998 cuius
1382 1972 1510 1998 causa

165 2019 296 2060 verba
328 2017 524 2072 quaesita
557 2018 655 2070 sint,
688 2017 991 2071 intellegatur?
1037 2013 1152 2063 Quae
1184 2015 1264 2069 lex,
1298 2015 1411 2070 quod
1445 2030 1508 2057 se-

164 2080 293 2118 natus
319 2076 576 2128 consultum,
610 2075 723 2130 quod
749 2077 1028 2129 magistratus
1056 2073 1253 2127 edictum,
1287 2074 1399 2128 quod
1425 2074 1512 2115 foe-

167 2136 243 2177 dus
271 2138 345 2176 aut
370 2135 525 2189 pactio,
552 2134 677 2188 quod,
710 2136 758 2175 ut
785 2135 836 2175 ad
861 2134 1053 2188 privatas
1080 2146 1145 2173 res
1172 2133 1355 2187 redeam,
1379 2135 1511 2174 testa·

166 2197 376 2247 mentum,
417 2207 524 2246 quae
566 2192 709 2233 iudicii
751 2195 825 2233 aut
865 2191 1156 2246 stipulationis
1199 2194 1274 2232 aut
1313 2192 1429 2246 pacti
1468 2198 1512 2232 et
1531 2201 1565 2228 35

166 2253 364 2294 conventi
396 2251 580 2293 formula
612 2265 698 2292 non
730 2251 939 2292 infirmari
971 2251 1047 2290 aut
1072 2250 1257 2291 convelli
1284 2252 1440 2304 potest,
1476 2251 1511 2291 si

167 2311 220 2353 ad
263 2311 392 2353 verba
436 2325 526 2352 rem
578 2309 802 2350 deflectere
848 2309 1046 2363 velimus,
1097 2309 1324 2350 eonsilium
1370 2311 1514 2350 autem
