<?xml version="1.0" encoding="UTF-8"?>
<!DOCTYPE html PUBLIC "-//W3C//DTD XHTML 1.0 Transitional//EN"
    "http://www.w3.org/TR/xhtml1/DTD/xhtml1-transitional.dtd">
<html xmlns="http://www.w3.org/1999/xhtml" xml:lang="en" lang="en">
 <head>
  <title>
</title>
<meta http-equiv="Content-Type" content="text/html;charset=utf-8" />
  <meta name='ocr-system' content='tesseract 3.04.00' />
  <meta name='ocr-capabilities' content='ocr_page ocr_carea ocr_par ocr_line ocrx_word'/>
</head>
<body>
  <div class='ocr_page' id='page_1' title='image "./p2scriptaquaemanse02ciceuoft_0583.png"; bbox 0 0 1687 2533; ppageno 0'>
   <div class='ocr_carea' id='block_1_1' title="bbox 564 115 1412 159">
    <p class='ocr_par' dir='ltr' id='par_1_1' title="bbox 564 115 1412 159">
     <span class='ocr_line' id='line_1_1' title="bbox 564 115 1412 159; baseline 0.005 -8"><span class='ocrx_word' id='word_1_1' title='bbox 564 116 666 152; x_wconf 76' lang='lat' dir='ltr'><strong>CAP.</strong></span> <span class='ocrx_word' id='word_1_2' title='bbox 696 121 784 152; x_wconf 83' lang='lat'><strong>1—3</strong></span> <span class='ocrx_word' id='word_1_3' title='bbox 811 122 830 159; x_wconf 64' lang='lat' dir='ltr'>g</span> <span class='ocrx_word' id='word_1_4' title='bbox 856 121 960 152; x_wconf 76' lang='lat'><strong>2-7.</strong></span> <span class='ocrx_word' id='word_1_5' title='bbox 1328 115 1412 155; x_wconf 73' lang='lat'><strong>431</strong></span> 
     </span>
    </p>
   </div>
   <div class='ocr_carea' id='block_1_2' title="bbox 19 210 1529 2385">
    <p class='ocr_par' dir='ltr' id='par_1_2' title="bbox 19 210 1529 2385">
     <span class='ocr_line' id='line_1_2' title="bbox 69 210 1416 271; baseline -0.004 -14"><span class='ocrx_word' id='word_1_6' title='bbox 69 216 182 271; x_wconf 91' lang='lat' dir='ltr'><strong>lege,</strong></span> <span class='ocrx_word' id='word_1_7' title='bbox 213 229 300 256; x_wconf 88' lang='lat' dir='ltr'><strong>non</strong></span> <span class='ocrx_word' id='word_1_8' title='bbox 332 229 401 267; x_wconf 88' lang='lat' dir='ltr'><strong>ea,</strong></span> <span class='ocrx_word' id='word_1_9' title='bbox 434 228 541 268; x_wconf 88' lang='lat' dir='ltr'><strong>quae</strong></span> <span class='ocrx_word' id='word_1_10' title='bbox 575 213 624 254; x_wconf 90' lang='lat' dir='ltr'><strong>de</strong></span> <span class='ocrx_word' id='word_1_11' title='bbox 656 228 736 267; x_wconf 90' lang='lat' dir='ltr'><strong>me,</strong></span> <span class='ocrx_word' id='word_1_12' title='bbox 767 213 840 253; x_wconf 92' lang='lat' dir='ltr'><strong>sed</strong></span> <span class='ocrx_word' id='word_1_13' title='bbox 873 227 934 267; x_wconf 89' lang='lat' dir='ltr'><strong>ea,</strong></span> <span class='ocrx_word' id='word_1_14' title='bbox 967 227 1074 267; x_wconf 89' lang='lat' dir='ltr'><strong>quae</strong></span> <span class='ocrx_word' id='word_1_15' title='bbox 1107 212 1157 253; x_wconf 93' lang='lat' dir='ltr'><strong>de</strong></span> <span class='ocrx_word' id='word_1_16' title='bbox 1188 210 1293 266; x_wconf 88' lang='lat' dir='ltr'><strong>ipsis</strong></span> <span class='ocrx_word' id='word_1_17' title='bbox 1325 211 1416 252; x_wconf 86' lang='lat' dir='ltr'><strong>lata</strong></span> 
     </span>
     <span class='ocr_line' id='line_1_3' title="bbox 71 270 1415 328; baseline -0.004 -13"><span class='ocrx_word' id='word_1_18' title='bbox 71 277 174 328; x_wconf 89' lang='lat' dir='ltr'><strong>erat,</strong></span> <span class='ocrx_word' id='word_1_19' title='bbox 209 288 337 328; x_wconf 89' lang='lat' dir='ltr'><strong>quam</strong></span> <span class='ocrx_word' id='word_1_20' title='bbox 370 287 489 314; x_wconf 88' lang='lat' dir='ltr'><strong>meus</strong></span> <span class='ocrx_word' id='word_1_21' title='bbox 521 272 718 314; x_wconf 88' lang='lat' dir='ltr'><strong>inimicus</strong></span> <span class='ocrx_word' id='word_1_22' title='bbox 750 271 1057 327; x_wconf 68' lang='lat' dir='ltr'>promulgavit,</span> <span class='ocrx_word' id='word_1_23' title='bbox 1089 274 1148 325; x_wconf 93' lang='lat' dir='ltr'><strong>ut,</strong></span> <span class='ocrx_word' id='word_1_24' title='bbox 1181 271 1217 312; x_wconf 91' lang='lat' dir='ltr'><strong>si</strong></span> <span class='ocrx_word' id='word_1_25' title='bbox 1243 270 1415 311; x_wconf 76' lang='lat' dir='ltr'><strong>revixis-</strong></span> 
     </span>
     <span class='ocr_line' id='line_1_4' title="bbox 71 329 1415 386; baseline -0.004 -12"><span class='ocrx_word' id='word_1_26' title='bbox 71 336 166 375; x_wconf 92' lang='lat' dir='ltr'><strong>sent</strong></span> <span class='ocrx_word' id='word_1_27' title='bbox 203 333 251 386; x_wconf 93' lang='lat' dir='ltr'><strong>ii,</strong></span> <span class='ocrx_word' id='word_1_28' title='bbox 290 332 362 386; x_wconf 90' lang='lat' dir='ltr'><strong>qui</strong></span> <span class='ocrx_word' id='word_1_29' title='bbox 399 331 504 372; x_wconf 90' lang='lat' dir='ltr'><strong>haec</strong></span> <span class='ocrx_word' id='word_1_30' title='bbox 541 346 677 386; x_wconf 90' lang='lat' dir='ltr'><strong>paene</strong></span> <span class='ocrx_word' id='word_1_31' title='bbox 717 331 928 384; x_wconf 85' lang='lat' dir='ltr'><strong>delerunt,</strong></span> <span class='ocrx_word' id='word_1_32' title='bbox 967 333 1061 371; x_wconf 85' lang='lat' dir='ltr'><strong>tum</strong></span> <span class='ocrx_word' id='word_1_33' title='bbox 1100 344 1180 385; x_wconf 89' lang='lat' dir='ltr'><strong>ego</strong></span> <span class='ocrx_word' id='word_1_34' title='bbox 1214 329 1415 382; x_wconf 82' lang='lat' dir='ltr'><strong>redirem3</strong></span> 
     </span>
     <span class='ocr_line' id='line_1_5' title="bbox 71 388 1415 447; baseline -0.004 -14"><span class='ocrx_word' id='word_1_35' title='bbox 71 407 154 447; x_wconf 87' lang='lat' dir='ltr'><strong>quo</strong></span> <span class='ocrx_word' id='word_1_36' title='bbox 180 391 296 433; x_wconf 85' lang='lat' dir='ltr'><strong>facto</strong></span> <span class='ocrx_word' id='word_1_37' title='bbox 324 393 554 444; x_wconf 87' lang='lat' dir='ltr'><strong>utrumque</strong></span> <span class='ocrx_word' id='word_1_38' title='bbox 581 389 802 431; x_wconf 88' lang='lat' dir='ltr'><strong>confessus</strong></span> <span class='ocrx_word' id='word_1_39' title='bbox 830 392 906 443; x_wconf 90' lang='lat' dir='ltr'><strong>est,</strong></span> <span class='ocrx_word' id='word_1_40' title='bbox 940 392 982 430; x_wconf 92' lang='lat' dir='ltr'><strong>et</strong></span> <span class='ocrx_word' id='word_1_41' title='bbox 1009 404 1053 430; x_wconf 90' lang='lat' dir='ltr'><strong>se</strong></span> <span class='ocrx_word' id='word_1_42' title='bbox 1080 389 1254 430; x_wconf 91' lang='lat' dir='ltr'><strong>illorum</strong></span> <span class='ocrx_word' id='word_1_43' title='bbox 1281 388 1415 429; x_wconf 88' lang='lat' dir='ltr'><strong>vitam</strong></span> 
     </span>
     <span class='ocr_line' id='line_1_6' title="bbox 34 447 1416 504; baseline -0.004 -12"><span class='ocrx_word' id='word_1_44' title='bbox 34 463 51 488; x_wconf 83' lang='lat'>5</span> <span class='ocrx_word' id='word_1_45' title='bbox 72 450 314 492; x_wconf 81' lang='lat' dir='ltr'><strong>desiderare</strong></span> <span class='ocrx_word' id='word_1_46' title='bbox 342 452 385 491; x_wconf 93' lang='lat' dir='ltr'><strong>et</strong></span> <span class='ocrx_word' id='word_1_47' title='bbox 411 463 568 504; x_wconf 89' lang='lat' dir='ltr'><strong>magno</strong></span> <span class='ocrx_word' id='word_1_48' title='bbox 588 448 633 489; x_wconf 91' lang='lat' dir='ltr'><strong>in</strong></span> <span class='ocrx_word' id='word_1_49' title='bbox 652 448 843 503; x_wconf 87' lang='lat' dir='ltr'><strong>periculo</strong></span> <span class='ocrx_word' id='word_1_50' title='bbox 864 463 955 489; x_wconf 89' lang='lat' dir='ltr'><strong>rem</strong></span> <span class='ocrx_word' id='word_1_51' title='bbox 974 448 1193 503; x_wconf 80' lang='lat' dir='ltr'>publicam</span> <span class='ocrx_word' id='word_1_52' title='bbox 1212 447 1416 500; x_wconf 86' lang='lat' dir='ltr'><strong>futuram,</strong></span> 
     </span>
     <span class='ocr_line' id='line_1_7' title="bbox 71 506 1416 564; baseline -0.004 -13"><span class='ocrx_word' id='word_1_53' title='bbox 71 511 125 564; x_wconf 92' lang='lat' dir='ltr'><strong>si,</strong></span> <span class='ocrx_word' id='word_1_54' title='bbox 164 525 260 551; x_wconf 88' lang='lat' dir='ltr'><strong>cum</strong></span> <span class='ocrx_word' id='word_1_55' title='bbox 297 509 445 550; x_wconf 86' lang='lat' dir='ltr'><strong>hostes</strong></span> <span class='ocrx_word' id='word_1_56' title='bbox 484 511 611 562; x_wconf 87' lang='lat' dir='ltr'><strong>atque</strong></span> <span class='ocrx_word' id='word_1_57' title='bbox 649 507 948 549; x_wconf 72' lang='lat' dir='ltr'><strong>interfectores</strong></span> <span class='ocrx_word' id='word_1_58' title='bbox 987 506 1049 548; x_wconf 90' lang='lat' dir='ltr'><strong>rei</strong></span> <span class='ocrx_word' id='word_1_59' title='bbox 1081 506 1278 560; x_wconf 86' lang='lat' dir='ltr'><strong>publicae</strong></span> <span class='ocrx_word' id='word_1_60' title='bbox 1310 506 1416 546; x_wconf 88' lang='lat' dir='ltr'><strong>revi-</strong></span> 
     </span>
     <span class='ocr_line' id='line_1_8' title="bbox 70 565 1416 623; baseline -0.003 -14"><span class='ocrx_word' id='word_1_61' title='bbox 70 569 245 621; x_wconf 82' lang='lat' dir='ltr'><strong>xissent,</strong></span> <span class='ocrx_word' id='word_1_62' title='bbox 281 582 360 623; x_wconf 89' lang='lat' dir='ltr'><strong>ego</strong></span> <span class='ocrx_word' id='word_1_63' title='bbox 393 582 481 608; x_wconf 88' lang='lat' dir='ltr'><strong>non</strong></span> <span class='ocrx_word' id='word_1_64' title='bbox 510 566 796 608; x_wconf 80' lang='lat' dir='ltr'><strong>revertissem.</strong></span> <span class='ocrx_word' id='word_1_65' title='bbox 859 565 1002 620; x_wconf 89' lang='lat' dir='ltr'><strong>Atque</strong></span> <span class='ocrx_word' id='word_1_66' title='bbox 1034 565 1110 606; x_wconf 93' lang='lat' dir='ltr'><strong>illo</strong></span> <span class='ocrx_word' id='word_1_67' title='bbox 1142 565 1236 620; x_wconf 93' lang='lat' dir='ltr'><strong>ipso</strong></span> <span class='ocrx_word' id='word_1_68' title='bbox 1269 568 1416 606; x_wconf 91' lang='lat' dir='ltr'><strong>tamen</strong></span> 
     </span>
     <span class='ocr_line' id='line_1_9' title="bbox 72 624 1417 681; baseline -0.003 -12"><span class='ocrx_word' id='word_1_69' title='bbox 72 642 195 681; x_wconf 89' lang='lat' dir='ltr'><strong>anno,</strong></span> <span class='ocrx_word' id='word_1_70' title='bbox 227 642 323 669; x_wconf 87' lang='lat' dir='ltr'><strong>cum</strong></span> <span class='ocrx_word' id='word_1_71' title='bbox 350 640 429 680; x_wconf 87' lang='lat' dir='ltr'><strong>ego</strong></span> <span class='ocrx_word' id='word_1_72' title='bbox 456 625 689 679; x_wconf 79' lang='lat' dir='ltr'><strong>cessissem,</strong></span> <span class='ocrx_word' id='word_1_73' title='bbox 721 625 918 679; x_wconf 88' lang='lat' dir='ltr'><strong>princeps</strong></span> <span class='ocrx_word' id='word_1_74' title='bbox 946 627 1087 666; x_wconf 91' lang='lat' dir='ltr'><strong>autem</strong></span> <span class='ocrx_word' id='word_1_75' title='bbox 1116 624 1304 666; x_wconf 86' lang='lat' dir='ltr'><strong>civitatis</strong></span> <span class='ocrx_word' id='word_1_76' title='bbox 1331 638 1417 665; x_wconf 86' lang='lat' dir='ltr'><strong>non</strong></span> 
     </span>
     <span class='ocr_line' id='line_1_10' title="bbox 71 684 1417 742; baseline -0.003 -15"><span class='ocrx_word' id='word_1_77' title='bbox 71 687 217 742; x_wconf 91' lang='lat' dir='ltr'><strong>legum</strong></span> <span class='ocrx_word' id='word_1_78' title='bbox 255 685 486 739; x_wconf 87' lang='lat' dir='ltr'><strong>praesidio,</strong></span> <span class='ocrx_word' id='word_1_79' title='bbox 524 685 594 725; x_wconf 87' lang='lat' dir='ltr'><strong>sed</strong></span> <span class='ocrx_word' id='word_1_80' title='bbox 634 684 848 738; x_wconf 88' lang='lat' dir='ltr'><strong>parietum</strong></span> <span class='ocrx_word' id='word_1_81' title='bbox 881 684 1015 725; x_wconf 86' lang='lat' dir='ltr'><strong>vitam</strong></span> <span class='ocrx_word' id='word_1_82' title='bbox 1055 698 1174 724; x_wconf 91' lang='lat' dir='ltr'><strong>suam</strong></span> <span class='ocrx_word' id='word_1_83' title='bbox 1214 685 1417 736; x_wconf 88' lang='lat' dir='ltr'><strong>tueretur,</strong></span> 
     </span>
     <span class='ocr_line' id='line_1_11' title="bbox 19 742 1416 798; baseline -0.001 -15"><span class='ocrx_word' id='word_1_84' title='bbox 19 758 53 783; x_wconf 78' lang='grc' dir='ltr'><strong>ιο</strong></span> <span class='ocrx_word' id='word_1_85' title='bbox 72 760 140 786; x_wconf 93' lang='lat' dir='ltr'><strong>res</strong></span> <span class='ocrx_word' id='word_1_86' title='bbox 174 745 345 798; x_wconf 89' lang='lat' dir='ltr'><strong>publica</strong></span> <span class='ocrx_word' id='word_1_87' title='bbox 377 744 468 785; x_wconf 89' lang='lat' dir='ltr'><strong>sine</strong></span> <span class='ocrx_word' id='word_1_88' title='bbox 500 743 747 785; x_wconf 89' lang='lat' dir='ltr'><strong>consulibus</strong></span> <span class='ocrx_word' id='word_1_89' title='bbox 781 745 903 784; x_wconf 85' lang='lat' dir='ltr'><strong>esset</strong></span> <span class='ocrx_word' id='word_1_90' title='bbox 924 757 1061 796; x_wconf 86' lang='lat' dir='ltr'><strong>neque</strong></span> <span class='ocrx_word' id='word_1_91' title='bbox 1094 742 1232 783; x_wconf 89' lang='lat' dir='ltr'><strong>solum</strong></span> <span class='ocrx_word' id='word_1_92' title='bbox 1265 755 1416 797; x_wconf 87' lang='lat' dir='ltr'><strong>paren-</strong></span> 
     </span>
     <span class='ocr_line' id='line_1_12' title="bbox 71 801 1418 858; baseline -0.003 -13"><span class='ocrx_word' id='word_1_93' title='bbox 71 805 188 845; x_wconf 88' lang='lat' dir='ltr'><strong>tibus</strong></span> <span class='ocrx_word' id='word_1_94' title='bbox 226 803 461 858; x_wconf 88' lang='lat' dir='ltr'><strong>perpetuis,</strong></span> <span class='ocrx_word' id='word_1_95' title='bbox 499 817 648 843; x_wconf 83' lang='lat' dir='ltr'><strong>verum</strong></span> <span class='ocrx_word' id='word_1_96' title='bbox 686 802 817 842; x_wconf 89' lang='lat' dir='ltr'><strong>etiam</strong></span> <span class='ocrx_word' id='word_1_97' title='bbox 854 801 1072 842; x_wconf 89' lang='lat' dir='ltr'><strong>tutoribus</strong></span> <span class='ocrx_word' id='word_1_98' title='bbox 1113 801 1264 843; x_wconf 87' lang='lat' dir='ltr'><strong>annuis</strong></span> <span class='ocrx_word' id='word_1_99' title='bbox 1305 802 1418 841; x_wconf 85' lang='lat' dir='ltr'><strong>esset</strong></span> 
     </span>
     <span class='ocr_line' id='line_1_13' title="bbox 73 860 1416 916; baseline -0.004 -11"><span class='ocrx_word' id='word_1_100' title='bbox 73 864 243 916; x_wconf 92' lang='lat' dir='ltr'><strong>orbata,</strong></span> <span class='ocrx_word' id='word_1_101' title='bbox 287 861 522 903; x_wconf 89' lang='lat' dir='ltr'><strong>sententias</strong></span> <span class='ocrx_word' id='word_1_102' title='bbox 561 861 698 902; x_wconf 86' lang='lat' dir='ltr'><strong>dicere</strong></span> <span class='ocrx_word' id='word_1_103' title='bbox 735 860 1091 915; x_wconf 87' lang='lat' dir='ltr'><strong>prohiberemini,</strong></span> <span class='ocrx_word' id='word_1_104' title='bbox 1130 862 1258 914; x_wconf 88' lang='lat' dir='ltr'><strong>caput</strong></span> <span class='ocrx_word' id='word_1_105' title='bbox 1297 873 1416 900; x_wconf 86' lang='lat' dir='ltr'><strong>meae</strong></span> 
     </span>
     <span class='ocr_line' id='line_1_14' title="bbox 72 919 1415 979; baseline -0.003 -16"><span class='ocrx_word' id='word_1_106' title='bbox 72 921 399 979; x_wconf 74' lang='lat' dir='ltr'><strong>proscriptionis</strong></span> <span class='ocrx_word' id='word_1_107' title='bbox 437 920 706 973; x_wconf 82' lang='lat' dir='ltr'><strong>recitaretur,</strong></span> <span class='ocrx_word' id='word_1_108' title='bbox 743 934 979 974; x_wconf 83' lang='lat' dir='ltr'><strong>numquam</strong></span> <span class='ocrx_word' id='word_1_109' title='bbox 1013 919 1242 960; x_wconf 83' lang='lat' dir='ltr'><strong>dubitastis</strong></span> <span class='ocrx_word' id='word_1_110' title='bbox 1276 933 1415 959; x_wconf 91' lang='lat' dir='ltr'><strong>meam</strong></span> 
     </span>
     <span class='ocr_line' id='line_1_15' title="bbox 74 963 1469 1046; baseline -0.004 -24"><span class='ocrx_word' id='word_1_111' title='bbox 74 981 260 1022; x_wconf 89' lang='lat' dir='ltr'><strong>salutem</strong></span> <span class='ocrx_word' id='word_1_112' title='bbox 292 995 387 1021; x_wconf 89' lang='lat' dir='ltr'><strong>cum</strong></span> <span class='ocrx_word' id='word_1_113' title='bbox 413 978 629 1021; x_wconf 90' lang='lat' dir='ltr'><strong>communi</strong></span> <span class='ocrx_word' id='word_1_114' title='bbox 656 979 791 1019; x_wconf 88' lang='lat' dir='ltr'><strong>salute</strong></span> <span class='ocrx_word' id='word_1_115' title='bbox 818 978 1087 1033; x_wconf 89' lang='lat' dir='ltr'><strong>coniungere.</strong></span> <span class='ocrx_word' id='word_1_116' title='bbox 1131 977 1290 1018; x_wconf 82' lang='lat' dir='ltr'><strong>Postea</strong></span> <span class='ocrx_word' id='word_1_117' title='bbox 1315 991 1414 1018; x_wconf 89' lang='lat' dir='ltr'><strong>vero</strong></span> <span class='ocrx_word' id='word_1_118' title='bbox 1442 963 1469 1046; x_wconf 64' lang='grc' dir='ltr'>ἓ</span> 
     </span>
     <span class='ocr_line' id='line_1_16' title="bbox 21 1035 1417 1094; baseline -0.001 -17"><span class='ocrx_word' id='word_1_119' title='bbox 21 1052 54 1077; x_wconf 87' lang='lat'><strong>15</strong></span> <span class='ocrx_word' id='word_1_120' title='bbox 75 1055 203 1094; x_wconf 89' lang='lat' dir='ltr'><strong>quam</strong></span> <span class='ocrx_word' id='word_1_121' title='bbox 241 1039 451 1094; x_wconf 81' lang='lat' dir='ltr'><strong>singulari</strong></span> <span class='ocrx_word' id='word_1_122' title='bbox 489 1041 531 1079; x_wconf 86' lang='lat' dir='ltr'><strong>et</strong></span> <span class='ocrx_word' id='word_1_123' title='bbox 561 1037 938 1093; x_wconf 87' lang='lat' dir='ltr'><strong>praestantissima</strong></span> <span class='ocrx_word' id='word_1_124' title='bbox 975 1037 1135 1078; x_wconf 87' lang='lat' dir='ltr'><strong>virtute</strong></span> <span class='ocrx_word' id='word_1_125' title='bbox 1166 1036 1211 1077; x_wconf 90' lang='lat' dir='ltr'><strong>P.</strong></span> <span class='ocrx_word' id='word_1_126' title='bbox 1242 1035 1417 1077; x_wconf 84' lang='lat' dir='ltr'><strong>Lentuli</strong></span> 
     </span>
     <span class='ocr_line' id='line_1_17' title="bbox 73 1095 1417 1152; baseline -0.004 -11"><span class='ocrx_word' id='word_1_127' title='bbox 73 1098 261 1141; x_wconf 84' lang='lat' dir='ltr'><strong>consulis</strong></span> <span class='ocrx_word' id='word_1_128' title='bbox 294 1113 343 1138; x_wconf 81' lang='lat' dir='ltr'><strong>ex</strong></span> <span class='ocrx_word' id='word_1_129' title='bbox 376 1096 608 1152; x_wconf 88' lang='lat' dir='ltr'><strong>superioris</strong></span> <span class='ocrx_word' id='word_1_130' title='bbox 641 1097 741 1137; x_wconf 90' lang='lat' dir='ltr'><strong>anni</strong></span> <span class='ocrx_word' id='word_1_131' title='bbox 773 1096 955 1151; x_wconf 87' lang='lat' dir='ltr'><strong>caligine</strong></span> <span class='ocrx_word' id='word_1_132' title='bbox 988 1099 1031 1136; x_wconf 94' lang='lat' dir='ltr'><strong>et</strong></span> <span class='ocrx_word' id='word_1_133' title='bbox 1056 1095 1244 1136; x_wconf 88' lang='lat' dir='ltr'><strong>tenebris</strong></span> <span class='ocrx_word' id='word_1_134' title='bbox 1278 1095 1417 1136; x_wconf 87' lang='lat' dir='ltr'><strong>lucem</strong></span> 
     </span>
     <span class='ocr_line' id='line_1_18' title="bbox 74 1153 1417 1210; baseline -0.003 -12"><span class='ocrx_word' id='word_1_135' title='bbox 74 1158 120 1199; x_wconf 87' lang='lat' dir='ltr'><strong>in</strong></span> <span class='ocrx_word' id='word_1_136' title='bbox 161 1172 208 1200; x_wconf 86' lang='lat' dir='ltr'><strong>re</strong></span> <span class='ocrx_word' id='word_1_137' title='bbox 251 1156 425 1210; x_wconf 88' lang='lat' dir='ltr'><strong>publica</strong></span> <span class='ocrx_word' id='word_1_138' title='bbox 463 1155 668 1197; x_wconf 84' lang='lat' dir='ltr'><strong>Kalendis</strong></span> <span class='ocrx_word' id='word_1_139' title='bbox 705 1154 917 1196; x_wconf 80' lang='lat' dir='ltr'><strong>Ianuariis</strong></span> <span class='ocrx_word' id='word_1_140' title='bbox 957 1154 1164 1209; x_wconf 81' lang='lat' dir='ltr'><strong>dispicere</strong></span> <span class='ocrx_word' id='word_1_141' title='bbox 1202 1153 1417 1207; x_wconf 84' lang='lat' dir='ltr'><strong>coepistis,</strong></span> 
     </span>
     <span class='ocr_line' id='line_1_19' title="bbox 74 1211 1417 1268; baseline -0.003 -11"><span class='ocrx_word' id='word_1_142' title='bbox 74 1231 171 1257; x_wconf 91' lang='lat' dir='ltr'><strong>cum</strong></span> <span class='ocrx_word' id='word_1_143' title='bbox 210 1214 258 1265; x_wconf 79' lang='lat' dir='ltr'><strong>Q.</strong></span> <span class='ocrx_word' id='word_1_144' title='bbox 302 1215 487 1267; x_wconf 88' lang='lat' dir='ltr'><strong>Metelli,</strong></span> <span class='ocrx_word' id='word_1_145' title='bbox 543 1214 803 1256; x_wconf 86' lang='lat' dir='ltr'><strong>nobilissimi</strong></span> <span class='ocrx_word' id='word_1_146' title='bbox 852 1213 1039 1255; x_wconf 89' lang='lat' dir='ltr'><strong>hominis</strong></span> <span class='ocrx_word' id='word_1_147' title='bbox 1091 1216 1219 1268; x_wconf 89' lang='lat' dir='ltr'><strong>atque</strong></span> <span class='ocrx_word' id='word_1_148' title='bbox 1264 1211 1417 1267; x_wconf 88' lang='lat' dir='ltr'><strong>optimi</strong></span> 
     </span>
     <span class='ocr_line' id='line_1_20' title="bbox 73 1271 1417 1329; baseline -0.003 -13"><span class='ocrx_word' id='word_1_149' title='bbox 73 1275 174 1329; x_wconf 86' lang='lat' dir='ltr'><strong>viri,</strong></span> <span class='ocrx_word' id='word_1_150' title='bbox 205 1289 373 1316; x_wconf 88' lang='lat' dir='ltr'><strong>summa</strong></span> <span class='ocrx_word' id='word_1_151' title='bbox 405 1274 605 1329; x_wconf 83' lang='lat' dir='ltr'><strong>dignitas,</strong></span> <span class='ocrx_word' id='word_1_152' title='bbox 636 1287 730 1315; x_wconf 84' lang='lat' dir='ltr'><strong>cum</strong></span> <span class='ocrx_word' id='word_1_153' title='bbox 761 1275 1023 1327; x_wconf 84' lang='lat' dir='ltr'><strong>praetorum,</strong></span> <span class='ocrx_word' id='word_1_154' title='bbox 1054 1272 1327 1313; x_wconf 88' lang='lat' dir='ltr'><strong>tribunorum</strong></span> <span class='ocrx_word' id='word_1_155' title='bbox 1359 1271 1417 1325; x_wconf 90' lang='lat' dir='ltr'><strong>pl.</strong></span> 
     </span>
     <span class='ocr_line' id='line_1_21' title="bbox 22 1331 1417 1389; baseline -0.004 -14"><span class='ocrx_word' id='word_1_156' title='bbox 22 1346 56 1371; x_wconf 84' lang='lat'><strong>20</strong></span> <span class='ocrx_word' id='word_1_157' title='bbox 75 1348 209 1389; x_wconf 86' lang='lat' dir='ltr'><strong>paene</strong></span> <span class='ocrx_word' id='word_1_158' title='bbox 241 1333 431 1375; x_wconf 89' lang='lat' dir='ltr'><strong>omnium</strong></span> <span class='ocrx_word' id='word_1_159' title='bbox 462 1333 599 1373; x_wconf 83' lang='lat' dir='ltr'><strong>virtus</strong></span> <span class='ocrx_word' id='word_1_160' title='bbox 627 1335 670 1372; x_wconf 92' lang='lat' dir='ltr'><strong>et</strong></span> <span class='ocrx_word' id='word_1_161' title='bbox 693 1331 798 1372; x_wconf 86' lang='lat' dir='ltr'><strong>fides</strong></span> <span class='ocrx_word' id='word_1_162' title='bbox 824 1331 887 1371; x_wconf 89' lang='lat' dir='ltr'><strong>rei</strong></span> <span class='ocrx_word' id='word_1_163' title='bbox 912 1331 1109 1385; x_wconf 84' lang='lat' dir='ltr'><strong>publicae</strong></span> <span class='ocrx_word' id='word_1_164' title='bbox 1136 1331 1417 1383; x_wconf 85' lang='lat' dir='ltr'><strong>subvenisset,</strong></span> 
     </span>
     <span class='ocr_line' id='line_1_22' title="bbox 77 1388 1417 1446; baseline -0.004 -12"><span class='ocrx_word' id='word_1_165' title='bbox 77 1408 172 1435; x_wconf 90' lang='lat' dir='ltr'><strong>cum</strong></span> <span class='ocrx_word' id='word_1_166' title='bbox 204 1393 379 1444; x_wconf 88' lang='lat' dir='ltr'><strong>virtute,</strong></span> <span class='ocrx_word' id='word_1_167' title='bbox 419 1391 575 1446; x_wconf 89' lang='lat' dir='ltr'><strong>gloria,</strong></span> <span class='ocrx_word' id='word_1_168' title='bbox 612 1391 739 1431; x_wconf 91' lang='lat' dir='ltr'><strong>rebus</strong></span> <span class='ocrx_word' id='word_1_169' title='bbox 772 1389 906 1444; x_wconf 85' lang='lat' dir='ltr'><strong>gestis</strong></span> <span class='ocrx_word' id='word_1_170' title='bbox 939 1388 1014 1430; x_wconf 82' lang='lat' dir='ltr'><strong>Cn.</strong></span> <span class='ocrx_word' id='word_1_171' title='bbox 1055 1388 1289 1442; x_wconf 89' lang='lat' dir='ltr'><strong>Pompeius</strong></span> <span class='ocrx_word' id='word_1_172' title='bbox 1330 1403 1417 1429; x_wconf 91' lang='lat' dir='ltr'><strong>om-</strong></span> 
     </span>
     <span class='ocr_line' id='line_1_23' title="bbox 75 1447 1417 1506; baseline -0.004 -13"><span class='ocrx_word' id='word_1_173' title='bbox 75 1452 193 1493; x_wconf 88' lang='lat' dir='ltr'><strong>nium</strong></span> <span class='ocrx_word' id='word_1_174' title='bbox 226 1451 436 1506; x_wconf 89' lang='lat' dir='ltr'><strong>gentium,</strong></span> <span class='ocrx_word' id='word_1_175' title='bbox 474 1449 664 1491; x_wconf 91' lang='lat' dir='ltr'><strong>omnium</strong></span> <span class='ocrx_word' id='word_1_176' title='bbox 697 1449 983 1500; x_wconf 86' lang='lat' dir='ltr'><strong>saeculorum,</strong></span> <span class='ocrx_word' id='word_1_177' title='bbox 1015 1448 1153 1488; x_wconf 88' lang='lat' dir='ltr'><strong>omnis</strong></span> <span class='ocrx_word' id='word_1_178' title='bbox 1187 1447 1417 1488; x_wconf 87' lang='lat' dir='ltr'><strong>memoriae</strong></span> 
     </span>
     <span class='ocr_line' id='line_1_24' title="bbox 76 1506 1418 1563; baseline -0.004 -12"><span class='ocrx_word' id='word_1_179' title='bbox 76 1510 201 1551; x_wconf 89' lang='lat' dir='ltr'><strong>facile</strong></span> <span class='ocrx_word' id='word_1_180' title='bbox 227 1509 437 1563; x_wconf 88' lang='lat' dir='ltr'><strong>princeps,</strong></span> <span class='ocrx_word' id='word_1_181' title='bbox 463 1510 558 1549; x_wconf 92' lang='lat' dir='ltr'><strong>tuto</strong></span> <span class='ocrx_word' id='word_1_182' title='bbox 587 1522 630 1548; x_wconf 90' lang='lat' dir='ltr'><strong>se</strong></span> <span class='ocrx_word' id='word_1_183' title='bbox 656 1507 801 1548; x_wconf 86' lang='lat' dir='ltr'><strong>venire</strong></span> <span class='ocrx_word' id='word_1_184' title='bbox 827 1507 872 1547; x_wconf 91' lang='lat' dir='ltr'><strong>in</strong></span> <span class='ocrx_word' id='word_1_185' title='bbox 898 1508 1095 1547; x_wconf 88' lang='lat' dir='ltr'><strong>senatum</strong></span> <span class='ocrx_word' id='word_1_186' title='bbox 1122 1506 1418 1558; x_wconf 83' lang='lat' dir='ltr'><strong>arbitraretur,</strong></span> 
     </span>
     <span class='ocr_line' id='line_1_25' title="bbox 75 1564 1417 1618; baseline -0.004 -8"><span class='ocrx_word' id='word_1_187' title='bbox 75 1571 224 1610; x_wconf 86' lang='lat' dir='ltr'><strong>tantus</strong></span> <span class='ocrx_word' id='word_1_188' title='bbox 256 1571 399 1609; x_wconf 86' lang='lat' dir='ltr'><strong>vester</strong></span> <span class='ocrx_word' id='word_1_189' title='bbox 431 1581 662 1609; x_wconf 85' lang='lat' dir='ltr'><strong>consensus</strong></span> <span class='ocrx_word' id='word_1_190' title='bbox 695 1566 744 1606; x_wconf 85' lang='lat' dir='ltr'><strong>de</strong></span> <span class='ocrx_word' id='word_1_191' title='bbox 778 1566 916 1606; x_wconf 87' lang='lat' dir='ltr'><strong>salute</strong></span> <span class='ocrx_word' id='word_1_192' title='bbox 943 1580 1038 1605; x_wconf 89' lang='lat' dir='ltr'><strong>mea</strong></span> <span class='ocrx_word' id='word_1_193' title='bbox 1063 1564 1157 1618; x_wconf 85' lang='lat' dir='ltr'><strong>fuit,</strong></span> <span class='ocrx_word' id='word_1_194' title='bbox 1190 1567 1238 1605; x_wconf 91' lang='lat' dir='ltr'><strong>ut</strong></span> <span class='ocrx_word' id='word_1_195' title='bbox 1263 1578 1417 1618; x_wconf 88' lang='lat' dir='ltr'><strong>corpus</strong></span> 
     </span>
     <span class='ocr_line' id='line_1_26' title="bbox 21 1623 1417 1680; baseline -0.004 -11"><span class='ocrx_word' id='word_1_196' title='bbox 21 1639 55 1665; x_wconf 82' lang='lat'><strong>25</strong></span> <span class='ocrx_word' id='word_1_197' title='bbox 81 1628 252 1669; x_wconf 88' lang='lat' dir='ltr'><strong>abesset</strong></span> <span class='ocrx_word' id='word_1_198' title='bbox 295 1641 456 1680; x_wconf 89' lang='lat' dir='ltr'><strong>meum,</strong></span> <span class='ocrx_word' id='word_1_199' title='bbox 499 1625 686 1680; x_wconf 80' lang='lat' dir='ltr'><strong>dignitas</strong></span> <span class='ocrx_word' id='word_1_200' title='bbox 726 1625 811 1665; x_wconf 87' lang='lat' dir='ltr'><strong>iam</strong></span> <span class='ocrx_word' id='word_1_201' title='bbox 849 1624 894 1665; x_wconf 93' lang='lat' dir='ltr'><strong>in</strong></span> <span class='ocrx_word' id='word_1_202' title='bbox 930 1623 1118 1678; x_wconf 86' lang='lat' dir='ltr'><strong>patriam</strong></span> <span class='ocrx_word' id='word_1_203' title='bbox 1156 1623 1417 1665; x_wconf 82' lang='lat' dir='ltr'><strong>revertisset.</strong></span> 
     </span>
     <span class='ocr_line' id='line_1_27' title="bbox 78 1682 1464 1740; baseline -0.004 -12"><span class='ocrx_word' id='word_1_204' title='bbox 78 1686 170 1735; x_wconf 76' lang='lat' dir='ltr'><strong>Quo</strong></span> <span class='ocrx_word' id='word_1_205' title='bbox 208 1686 378 1740; x_wconf 88' lang='lat' dir='ltr'><strong>quidem</strong></span> <span class='ocrx_word' id='word_1_206' title='bbox 415 1699 577 1738; x_wconf 88' lang='lat' dir='ltr'><strong>mense,</strong></span> <span class='ocrx_word' id='word_1_207' title='bbox 614 1684 716 1738; x_wconf 83' lang='lat' dir='ltr'><strong>quid</strong></span> <span class='ocrx_word' id='word_1_208' title='bbox 755 1683 867 1724; x_wconf 89' lang='lat' dir='ltr'><strong>inter</strong></span> <span class='ocrx_word' id='word_1_209' title='bbox 899 1697 966 1723; x_wconf 94' lang='lat' dir='ltr'><strong>me</strong></span> <span class='ocrx_word' id='word_1_210' title='bbox 999 1684 1041 1723; x_wconf 88' lang='lat' dir='ltr'><strong>et</strong></span> <span class='ocrx_word' id='word_1_211' title='bbox 1074 1697 1189 1723; x_wconf 92' lang='lat' dir='ltr'><strong>meos</strong></span> <span class='ocrx_word' id='word_1_212' title='bbox 1221 1682 1416 1723; x_wconf 88' lang='lat' dir='ltr'><strong>inimicos</strong></span> <span class='ocrx_word' id='word_1_213' title='bbox 1444 1693 1464 1723; x_wconf 83' lang='lat'>6</span> 
     </span>
     <span class='ocr_line' id='line_1_28' title="bbox 77 1741 1418 1798; baseline -0.004 -11"><span class='ocrx_word' id='word_1_214' title='bbox 77 1747 321 1798; x_wconf 88' lang='lat' dir='ltr'><strong>interesset,</strong></span> <span class='ocrx_word' id='word_1_215' title='bbox 359 1744 605 1785; x_wconf 82' lang='lat' dir='ltr'><strong>existimare</strong></span> <span class='ocrx_word' id='word_1_216' title='bbox 642 1742 856 1796; x_wconf 84' lang='lat' dir='ltr'><strong>potuistis.</strong></span> <span class='ocrx_word' id='word_1_217' title='bbox 917 1741 1014 1795; x_wconf 84' lang='lat' dir='ltr'><strong>Ego</strong></span> <span class='ocrx_word' id='word_1_218' title='bbox 1053 1755 1192 1782; x_wconf 92' lang='lat' dir='ltr'><strong>meam</strong></span> <span class='ocrx_word' id='word_1_219' title='bbox 1232 1741 1418 1781; x_wconf 89' lang='lat' dir='ltr'><strong>salutem</strong></span> 
     </span>
     <span class='ocr_line' id='line_1_29' title="bbox 79 1799 1417 1857; baseline -0.004 -12"><span class='ocrx_word' id='word_1_220' title='bbox 79 1805 256 1857; x_wconf 90' lang='lat' dir='ltr'><strong>deserui,</strong></span> <span class='ocrx_word' id='word_1_221' title='bbox 286 1818 340 1844; x_wconf 93' lang='lat' dir='ltr'><strong>ne</strong></span> <span class='ocrx_word' id='word_1_222' title='bbox 372 1805 548 1857; x_wconf 88' lang='lat' dir='ltr'><strong>propter</strong></span> <span class='ocrx_word' id='word_1_223' title='bbox 579 1816 646 1843; x_wconf 89' lang='lat' dir='ltr'><strong>me</strong></span> <span class='ocrx_word' id='word_1_224' title='bbox 679 1801 834 1842; x_wconf 91' lang='lat' dir='ltr'><strong>civium</strong></span> <span class='ocrx_word' id='word_1_225' title='bbox 865 1799 1112 1842; x_wconf 84' lang='lat' dir='ltr'><strong>vulneribus</strong></span> <span class='ocrx_word' id='word_1_226' title='bbox 1144 1814 1211 1841; x_wconf 91' lang='lat' dir='ltr'><strong>res</strong></span> <span class='ocrx_word' id='word_1_227' title='bbox 1243 1799 1417 1854; x_wconf 89' lang='lat' dir='ltr'><strong>publica</strong></span> 
     </span>
     <span class='ocr_line' id='line_1_30' title="bbox 79 1858 1419 1916; baseline -0.004 -12"><span class='ocrx_word' id='word_1_228' title='bbox 79 1865 393 1916; x_wconf 87' lang='lat' dir='ltr'><strong>cruentaretur,</strong></span> <span class='ocrx_word' id='word_1_229' title='bbox 431 1862 497 1902; x_wconf 90' lang='lat' dir='ltr'><strong>illi</strong></span> <span class='ocrx_word' id='word_1_230' title='bbox 535 1875 677 1902; x_wconf 89' lang='lat' dir='ltr'><strong>meum</strong></span> <span class='ocrx_word' id='word_1_231' title='bbox 714 1859 898 1900; x_wconf 87' lang='lat' dir='ltr'><strong>reditum</strong></span> <span class='ocrx_word' id='word_1_232' title='bbox 935 1873 1022 1900; x_wconf 89' lang='lat' dir='ltr'><strong>non</strong></span> <span class='ocrx_word' id='word_1_233' title='bbox 1053 1859 1203 1913; x_wconf 90' lang='lat' dir='ltr'><strong>populi</strong></span> <span class='ocrx_word' id='word_1_234' title='bbox 1233 1858 1419 1900; x_wconf 87' lang='lat' dir='ltr'><strong>Romani</strong></span> 
     </span>
     <span class='ocr_line' id='line_1_31' title="bbox 26 1917 1418 1976; baseline -0.005 -13"><span class='ocrx_word' id='word_1_235' title='bbox 26 1933 60 1958; x_wconf 79' lang='lat'><strong>³0</strong></span> <span class='ocrx_word' id='word_1_236' title='bbox 80 1921 309 1976; x_wconf 85' lang='lat' dir='ltr'><strong>suffragiis,</strong></span> <span class='ocrx_word' id='word_1_237' title='bbox 341 1921 414 1961; x_wconf 90' lang='lat' dir='ltr'><strong>sed</strong></span> <span class='ocrx_word' id='word_1_238' title='bbox 445 1920 618 1961; x_wconf 87' lang='lat' dir='ltr'><strong>flumine</strong></span> <span class='ocrx_word' id='word_1_239' title='bbox 651 1918 870 1973; x_wconf 88' lang='lat' dir='ltr'><strong>sanguinis</strong></span> <span class='ocrx_word' id='word_1_240' title='bbox 902 1917 1270 1959; x_wconf 88' lang='lat' dir='ltr'><strong>intercludendum</strong></span> <span class='ocrx_word' id='word_1_241' title='bbox 1296 1919 1418 1971; x_wconf 88' lang='lat' dir='ltr'><strong>puta-</strong></span> 
     </span>
     <span class='ocr_line' id='line_1_32' title="bbox 78 1974 1418 2033; baseline -0.004 -12"><span class='ocrx_word' id='word_1_242' title='bbox 78 1985 241 2022; x_wconf 84' lang='lat' dir='ltr'><strong>verunt.</strong></span> <span class='ocrx_word' id='word_1_243' title='bbox 301 1979 452 2033; x_wconf 84' lang='lat' dir='ltr'><strong>Itaque</strong></span> <span class='ocrx_word' id='word_1_244' title='bbox 489 1981 640 2033; x_wconf 86' lang='lat' dir='ltr'><strong>postea</strong></span> <span class='ocrx_word' id='word_1_245' title='bbox 671 1978 778 2018; x_wconf 87' lang='lat' dir='ltr'><strong>nihil</strong></span> <span class='ocrx_word' id='word_1_246' title='bbox 811 1991 887 2018; x_wconf 84' lang='lat' dir='ltr'><strong>vos</strong></span> <span class='ocrx_word' id='word_1_247' title='bbox 920 1976 1099 2030; x_wconf 83' lang='lat' dir='ltr'><strong>civibus,</strong></span> <span class='ocrx_word' id='word_1_248' title='bbox 1135 1976 1246 2016; x_wconf 89' lang='lat' dir='ltr'><strong>nihil</strong></span> <span class='ocrx_word' id='word_1_249' title='bbox 1279 1974 1418 2027; x_wconf 88' lang='lat' dir='ltr'><strong>sociis,</strong></span> 
     </span>
     <span class='ocr_line' id='line_1_33' title="bbox 79 2032 1418 2093; baseline -0.004 -14"><span class='ocrx_word' id='word_1_250' title='bbox 79 2039 189 2079; x_wconf 88' lang='lat' dir='ltr'><strong>nihil</strong></span> <span class='ocrx_word' id='word_1_251' title='bbox 214 2038 388 2093; x_wconf 88' lang='lat' dir='ltr'><strong>regibus</strong></span> <span class='ocrx_word' id='word_1_252' title='bbox 414 2037 712 2091; x_wconf 82' lang='lat' dir='ltr'><strong>respondis-tis3</strong></span> <span class='ocrx_word' id='word_1_253' title='bbox 737 2035 845 2076; x_wconf 88' lang='lat' dir='ltr'><strong>nihil</strong></span> <span class='ocrx_word' id='word_1_254' title='bbox 866 2035 1024 2076; x_wconf 88' lang='lat' dir='ltr'><strong>iudices</strong></span> <span class='ocrx_word' id='word_1_255' title='bbox 1046 2034 1284 2087; x_wconf 85' lang='lat' dir='ltr'><strong>sententiis,</strong></span> <span class='ocrx_word' id='word_1_256' title='bbox 1309 2032 1418 2073; x_wconf 87' lang='lat' dir='ltr'><strong>nihil</strong></span> 
     </span>
     <span class='ocr_line' id='line_1_34' title="bbox 79 2091 1418 2152; baseline -0.005 -14"><span class='ocrx_word' id='word_1_257' title='bbox 79 2097 264 2152; x_wconf 88' lang='lat' dir='ltr'><strong>populus</strong></span> <span class='ocrx_word' id='word_1_258' title='bbox 309 2096 542 2150; x_wconf 86' lang='lat' dir='ltr'><strong>suffragiis,</strong></span> <span class='ocrx_word' id='word_1_259' title='bbox 584 2095 693 2137; x_wconf 88' lang='lat' dir='ltr'><strong>nihil</strong></span> <span class='ocrx_word' id='word_1_260' title='bbox 735 2094 805 2135; x_wconf 81' lang='lat' dir='ltr'><strong>hic</strong></span> <span class='ocrx_word' id='word_1_261' title='bbox 849 2094 952 2135; x_wconf 91' lang='lat' dir='ltr'><strong>ordo</strong></span> <span class='ocrx_word' id='word_1_262' title='bbox 992 2093 1246 2134; x_wconf 87' lang='lat' dir='ltr'><strong>auctoritate</strong></span> <span class='ocrx_word' id='word_1_263' title='bbox 1285 2091 1418 2132; x_wconf 87' lang='lat' dir='ltr'><strong>decla-</strong></span> 
     </span>
     <span class='ocr_line' id='line_1_35' title="bbox 79 2151 1419 2211; baseline -0.005 -15"><span class='ocrx_word' id='word_1_264' title='bbox 79 2155 210 2209; x_wconf 80' lang='lat' dir='ltr'><strong>ravit3</strong></span> <span class='ocrx_word' id='word_1_265' title='bbox 259 2158 427 2211; x_wconf 83' lang='lat' dir='ltr'><strong>mutum</strong></span> <span class='ocrx_word' id='word_1_266' title='bbox 470 2154 628 2208; x_wconf 88' lang='lat' dir='ltr'><strong>forum,</strong></span> <span class='ocrx_word' id='word_1_267' title='bbox 672 2154 888 2207; x_wconf 86' lang='lat' dir='ltr'><strong>elinguem</strong></span> <span class='ocrx_word' id='word_1_268' title='bbox 933 2152 1110 2205; x_wconf 89' lang='lat' dir='ltr'><strong>curiam,</strong></span> <span class='ocrx_word' id='word_1_269' title='bbox 1154 2151 1331 2192; x_wconf 80' lang='lat' dir='ltr'><strong>tacitam</strong></span> <span class='ocrx_word' id='word_1_270' title='bbox 1376 2152 1419 2190; x_wconf 89' lang='lat' dir='ltr'><strong>et</strong></span> 
     </span>
     <span class='ocr_line' id='line_1_36' title="bbox 25 2210 1529 2264; baseline -0.004 -9"><span class='ocrx_word' id='word_1_271' title='bbox 25 2226 59 2251; x_wconf 80' lang='lat'><strong>35</strong></span> <span class='ocrx_word' id='word_1_272' title='bbox 78 2214 261 2255; x_wconf 83' lang='lat' dir='ltr'><strong>fractam</strong></span> <span class='ocrx_word' id='word_1_273' title='bbox 305 2213 524 2254; x_wconf 83' lang='lat' dir='ltr'><strong>civitatem</strong></span> <span class='ocrx_word' id='word_1_274' title='bbox 566 2212 791 2255; x_wconf 73' lang='lat' dir='ltr'><strong>videbatis.</strong></span> <span class='ocrx_word' id='word_1_275' title='bbox 864 2210 955 2260; x_wconf 79' lang='lat' dir='ltr'><strong>Quo</strong></span> <span class='ocrx_word' id='word_1_276' title='bbox 1001 2210 1172 2264; x_wconf 83' lang='lat' dir='ltr'><strong>quidem</strong></span> <span class='ocrx_word' id='word_1_277' title='bbox 1215 2211 1419 2262; x_wconf 89' lang='lat' dir='ltr'><strong>tempore,</strong></span> <span class='ocrx_word' id='word_1_278' title='bbox 1446 2218 1465 2249; x_wconf 82' lang='lat'>7</span> <span class='ocrx_word' id='word_1_279' title='bbox 1526 2236 1529 2237; x_wconf 29' lang='grc' dir='ltr'><em>ν</em></span> 
     </span>
     <span class='ocr_line' id='line_1_37' title="bbox 80 2267 1419 2325; baseline -0.005 -12"><span class='ocrx_word' id='word_1_280' title='bbox 80 2287 176 2314; x_wconf 90' lang='lat' dir='ltr'><strong>cum</strong></span> <span class='ocrx_word' id='word_1_281' title='bbox 207 2272 244 2313; x_wconf 90' lang='lat' dir='ltr'><strong>is</strong></span> <span class='ocrx_word' id='word_1_282' title='bbox 278 2272 538 2325; x_wconf 76' lang='lat' dir='ltr'><strong>excessisset,</strong></span> <span class='ocrx_word' id='word_1_283' title='bbox 571 2271 643 2325; x_wconf 88' lang='lat' dir='ltr'><strong>qui</strong></span> <span class='ocrx_word' id='word_1_284' title='bbox 675 2271 791 2312; x_wconf 85' lang='lat' dir='ltr'><strong>caedi</strong></span> <span class='ocrx_word' id='word_1_285' title='bbox 824 2272 867 2311; x_wconf 89' lang='lat' dir='ltr'><strong>et</strong></span> <span class='ocrx_word' id='word_1_286' title='bbox 896 2270 1096 2311; x_wconf 86' lang='lat' dir='ltr'><strong>fiammae</strong></span> <span class='ocrx_word' id='word_1_287' title='bbox 1128 2267 1250 2309; x_wconf 85' lang='lat' dir='ltr'><strong>vobis</strong></span> <span class='ocrx_word' id='word_1_288' title='bbox 1278 2269 1419 2307; x_wconf 87' lang='lat' dir='ltr'><strong>aucto-</strong></span> 
     </span>
     <span class='ocr_line' id='line_1_38' title="bbox 79 2326 1420 2385; baseline -0.006 -13"><span class='ocrx_word' id='word_1_289' title='bbox 79 2331 198 2373; x_wconf 87' lang='lat' dir='ltr'><strong>ribus</strong></span> <span class='ocrx_word' id='word_1_290' title='bbox 243 2331 475 2385; x_wconf 79' lang='lat' dir='ltr'><strong>restiterat,</strong></span> <span class='ocrx_word' id='word_1_291' title='bbox 521 2344 615 2371; x_wconf 91' lang='lat' dir='ltr'><strong>cum</strong></span> <span class='ocrx_word' id='word_1_292' title='bbox 657 2329 771 2370; x_wconf 82' lang='lat' dir='ltr'><strong>ferro</strong></span> <span class='ocrx_word' id='word_1_293' title='bbox 810 2331 853 2370; x_wconf 89' lang='lat' dir='ltr'><strong>et</strong></span> <span class='ocrx_word' id='word_1_294' title='bbox 889 2328 1055 2370; x_wconf 87' lang='lat' dir='ltr'><strong>facibus</strong></span> <span class='ocrx_word' id='word_1_295' title='bbox 1094 2326 1289 2367; x_wconf 86' lang='lat' dir='ltr'><strong>homines</strong></span> <span class='ocrx_word' id='word_1_296' title='bbox 1327 2326 1420 2365; x_wconf 91' lang='lat' dir='ltr'><strong>tota</strong></span> 
     </span>
    </p>
   </div>
  </div>
 </body>
</html>
