1687 2533
505 91 605 126 CAP.
635 95 772 126 12-14
798 95 817 134 s
844 95 994 127 30-34,
1326 92 1412 134 443

72 188 297 242 deposcere
329 190 503 242 propter
534 188 798 242 inimicitias,
838 189 974 229 altera
1005 188 1155 229 timide
1188 187 1413 229 defendere

70 249 246 301 propter
279 247 561 301 suspicionem
594 247 733 289 caedis
767 247 1013 301 putabatur,
1063 246 1144 295 Qui
1177 250 1319 288 autem
1346 261 1413 288 me

72 305 298 360 deposcere
342 305 616 360 videbantur,
659 306 704 346 in
746 305 827 347 hoc
872 308 1080 347 auxerunt
1124 305 1412 347 dimicationis

70 367 250 418 metum,
287 364 400 418 quod
438 379 671 418 numquam
703 364 926 405 infitiando
960 364 1245 419 suspicionem
1277 364 1412 405 homi-

36 434 52 460 5
72 437 172 464 num
205 438 433 477 curamque
466 423 721 464 minuerunt.
772 422 911 471 Quare
944 438 1039 464 cum
1076 423 1262 464 viderem
1291 437 1413 464 sena-

71 484 163 522 tum
207 482 384 523 ducibus
430 482 648 532 orbatum,
698 496 765 523 me
810 496 834 523 a
878 481 1208 536 magistratibus
1252 482 1412 535 partim

71 543 380 595 oppugnatum,
411 541 571 594 partim
597 540 828 595 proditum,
854 541 1013 594 partim
1040 540 1302 589 derelictum,
1330 555 1413 581 ser-

70 613 145 640 vos
167 599 439 640 simulatione
460 600 738 654 collegiorum
752 599 1009 640 nominatim
1026 614 1117 640 esse
1133 599 1413 654 conscriptos,

71 657 216 711 copias
250 658 386 699 omnis
417 657 629 700 Catilinae
661 672 796 712 paene
828 657 963 699 isdem
997 658 1174 699 ducibus
1207 658 1261 699 ad
1293 672 1412 712 spem

19 727 53 752 10
72 716 210 758 caedis
238 719 281 757 et
306 716 596 758 incendiorum
624 731 715 757 esse
742 719 978 769 revocatas,
1005 717 1168 771 equites
1194 716 1414 758 Romanos

70 775 410 830 proscriptionis,
442 775 673 830 municipia
697 775 930 829 vastitatis,
963 775 1101 816 omnis
1128 775 1268 817 caedis
1296 778 1413 816 metu

72 848 164 874 esse
196 836 431 888 permotos,
462 835 599 889 potui,
632 834 772 889 potui,
804 837 947 887 patres
980 835 1233 889 conscripti,
1265 835 1413 875 multis

72 892 319 934 auctoribus
350 893 597 934 fortissimis
629 892 732 934 viris
765 907 832 933 me
864 892 907 933 vi
938 892 1151 946 armisque
1178 892 1414 947 defendere,

71 965 147 992 nec
187 951 292 992 mihi
330 951 412 1005 ipsi
448 951 522 993 ille
561 952 727 992 animus
765 951 878 992 idem
916 965 1036 992 meus
1068 951 1191 992 vobis
1229 966 1315 992 non
1353 952 1413 992 in-

20 1020 53 1046 15
73 1010 270 1065 cognitus
311 1010 461 1064 defuit3
500 1010 573 1051 sed
609 1010 820 1064 videbam,
853 1009 890 1050 si
915 1009 1111 1051 vicissem
1144 1012 1414 1064 praesentem

73 1068 376 1122 adversarium,
400 1069 579 1110 nimium
605 1069 766 1110 multos
793 1068 898 1109 mihi
919 1068 1027 1109 alios
1048 1083 1141 1110 esse
1161 1069 1416 1122 vincendos,

73 1127 109 1167 si
146 1127 284 1168 victus
322 1141 477 1181 essem,
514 1127 662 1169 multis
700 1128 826 1168 bonis
865 1129 908 1168 et
945 1141 1024 1181 pro
1062 1131 1211 1177 meet
1249 1142 1414 1168 mecum

73 1185 203 1227 etiam
229 1188 328 1239 post
354 1201 421 1227 me
447 1201 538 1228 esse
565 1186 840 1240 pereundum,
865 1185 1169 1240 tribuniciique
1192 1186 1414 1241 sanguinis

72 1244 235 1285 ultores
268 1259 360 1286 esse
392 1245 644 1299 praesentis,
676 1259 795 1285 meae
822 1244 974 1285 mortis
1001 1259 1162 1298 poenas
1188 1245 1345 1286 iudicio
1374 1247 1415 1285 et

20 1314 54 1338 20
73 1303 319 1357 posteritati
356 1303 575 1345 reservari.
637 1302 788 1355 Nolui,
826 1317 921 1344 cum
959 1303 1108 1344 consul
1148 1318 1413 1344 communem
1432 1289 1486 1371 13*ss

76 1362 258 1402 salutem
291 1362 381 1402 sine
413 1362 528 1403 ferro
561 1361 856 1414 defendissem,
888 1375 1027 1401 meam
1060 1361 1255 1414 privatus
1283 1361 1414 1402 armis

75 1419 310 1472 defendere,
340 1420 559 1473 bonosque
591 1420 704 1461 viros
738 1420 884 1473 lugere
917 1419 1049 1459 malui
1074 1434 1192 1460 meas
1217 1419 1416 1460 fortunas

75 1493 203 1532 quam
242 1478 328 1519 suis
369 1478 611 1532 desperare3
653 1493 719 1531 ac,
757 1477 793 1518 si
833 1478 950 1519 solus
983 1492 1118 1518 essem
1151 1477 1417 1532 interfectus,

76 1536 182 1577 mihi
213 1538 351 1591 turpe,
383 1536 419 1578 si
451 1551 546 1578 cum
578 1537 735 1590 multis,
767 1536 828 1577 rei
859 1535 1056 1590 publicae
1080 1535 1298 1577 funestum
1324 1536 1416 1578 fore

22 1605 56 1631 25
76 1595 312 1636 videbatur.
392 1595 554 1644 Quodsi
603 1595 709 1635 mihi
758 1597 977 1636 aeternam
1027 1609 1119 1635 esse
1170 1609 1418 1635 aerumnam

76 1653 344 1708 propositam
389 1654 642 1705 arbitrarer,
687 1656 824 1694 morte
868 1668 936 1694 me
977 1653 1067 1707 ipse
1106 1653 1249 1706 potius
1288 1667 1418 1707 quam

78 1712 338 1767 sempiterno
378 1712 523 1753 dolore
563 1712 824 1753 multassem.
887 1710 968 1752 Sed
1001 1726 1097 1752 cum
1129 1712 1317 1752 viderem
1351 1726 1418 1752 me

76 1785 163 1812 non
200 1770 360 1811 diutius
399 1785 526 1824 quam
564 1771 703 1824 ipsam
742 1784 832 1810 rem
870 1769 1087 1823 publicam
1120 1784 1170 1811 ex
1201 1770 1282 1812 hac
1314 1771 1418 1811 urbe

79 1828 308 1882 afuturum,
333 1843 469 1883 neque
490 1843 570 1884 ego
591 1829 668 1869 illa
687 1828 968 1869 exterminata
987 1828 1093 1868 mihi
1113 1829 1418 1870 remanendum

27 1898 61 1923 30
78 1887 246 1942 putavi,
285 1890 327 1929 et
364 1887 458 1940 illa,
498 1887 624 1928 simul
664 1890 791 1941 atque
823 1889 1024 1928 revocata
1056 1889 1139 1939 est,
1176 1902 1243 1928 me
1277 1901 1419 1928 secum

78 1947 241 2000 pariter
271 1946 520 2000 reportavit.
573 1945 742 1986 Mecum
774 1945 903 1999 leges,
935 1959 1101 1986 mecum
1134 1946 1419 1999 quaestioneS,

79 2018 244 2045 mecum
269 2005 362 2045 iura
394 2005 740 2060 magistratuum,
773 2017 938 2044 mecum
971 2005 1144 2044 senatus
1172 2003 1418 2055 auctoritas,

80 2077 244 2104 mecum
270 2063 461 2116 libertas,
492 2077 656 2104 mecum
683 2062 813 2103 etiam
838 2062 1011 2117 frugum
1034 2062 1223 2115 ubertas,
1255 2075 1419 2102 mecum

82 2121 253 2162 deorum
292 2123 335 2162 et
371 2121 589 2162 hominum
631 2120 884 2161 sanctitates
926 2135 1072 2161 omnes
1114 2122 1156 2160 et
1187 2119 1418 2174 religiones

29 2188 63 2214 35
83 2178 292 2219 afuerunt.
360 2178 475 2227 Quae
520 2179 556 2220 si
598 2192 765 2232 semper
806 2178 1024 2232 abessent,
1068 2177 1207 2232 magis
1251 2180 1419 2218 vestras

82 2237 276 2278 fortunas
320 2237 511 2291 lugerem
555 2252 683 2291 quam
728 2236 1012 2278 desiderarem
1056 2250 1190 2289 meas3
1236 2236 1302 2276 sin
1345 2235 1420 2276 ali-

83 2295 251 2349 quando
283 2298 596 2349 revocarentur,
626 2294 931 2349 intellegebam
964 2294 1070 2336 mihi
1103 2308 1197 2334 cum
1222 2293 1310 2334 illis
1336 2307 1422 2334 una
