1619 2542
579 132 681 167 CAP.
701 135 791 167 6-8
818 136 836 174 ξ
865 136 1012 168 14-18.
1393 132 1475 173 281

140 232 244 281 tare,
277 229 508 270 sollicitare
535 230 718 282 poterat,
745 227 940 269 audebat.
978 227 1086 268 Erat
1112 227 1150 269 ei
1176 228 1400 270 consilium
1428 228 1480 270 ad

139 287 304 328 facinus
350 290 516 342 aptum,
560 286 738 328 consilio
785 289 927 327 autem
970 300 1105 340 neque
1149 301 1299 328 manus
1343 301 1480 341 neque

141 347 290 401 lingua
328 346 482 387 deerat.
545 345 637 386 Iam
671 345 722 386 ad
755 348 893 386 certas
925 359 993 386 res
1027 345 1307 386 conficiendas
1341 351 1479 387 certos

141 405 335 446 homines
369 404 552 445 delectos
586 419 634 445 30
666 404 900 458 descriptos
933 403 1131 445 habebat.
1186 403 1334 458 Neque
1366 419 1479 458 vero,

107 476 122 500 5
143 478 234 505 011111
272 463 433 517 aliquid
464 462 701 516 mandarat,
733 462 973 504 confectum
1004 462 1204 517 putabat3
1235 462 1343 503 nihil
1377 465 1480 517 erat,

143 522 255 576 quod
285 536 372 563 non
403 522 494 576 ipse
527 521 684 574 obiret,
717 524 969 574 occurreret,
1000 521 1214 575 vigilaret,
1245 522 1481 575 laboraret3

143 581 296 636 frigus,
323 581 452 634 sitim⁷
476 580 634 621 famem
659 580 770 620 ferre
796 583 975 633 poterat.
1018 579 1143 621 Hunc
1164 594 1242 635 ego
1262 580 1481 621 hominem

141 642 229 680 tam
257 654 409 692 acrem,
443 641 533 679 tam
560 638 773 691 audacem,
799 644 889 679 tam
907 641 1127 694 paratum,
1152 641 1240 680 tam
1266 639 1481 693 callidum,

141 700 231 739 tam
263 698 307 738 in
339 697 496 739 scelere
528 697 793 752 vigilantem,
825 699 915 738 tam
947 697 991 737 in
1022 697 1202 751 perditis
1234 698 1361 739 rebus
1389 698 1482 738 dili-

91 769 123 793 10
143 759 315 811 gentem
352 756 436 797 nisi
468 771 517 797 ex
549 756 794 797 domesticis
826 756 995 796 insidiis
1027 757 1070 796 in
1104 758 1317 797 castrense
1349 756 1481 797 latro-

143 815 300 857 cinium
332 814 631 869 compulissem
662 813 822 870 (dicam
853 814 908 868 id,
940 814 1053 868 quod
1079 815 1228 868 sentio,
1262 813 1482 870 Quirites),

143 888 228 915 non
252 874 376 915 facile
401 874 511 915 hanc
539 876 706 915 tantam
727 873 883 914 molem
904 873 1007 913 mali
1029 888 1052 914 a
1074 872 1306 914 cervicibus
1326 875 1480 914 vestris

144 932 413 986 depulissem.
479 931 580 973 Non
622 932 696 972 ille
740 931 864 973 nobis
905 930 1149 972 Saturnalia
1187 932 1482 973 constituisset

142 1005 278 1045 neque
327 993 449 1033 tanto
502 993 601 1032 ante
646 990 765 1031 exitii
810 1005 857 1032 ac
901 989 983 1031 fati
1027 990 1138 1031 diem
1181 991 1243 1032 rei
1285 991 1481 1044 publicae

91 1061 123 1086 15
145 1049 479 1091 denuntiavisset
515 1064 650 1103 neque
689 1049 991 1102 commisisset,
1029 1051 1077 1089 ut
1109 1050 1298 1104 signum,
1335 1052 1383 1090 ut
1414 1049 1482 1090 lit-

143 1111 261 1149 terae
302 1123 401 1149 suae
433 1110 566 1149 testes
599 1108 818 1149 manifesti
851 1108 1022 1149 sceleris
1056 1108 1480 1163 deprehenderentur.

146 1166 262 1215 Quae
299 1181 410 1208 nunc
441 1167 514 1207 illo
548 1166 725 1207 absente
758 1166 818 1207 sic
851 1170 974 1222 gesta
1007 1169 1122 1220 sunt,
1160 1169 1208 1207 ut
1239 1167 1407 1207 nullum
1439 1167 1483 1207 in

143 1226 314 1280 privata
340 1225 465 1266 domo
492 1225 655 1266 furtum
675 1239 877 1279 umquam
898 1225 954 1266 sit
974 1227 1064 1265 tam
1084 1225 1229 1278 palam
1249 1226 1483 1278 inventum,

145 1299 273 1338 quam
309 1284 414 1325 haec
450 1286 573 1325 131113
608 1285 653 1324 111
690 1298 735 1324 re
773 1284 945 1338 publica
983 1283 1220 1324 coniuratio
1253 1283 1481 1324 manifesto

91 1355 124 1379 20
144 1343 318 1383 inventa
349 1345 476 1396 atque
503 1342 764 1396 deprehensa
790 1344 866 1382 est.
911 1341 1070 1390 Quodsi
1096 1341 1284 1383 Catilina
1308 1342 1353 1382 in
1378 1343 1482 1383 urbe

146 1401 198 1442 ad
223 1401 334 1442 hanc
360 1401 471 1442 diem
495 1401 784 1453 remansisset,
816 1415 1085 1454 quamquam,
1113 1400 1251 1453 quoad
1276 1399 1369 1449 fuit,
1396 1414 1480 1441 om-

144 1459 270 1500 nibus
310 1459 399 1499 eius
437 1459 625 1500 consiliis
665 1458 828 1499 occurri
866 1461 993 1512 atque
1032 1458 1198 1511 obstiti,
1235 1460 1397 1511 tamen,
1434 1460 1482 1498 ut

146 1517 361 1558 levissime
400 1517 554 1570 dicam,
592 1516 877 1557 dimicandum
914 1516 1039 1557 nobis
1078 1531 1173 1556 cum
1211 1516 1286 1556 illo
1318 1516 1482 1569 fuisset,

145 1589 281 1629 neque
324 1589 402 1616 nos
447 1590 666 1628 umquam,
710 1589 803 1615 cum
848 1574 921 1615 ille
958 1575 1002 1614 in
1040 1575 1143 1615 urbe
1181 1574 1318 1615 hostis
1358 1577 1482 1628 esset,

95 1647 127 1672 25
147 1634 280 1674 tantis
312 1634 510 1688 periculis
542 1647 632 1674 rem
662 1633 878 1687 publicam
909 1635 1033 1673 tanta
1064 1647 1184 1686 pace,
1224 1635 1346 1674 tanto
1381 1633 1482 1686 otio,

145 1695 267 1733 tanto
301 1692 472 1733 silentio
505 1691 818 1732 liberassemus.

235 1749 505 1804 Quamquam
544 1750 648 1791 haec
686 1750 845 1802 omnia,
883 1748 1088 1803 Quirites,
1125 1750 1186 1790 ita
1227 1752 1326 1790 sunt
1358 1765 1382 1791 a
1414 1765 1481 1791 me
1508 1738 1532 1779 8

148 1809 460 1861 administrata,
491 1811 540 1849 111
571 1807 745 1849 deorum
777 1807 1070 1848 inmortalium
1101 1811 1207 1849 nutu
1233 1812 1361 1863 atque
1387 1823 1481 1850 con-

149 1868 244 1909 silio
283 1871 324 1909 et
364 1870 486 1923 gesta
525 1869 568 1908 et
598 1866 770 1920 provisa
802 1880 894 1906 esse
924 1866 1162 1907 videantur.
1222 1867 1354 1921 quue
1387 1881 1481 1908 cum

96 1939 130 1963 30
149 1926 392 1967 coniectura
411 1925 613 1979 consequi
632 1938 870 1978 possumUS,
896 1924 1007 1978 quod
1026 1924 1097 1966 vix
1117 1925 1285 1966 videtur
1304 1926 1479 1967 humani

151 1984 319 2025 consilii
344 1987 564 2026 tantarum
589 1997 730 2023 rerum
757 1983 1009 2037 gubernatio
1038 1997 1129 2024 esse
1154 1983 1357 2038 potuisse,
1389 1986 1481 2025 tum

150 2056 249 2083 vero
280 2043 343 2084 ita
373 2044 617 2097 praesentes
649 2041 716 2081 his
749 2042 1012 2094 temporibus
1045 2055 1169 2096 opem
1201 2044 1243 2083 et
1276 2042 1481 2082 auxilium

149 2100 273 2141 nobis
311 2101 521 2155 tulerunt,
560 2102 608 2141 ut
641 2113 712 2140 eos
743 2113 877 2154 paene
909 2099 1042 2141 oculis
1073 2100 1215 2142 videre
1246 2114 1481 2154 possemus.

1508 594 1549 624 17

1509 1789 1550 1819 18

150 2157 264 2199 Ν3111
306 2162 354 2199 111
397 2159 473 2200 1113
516 2159 733 2210 omittam,
782 2158 895 2198 visas
937 2161 1147 2200 nocturno
1192 2161 1383 2212 tempore
1427 2158 1480 2198 ab
1526 2158 1529 2160 ’

98 2227 131 2253 35
152 2216 366 2258 occidente
398 2217 510 2259 faces
544 2217 822 2269 ardoremque
854 2216 970 2267 caeli,
1002 2219 1049 2257 ut
1079 2217 1307 2258 fulminum
1332 2217 1481 2270 iactus,

150 2277 199 2315 ut
229 2277 369 2316 terrae
400 2278 542 2316 motus
573 2275 848 2328 relinquam,
867 2277 915 2315 ut
947 2275 1145 2316 omittam
1177 2277 1334 2327 cetera,
1375 2289 1481 2329 quae

150 2336 241 2374 tam
273 2332 409 2374 multa
439 2334 562 2375 nobis
596 2332 839 2375 consulibus
870 2332 986 2374 facta
1013 2337 1121 2388 sunt,
1154 2336 1201 2374 ut
1226 2333 1342 2387 haec,
1375 2347 1482 2386 quae
