1619 2542
93 2098 143 2138 11

92 2149 135 2179 26

159 99 244 140 284
480 99 532 133 ΙΝ
556 99 594 134 L.
623 98 887 134 CATILINAM
913 98 1088 133 ORATIO
1116 99 1177 133 ΠΙ.

159 196 318 248 siones,
356 209 442 236 non
480 195 618 236 solum
657 209 745 247 eas,
784 209 889 249 quas
923 195 1121 248 audistis,
1159 194 1232 236 sed
1264 209 1353 248 eas,
1390 210 1495 249 quas

158 257 325 295 vosmet
367 254 451 308 ipsi
498 253 750 294 meministis
796 256 923 307 atque
966 253 1146 294 vidistis.
1215 252 1260 295 L.
1294 252 1412 294 Sulla
1449 253 1496 295 P.

159 311 395 366 Sulpicium
421 312 634 366 oppressit
663 311 803 363 [eiecit
830 326 879 352 ex
904 311 1045 365 urbe];
1068 311 1110 352 C.
1130 311 1326 365 Marium,
1357 314 1496 353 custo—

159 370 253 412 dem
284 370 410 411 huius
443 370 580 425 urbis,
612 370 854 424 multosque
886 370 1011 411 fortis
1044 370 1157 411 viros
1187 371 1346 424 partim
1372 371 1496 412 eiecit

159 444 208 470 ex
255 429 444 481 civitate,
488 429 647 484 partim
692 428 921 470 interemit.
995 427 1069 469 Cn.
1102 428 1303 470 Octavius
1348 429 1531 471 consul⁵

159 488 287 529 armis
314 487 476 541 expulit
503 502 551 528 ex
578 487 683 527 urbe
716 488 941 541 collegam,
973 487 1110 528 omnis
1142 487 1211 528 hic
1236 487 1355 528 locus
1381 502 1496 529 acer-

157 547 221 587 vis
244 548 475 600 ‘corporum
504 549 546 586 et
566 546 721 587 civium
743 546 948 600 sanguine
969 545 1232 587 redundavit.
1271 544 1497 600 Superavit

157 608 309 658 postea
348 603 483 646 Cinna
515 619 609 646 cum
641 604 799 657 Mario,
836 607 928 645 tum
966 619 1064 645 vero
1105 604 1353 645 clarissimis
1392 605 1496 645 viris

158 662 395 704 interfectis
440 663 602 704 lumina
640 663 826 704 civitatis
872 663 1057 704 extincta
1095 665 1205 704 sunt.
1268 662 1393 704 Ultus
1431 667 1497 704 est

157 721 283 762 huius
333 721 536 762 victoriae
587 721 884 763 crudelitatem
932 724 1084 775 postea
1127 720 1263 775 Sulla,
1311 736 1364 763 ne
1415 721 1497 763 dici
1516 732 1550 757 1⁰

160 780 328 834 quidem
355 794 461 834 opus
488 782 564 833 est,
592 782 752 834 quanta
777 779 1062 821 deminutione
1089 780 1243 821 civium
1269 781 1312 821 et
1339 783 1497 834 quanta

159 839 405 880 calamitate
437 839 498 880 rei
528 839 737 892 publicae.
780 838 996 879 Dissensit
1014 838 1069 880 M.
1089 838 1274 893 Lepidus
1301 853 1326 879 a
1351 839 1494 880 claris-

159 898 266 939 simo
307 900 349 938 et
385 897 619 938 fortissimo
660 897 769 948 viro,
807 896 854 945 Q.
887 895 1059 951 Catulo,
1098 898 1246 938 attulit
1283 911 1369 938 non
1405 900 1495 938 tam

158 956 292 1010 ipsius
331 956 529 996 interitus
567 956 629 996 rei
660 956 857 1009 publicae
890 956 1053 997 luctum
1085 970 1212 1010 quam
1245 958 1494 997 ceterorum.

160 1015 300 1068 Atque
333 1014 434 1055 illae
461 1017 605 1055 tamen
631 1028 777 1055 omnes
804 1014 1088 1055 dissensiones
1116 1017 1238 1055 erant
1263 1014 1352 1055 eius
1379 1014 1494 1056 modi
1514 1024 1547 1050 15

161 1072 398 1125 [Quirites],
419 1087 524 1126 quae
545 1087 632 1113 non
652 1072 703 1113 ad
725 1072 956 1125 delendam,
984 1073 1056 1113 sed
1078 1073 1130 1113 ad
1151 1073 1495 1114 commutandam

159 1146 249 1172 rem
269 1131 488 1185 publicam
508 1131 782 1185 pertinerent.
813 1130 912 1172 Non
931 1130 995 1171 illi
1015 1131 1179 1172 nullam
1201 1145 1292 1172 esse
1311 1146 1399 1172 rem
1420 1146 1496 1184 pu-

159 1189 329 1242 blicam,
365 1189 437 1230 sed
463 1189 506 1229 in
533 1204 593 1241 ea,
629 1203 735 1243 quae
762 1192 884 1243 esset,
921 1204 965 1230 se
992 1203 1082 1230 esse
1107 1189 1331 1243 principes,
1358 1204 1495 1243 neque

159 1248 268 1289 hanc
288 1248 439 1288 urbem
460 1248 736 1302 conflagrare,
763 1247 836 1288 sed
857 1262 900 1288 se
920 1248 964 1288 in
985 1247 1066 1289 hac
1083 1248 1187 1289 urbe
1206 1248 1357 1289 florere
1377 1248 1494 1289 volu-

161 1309 296 1348 erunt.
345 1306 488 1359 Atque
521 1306 623 1347 illae
649 1309 794 1347 tamen
821 1320 966 1347 01111103
994 1306 1289 1359 dissensiones,
1315 1321 1493 1360 quarum
1514 1317 1548 1342 20

159 1366 277 1406 nulla
291 1365 467 1405 exitium
488 1365 547 1405 rei
562 1365 758 1419 publicae
773 1365 994 1418 quaesivit,
1015 1365 1103 1406 eius
1118 1365 1233 1406 modi
1246 1364 1428 1417 fuerunt,
1447 1368 1495 1405 ut

159 1438 245 1464 non
270 1423 617 1464 reconciliatione
643 1423 902 1476 concordiae,
929 1423 1002 1464 sed
1027 1423 1312 1464 internecione
1338 1423 1493 1465 civium

161 1482 415 1523 diiudicatae
461 1482 559 1523 sint.
619 1481 669 1523 In
707 1482 788 1523 hoc
829 1484 969 1522 autem
1010 1497 1093 1523 11110
1135 1484 1234 1536 post
1274 1481 1494 1523 hominum

160 1541 411 1582 memoriam
438 1540 623 1581 maximo
645 1540 1020 1594 crudelissimoque
1039 1541 1163 1594 bello,
1190 1541 1315 1594 quale
1333 1540 1494 1581 bellum

160 1600 279 1639 nulla
313 1614 513 1653 umquam
543 1599 743 1640 barbaria
773 1614 868 1639 cum
900 1614 976 1639 sua
1005 1601 1131 1653 gente
1160 1599 1302 1652 gessit,
1337 1612 1419 1652 quo
1448 1599 1491 1639 in
1512 1608 1546 1634 25

160 1658 275 1697 bello
296 1658 363 1698 lex
388 1657 492 1698 haec
519 1657 599 1697 fuit
627 1672 651 1698 a
670 1656 865 1710 Lentulo,
891 1656 1088 1709 Catilina,
1115 1655 1316 1711 Cethego,
1343 1655 1492 1698 Cassio

161 1715 406 1768 constituta,
430 1719 477 1756 ut
504 1730 662 1769 omnes,
689 1716 760 1769 qui
786 1716 906 1756 salva
932 1717 1035 1756 urbe
1060 1716 1167 1757 salvi
1195 1729 1285 1756 esse
1304 1717 1493 1769 possent,

160 1773 205 1814 in
236 1773 425 1814 hostium
455 1788 632 1815 numero
663 1774 925 1826 ducerentur,
957 1774 1020 1814 ita
1045 1788 1110 1814 1110
1137 1774 1262 1828 gessi,
1294 1772 1492 1826 Quirites,

161 1834 209 1872 ut
241 1831 350 1872 salvi
382 1846 530 1873 omnes
563 1832 938 1885 conservaremini,
970 1835 1029 1885 et,
1061 1847 1155 1873 cum
1185 1832 1329 1872 hostes
1362 1831 1493 1872 vestri

161 1892 330 1931 tantum
368 1890 522 1931 civium
561 1890 879 1945 superfuturum
916 1893 1153 1945 putassent,
1191 1892 1395 1942 quantum
1432 1891 1492 1930 in-
1511 1901 1546 1926 30

160 1948 306 1989 finitae
339 1948 455 1989 caedi
486 1949 726 2002 restitisset,
757 1952 926 1990 tantum
959 1951 1100 1989 autem
1125 1948 1253 1999 urbis,
1286 1950 1491 2001 quantum

160 2006 334 2047 flamma
370 2006 488 2046 obire
523 2021 610 2048 non
646 2008 879 2061 potuisset,
916 2009 958 2047 et
989 2007 1136 2046 urbem
1174 2008 1216 2046 et
1251 2006 1353 2047 civis
1384 2006 1491 2047 inte-

164 2079 263 2120 gros
294 2064 612 2118 incolumesque
645 2066 820 2107 servavi.

251 2122 412 2172 Quibus
449 2137 526 2176 pro
565 2124 698 2164 tantis
739 2124 883 2175 rebus,
921 2122 1122 2175 Quirites,
1158 2123 1323 2164 nullum
1355 2137 1434 2179 ego
1466 2137 1491 2164 a

161 2182 283 2223 vobis
315 2180 552 2236 praemium
583 2181 768 2234 virtutis,
800 2182 964 2223 nullum
989 2180 1156 2235 insigne
1182 2181 1370 2234 honoris,
1399 2181 1489 2222 nul·
1509 2191 1543 2217 35

161 2241 249 2281 111111
292 2241 612 2281 monumentum
654 2239 790 2280 laudis
828 2239 1000 2294 postulo
1032 2242 1329 2294 praeterquam
1365 2239 1489 2280 huius

162 2298 244 2339 diei
281 2297 529 2340 memoriam
567 2298 879 2351 sempiternam.
939 2296 991 2338 In
1029 2297 1181 2338 animis
1224 2312 1303 2352 ego
1335 2296 1488 2339 vestris
