1619 2542
169 73 252 114 138
514 72 606 108 PRO
634 73 676 108 A.
705 73 941 108 CLUENTIO
969 73 1156 110 ORATIO.

166 170 248 212 hoc
278 168 675 223 tempore,iudiceS,
707 169 751 210 id
783 169 896 223 quod
926 169 1069 211 nescio
1103 185 1158 211 an
1189 170 1272 211 dici
1299 174 1512 226 oporteat,

166 229 291 269 illum
322 228 562 269 maiestatis
597 242 687 269 esse
721 228 1066 282 condemnatum,
1105 243 1191 270 non
1223 229 1354 271 recito
1386 230 1509 271 testi-

166 287 311 328 monia
347 287 570 328 hominum
607 286 1028 340 honestissimorum,
1067 301 1174 341 quae
1212 287 1257 328 in
1289 287 1508 329 Staienum

167 349 267 387 sunt
307 345 422 386 dicta
463 345 516 386 ab
558 346 630 398 iis,
673 345 745 399 qui
787 344 841 386 M.
873 345 1078 399 Aemilio,
1119 345 1358 388 clarissimo
1402 348 1506 401 viro,

166 404 302 459 legati
329 406 371 444 et
397 403 602 458 praefecti
629 405 671 443 et
698 404 859 445 tribuni
879 404 1088 445 militares
1108 404 1298 459 fuerunt,
1326 420 1507 460 quorum
1526 415 1543 442 5

166 463 425 504 testimoniis
453 463 627 515 planum
652 462 814 503 factum
842 466 907 504 est
932 462 1114 503 maxime
1135 463 1224 504 eius
1244 478 1386 517 opera,
1412 479 1507 505 cum

168 523 370 576 quaestor
401 523 524 573 esset,
557 521 601 561 in
633 521 819 562 exercitu
852 521 1103 562 seditionem
1137 536 1230 563 esse
1261 522 1507 576 conflatam3

166 595 218 621 ne
257 580 333 620 illa
373 579 543 633 quidem
574 579 821 620 testimonia
853 580 1004 633 recito,
1041 594 1149 634 quae
1182 581 1294 622 dicta
1326 584 1425 622 sunt
1457 581 1507 622 de

165 637 238 679 HS
264 640 361 690 ff,
390 652 496 692 quae
528 638 601 678 ille
632 653 728 679 cum
760 638 994 692 accepisset
1025 639 1196 680 nomine
1228 639 1372 681 iudicii
1405 638 1508 681 Safi-

166 697 293 749 niani,
327 698 437 738 sicut
468 697 513 737 in
545 696 770 751 Oppianici
801 697 955 738 iudicio
988 699 1150 751 postea,
1181 698 1353 739 reticuit
1379 701 1507 753 atque
1527 710 1562 734 10

98 767 162 797 100
179 756 428 810 suppressit.
497 754 661 796 Omitto
706 758 749 796 et
786 756 890 796 haec
922 759 965 797 et
1002 756 1085 797 alia
1121 757 1355 811 permulta,
1399 772 1506 812 quae

165 815 242 855 illo
275 815 432 855 iudicio
464 814 509 854 in
542 812 761 855 Staienum
793 814 907 855 dicta
933 817 1049 867 sunt,
1084 815 1165 856 hoc
1192 815 1297 869 dico,
1330 816 1508 857 eandem

165 876 257 914 tum
288 873 422 914 fuisse
450 872 494 913 P.
516 875 558 913 et
583 872 627 913 L.
650 871 870 925 Cominiis,
897 873 1109 927 equitibus
1137 873 1355 927 Romanis,
1380 875 1507 916 hone-

166 932 244 972 stis
271 931 518 973 hominibus
551 933 593 971 et
620 931 802 984 disertis,
835 933 1171 972 controversiam
1197 947 1290 973 cum
1319 931 1506 987 Staieno,

166 1005 289 1044 quem
335 990 611 1043 accusabant,
663 1004 770 1043 quae
812 1004 924 1031 nunc
967 990 1073 1030 mihi
1117 993 1182 1031 est
1225 1005 1320 1032 cum
1363 991 1505 1033 Accio.
1527 1001 1560 1027 15

166 1048 350 1090 Cominii
385 1048 583 1090 dicebant
620 1048 750 1101 idem,
790 1049 902 1102 quod
935 1063 1014 1104 ego
1047 1048 1159 1101 dico,
1197 1047 1418 1090 Staienum
1451 1051 1505 1091 ab

166 1107 400 1161 Oppianico
445 1106 668 1161 pecuniam
711 1107 941 1160 accepisse,
985 1110 1032 1147 ut
1072 1107 1274 1149 iudicium
1316 1122 1506 1149 corrum-

165 1168 304 1219 peret,
331 1165 531 1207 Staienus
558 1165 847 1206 conciliandae
875 1166 1040 1220 gratiae
1066 1180 1195 1207 causa
1222 1180 1266 1207 se
1293 1167 1504 1221 accepisse

96 1235 159 1266 101
179 1224 357 1265 dicebat.
420 1223 684 1264 Irridebatur
721 1224 827 1265 haec
864 1224 980 1264 illius
1011 1224 1304 1265 reconciliatio
1338 1227 1380 1265 et
1411 1240 1504 1279 per-

165 1297 271 1324 sona
311 1282 393 1323 viri
437 1282 541 1322 boni
585 1285 802 1336 suscepta,
847 1282 957 1323 sicut
999 1282 1044 1322 in
1089 1283 1244 1323 statuis
1282 1283 1505 1336 inauratis,
1524 1295 1558 1319 20

165 1356 268 1395 quas
301 1341 446 1395 posuit
478 1341 528 1381 ad
560 1339 782 1392 Iuturnae,
823 1341 976 1394 quibus
1010 1341 1264 1395 subscripsit
1294 1355 1416 1396 reges
1450 1342 1503 1383 ab

165 1414 208 1440 se
234 1400 277 1440 iu
305 1399 492 1454 gratiam
513 1413 605 1440 esse
625 1399 832 1440 reductos.
874 1399 1220 1454 Exagitabantur
1241 1415 1389 1441 omnes
1416 1401 1503 1441 eius
1616 1420 1619 1451 Ι

163 1458 333 1499 fraudes
367 1460 495 1511 atque
526 1457 737 1511 fallaciae,
769 1461 863 1498 tota
888 1457 978 1499 vita
1010 1459 1054 1498 in
1081 1458 1170 1498 eius
1197 1459 1312 1499 modi
1337 1459 1504 1500 ratione
1616 1460 1619 1506 Ξ

164 1521 335 1558 versata
372 1516 662 1570 aperiebatur,
702 1519 871 1570 egestas
911 1516 1162 1570 domestica,
1203 1520 1405 1570 quaestus
1442 1517 1504 1558 fo-
1617 1527 1619 1565 j

164 1575 298 1616 rensis
337 1576 380 1615 in
420 1574 605 1616 medium
643 1575 959 1629 proferebatur,
997 1575 1259 1616 nummarius
1292 1576 1502 1630 interpres
1523 1586 1557 1612 25
1617 1595 1619 1623 3

164 1634 280 1685 pacis
334 1636 377 1674 et
427 1633 674 1675 concordiae
722 1648 809 1674 non
857 1634 1133 1688 probabatur.
1212 1633 1363 1688 Itaque
1411 1637 1504 1675 tum

164 1690 361 1732 Staienus
395 1706 489 1733 cum
521 1692 633 1732 idem
667 1691 926 1745 defenderet,
959 1692 1072 1745 quod
1102 1692 1276 1746 Accius,
1307 1692 1504 1733 condem-

95 1761 159 1791 102
178 1753 304 1790 natus
351 1752 432 1802 est3
472 1749 655 1791 Cominii
696 1765 790 1791 cum
833 1750 915 1791 hoc
953 1753 1146 1805 agerent,
1185 1751 1296 1804 quod
1335 1765 1414 1791 1103
1457 1751 1503 1792 111

164 1811 258 1849 tota
299 1823 427 1849 causa
464 1809 647 1862 egimus,
691 1809 992 1863 probaverunt.
1060 1808 1196 1857 Quam
1235 1809 1288 1850 ob
1321 1823 1428 1862 rem,
1466 1809 1502 1850 si

165 1865 329 1907 Staieni
371 1866 644 1907 damnatione
677 1867 958 1921 Oppianicum
995 1867 1196 1908 iudicium
1231 1881 1503 1920 corrumpere
1521 1879 1556 1904 30

164 1924 364 1977 voluisse,
397 1923 681 1978 Oppianicum
713 1925 841 1967 iudici
868 1925 920 1966 ad
947 1925 1143 1966 emendas
1171 1925 1405 1966 sententias
1432 1926 1500 1967 de-

165 1984 277 2024 disse
321 1984 543 2037 pecuniam
587 1983 819 2024 iudicatum
863 1987 945 2036 est,
989 1998 1083 2024 cum
1120 1983 1183 2024 ita
1221 1985 1502 2025 constitutum

166 2042 233 2095 sit,
265 2043 314 2082 ut
345 2042 389 2081 in
420 2041 497 2081 illa
529 2042 652 2095 culpa
684 2045 758 2082 aut
789 2042 1009 2083 Cluentius
1043 2041 1099 2082 sit
1131 2044 1205 2082 aut
1231 2042 1503 2097 Oppianicus,

165 2099 335 2142 Cluenti
370 2113 568 2140 nummus
605 2100 747 2141 nullus
786 2100 915 2141 iudici
947 2100 1071 2140 datus
1103 2100 1192 2141 ullo
1224 2101 1409 2155 vestigio
1440 2115 1502 2142 re-

164 2158 368 2212 perietur,
410 2157 635 2212 Oppianici
672 2159 852 2211 pecunia
889 2161 989 2212 post
1019 2157 1221 2199 iudicium
1253 2159 1415 2200 factum
1447 2159 1500 2200 ab
1520 2169 1554 2196 35

163 2217 300 2258 iudice
334 2216 481 2257 ablata
513 2219 593 2256 est:
626 2219 768 2269 potest
795 2231 886 2258 esse
918 2215 1110 2269 dubium,
1145 2217 1245 2270 quin
1277 2217 1353 2258 illa
1385 2218 1499 2258 dam-

163 2275 282 2316 natio
323 2274 485 2316 Staieni
527 2289 613 2315 non
657 2275 784 2316 inodo
828 2289 914 2316 non
956 2274 1013 2314 sit
1058 2278 1207 2316 contra
1245 2274 1500 2330 Cluentium,
