<?xml version="1.0" encoding="UTF-8"?>
<!DOCTYPE html PUBLIC "-//W3C//DTD XHTML 1.0 Transitional//EN"
    "http://www.w3.org/TR/xhtml1/DTD/xhtml1-transitional.dtd">
<html xmlns="http://www.w3.org/1999/xhtml" xml:lang="en" lang="en">
 <head>
  <title>
</title>
<meta http-equiv="Content-Type" content="text/html;charset=utf-8" />
  <meta name='ocr-system' content='tesseract 3.04.00' />
  <meta name='ocr-capabilities' content='ocr_page ocr_carea ocr_par ocr_line ocrx_word'/>
</head>
<body>
  <div class='ocr_page' id='page_1' title='image "./p2scriptaquaemanse02ciceuoft_0652.png"; bbox 0 0 1687 2533; ppageno 0'>
   <div class='ocr_carea' id='block_1_1' title="bbox 242 83 1388 125">
    <p class='ocr_par' dir='ltr' id='par_1_1' title="bbox 242 83 1388 125">
     <span class='ocr_line' id='line_1_1' title="bbox 242 83 1388 125; baseline 0.003 -8"><span class='ocrx_word' id='word_1_1' title='bbox 242 84 330 125; x_wconf 77' lang='grc'>488</span> <span class='ocrx_word' id='word_1_2' title='bbox 433 83 496 118; x_wconf 88' lang='lat' dir='ltr'>DE</span> <span class='ocrx_word' id='word_1_3' title='bbox 521 83 658 119; x_wconf 85' lang='lat' dir='ltr'><strong>DOMO</strong></span> <span class='ocrx_word' id='word_1_4' title='bbox 687 83 778 119; x_wconf 88' lang='lat' dir='ltr'>SUA</span> <span class='ocrx_word' id='word_1_5' title='bbox 804 83 868 118; x_wconf 86' lang='lat' dir='ltr'>AD</span> <span class='ocrx_word' id='word_1_6' title='bbox 894 83 1173 119; x_wconf 70' lang='lat' dir='ltr'>PONTIFICES</span> <span class='ocrx_word' id='word_1_7' title='bbox 1202 84 1388 121; x_wconf 84' lang='lat' dir='ltr'><strong>ORATIO.</strong></span> 
     </span>
    </p>
   </div>
   <div class='ocr_carea' id='block_1_2' title="bbox 173 179 1634 2341">
    <p class='ocr_par' dir='ltr' id='par_1_2' title="bbox 173 179 1634 2341">
     <span class='ocr_line' id='line_1_2' title="bbox 245 179 1580 235; baseline 0.002 -15"><span class='ocrx_word' id='word_1_8' title='bbox 245 179 436 233; x_wconf 82' lang='lat' dir='ltr'>aberam,</span> <span class='ocrx_word' id='word_1_9' title='bbox 485 193 642 234; x_wconf 83' lang='lat' dir='ltr'>negare</span> <span class='ocrx_word' id='word_1_10' title='bbox 692 182 863 234; x_wconf 88' lang='lat' dir='ltr'>poteras</span> <span class='ocrx_word' id='word_1_11' title='bbox 914 194 1004 221; x_wconf 88' lang='lat' dir='ltr'>esse</span> <span class='ocrx_word' id='word_1_12' title='bbox 1053 183 1128 221; x_wconf 90' lang='lat' dir='ltr'>tua</span> <span class='ocrx_word' id='word_1_13' title='bbox 1171 180 1266 235; x_wconf 84' lang='lat' dir='ltr'>lege</span> <span class='ocrx_word' id='word_1_14' title='bbox 1310 181 1580 223; x_wconf 79' lang='lat' dir='ltr'>senatorem?</span> 
     </span>
     <span class='ocr_line' id='line_1_3' title="bbox 244 236 1579 293; baseline 0.001 -14"><span class='ocrx_word' id='word_1_15' title='bbox 244 236 331 280; x_wconf 85' lang='lat' dir='ltr'>Ubi</span> <span class='ocrx_word' id='word_1_16' title='bbox 363 238 475 279; x_wconf 90' lang='lat' dir='ltr'>enim</span> <span class='ocrx_word' id='word_1_17' title='bbox 501 240 673 292; x_wconf 73' lang='lat' dir='ltr'>tuleras,</span> <span class='ocrx_word' id='word_1_18' title='bbox 703 242 752 279; x_wconf 88' lang='lat' dir='ltr'>ut</span> <span class='ocrx_word' id='word_1_19' title='bbox 778 238 883 279; x_wconf 85' lang='lat' dir='ltr'>mihi</span> <span class='ocrx_word' id='word_1_20' title='bbox 910 253 1021 292; x_wconf 86' lang='lat' dir='ltr'>aqua</span> <span class='ocrx_word' id='word_1_21' title='bbox 1047 240 1089 279; x_wconf 89' lang='lat' dir='ltr'>et</span> <span class='ocrx_word' id='word_1_22' title='bbox 1114 239 1204 293; x_wconf 85' lang='lat' dir='ltr'>igni</span> <span class='ocrx_word' id='word_1_23' title='bbox 1230 239 1579 282; x_wconf 71' lang='lat' dir='ltr'>interdiceretur?</span> 
     </span>
     <span class='ocr_line' id='line_1_4' title="bbox 246 296 1578 351; baseline 0.002 -14"><span class='ocrx_word' id='word_1_24' title='bbox 246 296 357 351; x_wconf 91' lang='lat' dir='ltr'>quod</span> <span class='ocrx_word' id='word_1_25' title='bbox 385 296 428 338; x_wconf 85' lang='lat' dir='ltr'>C.</span> <span class='ocrx_word' id='word_1_26' title='bbox 455 296 670 338; x_wconf 82' lang='lat' dir='ltr'>Gracchus</span> <span class='ocrx_word' id='word_1_27' title='bbox 699 296 748 337; x_wconf 92' lang='lat' dir='ltr'>de</span> <span class='ocrx_word' id='word_1_28' title='bbox 775 296 819 338; x_wconf 90' lang='lat' dir='ltr'>P.</span> <span class='ocrx_word' id='word_1_29' title='bbox 839 296 1019 351; x_wconf 89' lang='lat' dir='ltr'>Popilio,</span> <span class='ocrx_word' id='word_1_30' title='bbox 1047 296 1300 338; x_wconf 72' lang='lat' dir='ltr'>Saturninus</span> <span class='ocrx_word' id='word_1_31' title='bbox 1329 297 1377 338; x_wconf 87' lang='lat' dir='ltr'>de</span> <span class='ocrx_word' id='word_1_32' title='bbox 1403 297 1578 340; x_wconf 88' lang='lat' dir='ltr'>Metello</span> 
     </span>
     <span class='ocr_line' id='line_1_5' title="bbox 245 354 1578 410; baseline 0.002 -15"><span class='ocrx_word' id='word_1_33' title='bbox 245 356 357 396; x_wconf 86' lang='lat' dir='ltr'>tulit.</span> <span class='ocrx_word' id='word_1_34' title='bbox 408 354 615 397; x_wconf 83' lang='lat' dir='ltr'>Homines</span> <span class='ocrx_word' id='word_1_35' title='bbox 643 355 957 396; x_wconf 76' lang='lat' dir='ltr'>seditiosissimi</span> <span class='ocrx_word' id='word_1_36' title='bbox 984 356 1033 396; x_wconf 88' lang='lat' dir='ltr'>de</span> <span class='ocrx_word' id='word_1_37' title='bbox 1060 356 1233 410; x_wconf 84' lang='lat' dir='ltr'>optimis</span> <span class='ocrx_word' id='word_1_38' title='bbox 1260 370 1308 398; x_wconf 91' lang='lat' dir='ltr'>ac</span> <span class='ocrx_word' id='word_1_39' title='bbox 1333 356 1578 398; x_wconf 86' lang='lat' dir='ltr'>fortissimis</span> 
     </span>
     <span class='ocr_line' id='line_1_6' title="bbox 245 414 1615 470; baseline -0.002 -15"><span class='ocrx_word' id='word_1_40' title='bbox 245 414 421 466; x_wconf 89' lang='lat' dir='ltr'>civibus,</span> <span class='ocrx_word' id='word_1_41' title='bbox 451 428 538 455; x_wconf 86' lang='lat' dir='ltr'>non</span> <span class='ocrx_word' id='word_1_42' title='bbox 569 417 617 454; x_wconf 92' lang='lat' dir='ltr'>ut</span> <span class='ocrx_word' id='word_1_43' title='bbox 649 416 760 454; x_wconf 92' lang='lat' dir='ltr'>esset</span> <span class='ocrx_word' id='word_1_44' title='bbox 791 414 1077 468; x_wconf 88' lang='lat' dir='ltr'>interdictum,</span> <span class='ocrx_word' id='word_1_45' title='bbox 1110 415 1221 469; x_wconf 90' lang='lat' dir='ltr'>quod</span> <span class='ocrx_word' id='word_1_46' title='bbox 1250 414 1351 456; x_wconf 88' lang='lat' dir='ltr'>ferri</span> <span class='ocrx_word' id='word_1_47' title='bbox 1376 429 1462 456; x_wconf 87' lang='lat' dir='ltr'>non</span> <span class='ocrx_word' id='word_1_48' title='bbox 1486 418 1578 470; x_wconf 90' lang='lat' dir='ltr'>pot·</span> <span class='ocrx_word' id='word_1_49' title='bbox 1597 426 1615 452; x_wconf 85' lang='lat'>5</span> 
     </span>
     <span class='ocr_line' id='line_1_7' title="bbox 245 472 1578 525; baseline 0.001 -12"><span class='ocrx_word' id='word_1_50' title='bbox 245 476 352 525; x_wconf 89' lang='lat' dir='ltr'>erat,</span> <span class='ocrx_word' id='word_1_51' title='bbox 391 472 596 525; x_wconf 86' lang='lat' dir='ltr'>tulerunt,</span> <span class='ocrx_word' id='word_1_52' title='bbox 629 472 703 513; x_wconf 87' lang='lat' dir='ltr'>sed</span> <span class='ocrx_word' id='word_1_53' title='bbox 734 474 783 513; x_wconf 87' lang='lat' dir='ltr'>ut</span> <span class='ocrx_word' id='word_1_54' title='bbox 813 472 1148 514; x_wconf 85' lang='lat' dir='ltr'>interdiceretur.</span> <span class='ocrx_word' id='word_1_55' title='bbox 1210 472 1294 514; x_wconf 91' lang='lat' dir='ltr'>Ubi</span> <span class='ocrx_word' id='word_1_56' title='bbox 1326 473 1495 525; x_wconf 87' lang='lat' dir='ltr'>cavisti,</span> <span class='ocrx_word' id='word_1_57' title='bbox 1525 488 1578 515; x_wconf 90' lang='lat' dir='ltr'>ne</span> 
     </span>
     <span class='ocr_line' id='line_1_8' title="bbox 246 531 1579 587; baseline 0.002 -16"><span class='ocrx_word' id='word_1_58' title='bbox 246 546 338 572; x_wconf 91' lang='lat' dir='ltr'>meo</span> <span class='ocrx_word' id='word_1_59' title='bbox 384 545 450 571; x_wconf 89' lang='lat' dir='ltr'>me</span> <span class='ocrx_word' id='word_1_60' title='bbox 495 531 587 572; x_wconf 92' lang='grc'><strong>1060</strong></span> <span class='ocrx_word' id='word_1_61' title='bbox 632 545 780 572; x_wconf 90' lang='lat' dir='ltr'>censor</span> <span class='ocrx_word' id='word_1_62' title='bbox 822 531 867 571; x_wconf 87' lang='lat' dir='ltr'>in</span> <span class='ocrx_word' id='word_1_63' title='bbox 911 534 1107 572; x_wconf 86' lang='lat' dir='ltr'>senatum</span> <span class='ocrx_word' id='word_1_64' title='bbox 1145 532 1335 586; x_wconf 81' lang='lat' dir='ltr'>legeret?</span> <span class='ocrx_word' id='word_1_65' title='bbox 1380 532 1492 587; x_wconf 90' lang='lat' dir='ltr'>quod</span> <span class='ocrx_word' id='word_1_66' title='bbox 1530 532 1579 573; x_wconf 88' lang='lat' dir='ltr'>de</span> 
     </span>
     <span class='ocr_line' id='line_1_9' title="bbox 245 589 1579 646; baseline 0 -15"><span class='ocrx_word' id='word_1_67' title='bbox 245 589 455 642; x_wconf 87' lang='lat' dir='ltr'>omnibus,</span> <span class='ocrx_word' id='word_1_68' title='bbox 481 589 609 630; x_wconf 83' lang='lat' dir='ltr'>etiam</span> <span class='ocrx_word' id='word_1_69' title='bbox 636 589 790 643; x_wconf 86' lang='lat' dir='ltr'>quibus</span> <span class='ocrx_word' id='word_1_70' title='bbox 821 589 1032 631; x_wconf 83' lang='lat' dir='ltr'>damnatis</span> <span class='ocrx_word' id='word_1_71' title='bbox 1052 590 1326 632; x_wconf 84' lang='lat' dir='ltr'>interdictum</span> <span class='ocrx_word' id='word_1_72' title='bbox 1347 593 1424 644; x_wconf 86' lang='lat' dir='ltr'>est,</span> <span class='ocrx_word' id='word_1_73' title='bbox 1449 591 1579 646; x_wconf 88' lang='lat' dir='ltr'>scrip-</span> 
     </span>
     <span class='ocr_line' id='line_1_10' title="bbox 174 647 1579 704; baseline -0.001 -13"><span class='ocrx_word' id='word_1_74' title='bbox 174 659 219 691; x_wconf 83' lang='lat'>83</span> <span class='ocrx_word' id='word_1_75' title='bbox 247 651 339 688; x_wconf 88' lang='lat' dir='ltr'>tum</span> <span class='ocrx_word' id='word_1_76' title='bbox 373 650 438 688; x_wconf 89' lang='lat' dir='ltr'>est</span> <span class='ocrx_word' id='word_1_77' title='bbox 469 648 514 688; x_wconf 90' lang='lat' dir='ltr'>in</span> <span class='ocrx_word' id='word_1_78' title='bbox 545 647 726 703; x_wconf 83' lang='lat' dir='ltr'>legibus.</span> <span class='ocrx_word' id='word_1_79' title='bbox 784 647 946 696; x_wconf 83' lang='lat' dir='ltr'>Quaere</span> <span class='ocrx_word' id='word_1_80' title='bbox 977 649 1082 690; x_wconf 90' lang='lat' dir='ltr'>haec</span> <span class='ocrx_word' id='word_1_81' title='bbox 1108 663 1157 690; x_wconf 85' lang='lat' dir='ltr'>ex</span> <span class='ocrx_word' id='word_1_82' title='bbox 1185 647 1345 703; x_wconf 85' lang='lat' dir='ltr'>Clodio,</span> <span class='ocrx_word' id='word_1_83' title='bbox 1373 649 1579 704; x_wconf 86' lang='lat' dir='ltr'>scriptore</span> 
     </span>
     <span class='ocr_line' id='line_1_11' title="bbox 246 707 1634 762; baseline -0.001 -16"><span class='ocrx_word' id='word_1_84' title='bbox 246 707 392 762; x_wconf 85' lang='lat' dir='ltr'>legum</span> <span class='ocrx_word' id='word_1_85' title='bbox 417 708 600 760; x_wconf 88' lang='lat' dir='ltr'>tuarum,</span> <span class='ocrx_word' id='word_1_86' title='bbox 632 707 728 747; x_wconf 89' lang='lat' dir='ltr'>iube</span> <span class='ocrx_word' id='word_1_87' title='bbox 755 707 917 760; x_wconf 87' lang='lat' dir='ltr'>adesse;</span> <span class='ocrx_word' id='word_1_88' title='bbox 950 707 1097 749; x_wconf 86' lang='lat' dir='ltr'>latitat</span> <span class='ocrx_word' id='word_1_89' title='bbox 1123 708 1307 761; x_wconf 89' lang='lat' dir='ltr'>omnino,</span> <span class='ocrx_word' id='word_1_90' title='bbox 1339 708 1424 762; x_wconf 87' lang='lat' dir='ltr'>sed,</span> <span class='ocrx_word' id='word_1_91' title='bbox 1455 707 1492 749; x_wconf 90' lang='lat' dir='ltr'>si</span> <span class='ocrx_word' id='word_1_92' title='bbox 1517 722 1577 749; x_wconf 91' lang='lat' dir='ltr'>re·</span> <span class='ocrx_word' id='word_1_93' title='bbox 1600 719 1634 745; x_wconf 89' lang='lat'>10</span> 
     </span>
     <span class='ocr_line' id='line_1_12' title="bbox 246 765 1580 820; baseline 0.001 -15"><span class='ocrx_word' id='word_1_94' title='bbox 246 765 357 818; x_wconf 84' lang='lat' dir='ltr'>quiri</span> <span class='ocrx_word' id='word_1_95' title='bbox 387 765 574 817; x_wconf 90' lang='lat' dir='ltr'>iusseris,</span> <span class='ocrx_word' id='word_1_96' title='bbox 605 765 821 806; x_wconf 83' lang='lat' dir='ltr'>invenient</span> <span class='ocrx_word' id='word_1_97' title='bbox 852 766 1069 807; x_wconf 88' lang='lat' dir='ltr'>hominem</span> <span class='ocrx_word' id='word_1_98' title='bbox 1103 766 1215 820; x_wconf 86' lang='lat' dir='ltr'>apud</span> <span class='ocrx_word' id='word_1_99' title='bbox 1247 780 1436 808; x_wconf 90' lang='lat' dir='ltr'>sororem</span> <span class='ocrx_word' id='word_1_100' title='bbox 1460 769 1580 807; x_wconf 89' lang='lat' dir='ltr'>tuam</span> 
     </span>
     <span class='ocr_line' id='line_1_13' title="bbox 246 823 1582 878; baseline 0.001 -13"><span class='ocrx_word' id='word_1_101' title='bbox 246 824 530 865; x_wconf 83' lang='lat' dir='ltr'>occultantem</span> <span class='ocrx_word' id='word_1_102' title='bbox 562 838 606 865; x_wconf 91' lang='lat' dir='ltr'>se</span> <span class='ocrx_word' id='word_1_103' title='bbox 639 825 777 878; x_wconf 85' lang='lat' dir='ltr'>capite</span> <span class='ocrx_word' id='word_1_104' title='bbox 810 824 1005 865; x_wconf 84' lang='lat' dir='ltr'>demisso.</span> <span class='ocrx_word' id='word_1_105' title='bbox 1067 823 1147 866; x_wconf 81' lang='lat' dir='ltr'>Sed</span> <span class='ocrx_word' id='word_1_106' title='bbox 1180 825 1216 866; x_wconf 90' lang='lat' dir='ltr'>si</span> <span class='ocrx_word' id='word_1_107' title='bbox 1248 828 1414 878; x_wconf 88' lang='lat' dir='ltr'>patrem</span> <span class='ocrx_word' id='word_1_108' title='bbox 1446 828 1582 878; x_wconf 86' lang='lat' dir='ltr'>tuum,</span> 
     </span>
     <span class='ocr_line' id='line_1_14' title="bbox 245 883 1581 938; baseline 0.001 -15"><span class='ocrx_word' id='word_1_109' title='bbox 245 883 380 923; x_wconf 87' lang='lat' dir='ltr'>civem</span> <span class='ocrx_word' id='word_1_110' title='bbox 427 883 589 923; x_wconf 87' lang='lat' dir='ltr'>medius</span> <span class='ocrx_word' id='word_1_111' title='bbox 634 883 757 923; x_wconf 91' lang='lat' dir='ltr'>fidius</span> <span class='ocrx_word' id='word_1_112' title='bbox 803 884 1022 938; x_wconf 81' lang='lat' dir='ltr'>egregium</span> <span class='ocrx_word' id='word_1_113' title='bbox 1067 883 1400 938; x_wconf 83' lang='lat' dir='ltr'>dissimilemque</span> <span class='ocrx_word' id='word_1_114' title='bbox 1438 884 1581 937; x_wconf 87' lang='lat' dir='ltr'>vestri,</span> 
     </span>
     <span class='ocr_line' id='line_1_15' title="bbox 244 941 1580 996; baseline 0.001 -15"><span class='ocrx_word' id='word_1_115' title='bbox 244 955 369 982; x_wconf 86' lang='lat' dir='ltr'>nemo</span> <span class='ocrx_word' id='word_1_116' title='bbox 402 956 603 995; x_wconf 88' lang='lat' dir='ltr'>umquam</span> <span class='ocrx_word' id='word_1_117' title='bbox 637 955 763 982; x_wconf 87' lang='lat' dir='ltr'>sanus</span> <span class='ocrx_word' id='word_1_118' title='bbox 797 942 962 982; x_wconf 86' lang='lat' dir='ltr'>exulem</span> <span class='ocrx_word' id='word_1_119' title='bbox 995 942 1247 996; x_wconf 88' lang='lat' dir='ltr'>appellavit,</span> <span class='ocrx_word' id='word_1_120' title='bbox 1279 942 1371 996; x_wconf 88' lang='lat' dir='ltr'>qui,</span> <span class='ocrx_word' id='word_1_121' title='bbox 1403 957 1499 983; x_wconf 90' lang='lat' dir='ltr'>cum</span> <span class='ocrx_word' id='word_1_122' title='bbox 1531 941 1580 983; x_wconf 91' lang='lat' dir='ltr'>de</span> 
     </span>
     <span class='ocr_line' id='line_1_16' title="bbox 245 999 1633 1055; baseline 0.001 -15"><span class='ocrx_word' id='word_1_123' title='bbox 245 1014 294 1041; x_wconf 93' lang='lat' dir='ltr'>eo</span> <span class='ocrx_word' id='word_1_124' title='bbox 331 999 528 1041; x_wconf 89' lang='lat' dir='ltr'>tribunus</span> <span class='ocrx_word' id='word_1_125' title='bbox 565 999 621 1053; x_wconf 86' lang='lat' dir='ltr'>pl.</span> <span class='ocrx_word' id='word_1_126' title='bbox 657 1001 992 1055; x_wconf 73' lang='lat' dir='ltr'>promulgasset,</span> <span class='ocrx_word' id='word_1_127' title='bbox 1031 1000 1178 1041; x_wconf 85' lang='lat' dir='ltr'>adesse</span> <span class='ocrx_word' id='word_1_128' title='bbox 1215 1003 1391 1055; x_wconf 90' lang='lat' dir='ltr'>propter</span> <span class='ocrx_word' id='word_1_129' title='bbox 1427 1000 1579 1055; x_wconf 89' lang='lat' dir='ltr'>iniqui-</span> <span class='ocrx_word' id='word_1_130' title='bbox 1600 1011 1633 1038; x_wconf 85' lang='lat'>15</span> 
     </span>
     <span class='ocr_line' id='line_1_17' title="bbox 244 1057 1580 1114; baseline 0.001 -16"><span class='ocrx_word' id='word_1_131' title='bbox 244 1062 376 1099; x_wconf 80' lang='lat' dir='ltr'>tatem</span> <span class='ocrx_word' id='word_1_132' title='bbox 411 1058 527 1098; x_wconf 88' lang='lat' dir='ltr'>illius</span> <span class='ocrx_word' id='word_1_133' title='bbox 561 1057 742 1099; x_wconf 85' lang='lat' dir='ltr'>Cinnani</span> <span class='ocrx_word' id='word_1_134' title='bbox 779 1059 985 1112; x_wconf 87' lang='lat' dir='ltr'>temporis</span> <span class='ocrx_word' id='word_1_135' title='bbox 1018 1059 1168 1112; x_wconf 89' lang='lat' dir='ltr'>noluit,</span> <span class='ocrx_word' id='word_1_136' title='bbox 1203 1059 1323 1113; x_wconf 89' lang='lat' dir='ltr'>eique</span> <span class='ocrx_word' id='word_1_137' title='bbox 1355 1059 1580 1114; x_wconf 89' lang='lat' dir='ltr'>imperium</span> 
     </span>
     <span class='ocr_line' id='line_1_18' title="bbox 245 1116 1580 1172; baseline 0.001 -15"><span class='ocrx_word' id='word_1_138' title='bbox 245 1119 310 1157; x_wconf 87' lang='lat' dir='ltr'>est</span> <span class='ocrx_word' id='word_1_139' title='bbox 348 1117 602 1171; x_wconf 81' lang='lat' dir='ltr'>abrogatum</span> <span class='ocrx_word' id='word_1_140' title='bbox 638 1140 685 1145; x_wconf 89' lang='lat'>-</span> <span class='ocrx_word' id='word_1_141' title='bbox 723 1118 758 1157; x_wconf 88' lang='lat' dir='ltr'>si</span> <span class='ocrx_word' id='word_1_142' title='bbox 796 1116 839 1157; x_wconf 87' lang='lat' dir='ltr'>in</span> <span class='ocrx_word' id='word_1_143' title='bbox 877 1117 951 1158; x_wconf 87' lang='lat' dir='ltr'>illo</span> <span class='ocrx_word' id='word_1_144' title='bbox 989 1132 1126 1171; x_wconf 89' lang='lat' dir='ltr'>poena</span> <span class='ocrx_word' id='word_1_145' title='bbox 1164 1117 1360 1171; x_wconf 82' lang='lat' dir='ltr'>legitima</span> <span class='ocrx_word' id='word_1_146' title='bbox 1398 1117 1580 1172; x_wconf 85' lang='lat' dir='ltr'>turpitu-</span> 
     </span>
     <span class='ocr_line' id='line_1_19' title="bbox 244 1174 1579 1230; baseline 0.001 -15"><span class='ocrx_word' id='word_1_147' title='bbox 244 1175 387 1215; x_wconf 87' lang='lat' dir='ltr'>dinem</span> <span class='ocrx_word' id='word_1_148' title='bbox 429 1189 514 1215; x_wconf 87' lang='lat' dir='ltr'>non</span> <span class='ocrx_word' id='word_1_149' title='bbox 558 1174 711 1215; x_wconf 88' lang='lat' dir='ltr'>habuit</span> <span class='ocrx_word' id='word_1_150' title='bbox 756 1178 930 1229; x_wconf 83' lang='lat' dir='ltr'>propter</span> <span class='ocrx_word' id='word_1_151' title='bbox 972 1176 1059 1216; x_wconf 86' lang='lat' dir='ltr'>vim</span> <span class='ocrx_word' id='word_1_152' title='bbox 1103 1180 1362 1230; x_wconf 84' lang='lat' dir='ltr'>temporum,</span> <span class='ocrx_word' id='word_1_153' title='bbox 1412 1176 1455 1216; x_wconf 90' lang='lat' dir='ltr'>in</span> <span class='ocrx_word' id='word_1_154' title='bbox 1499 1190 1579 1229; x_wconf 90' lang='lat' dir='ltr'>me,</span> 
     </span>
     <span class='ocr_line' id='line_1_20' title="bbox 243 1233 1579 1288; baseline 0.001 -15"><span class='ocrx_word' id='word_1_155' title='bbox 243 1233 310 1274; x_wconf 88' lang='lat' dir='ltr'>cui</span> <span class='ocrx_word' id='word_1_156' title='bbox 349 1233 437 1274; x_wconf 90' lang='lat' dir='ltr'>dies</span> <span class='ocrx_word' id='word_1_157' title='bbox 478 1233 589 1274; x_wconf 87' lang='lat' dir='ltr'>dicta</span> <span class='ocrx_word' id='word_1_158' title='bbox 625 1248 861 1287; x_wconf 85' lang='lat' dir='ltr'>numquam</span> <span class='ocrx_word' id='word_1_159' title='bbox 899 1236 980 1287; x_wconf 86' lang='lat' dir='ltr'>est,</span> <span class='ocrx_word' id='word_1_160' title='bbox 1020 1234 1091 1288; x_wconf 86' lang='lat' dir='ltr'>qui</span> <span class='ocrx_word' id='word_1_161' title='bbox 1132 1249 1227 1275; x_wconf 88' lang='lat' dir='ltr'>reus</span> <span class='ocrx_word' id='word_1_162' title='bbox 1266 1248 1353 1275; x_wconf 87' lang='lat' dir='ltr'>non</span> <span class='ocrx_word' id='word_1_163' title='bbox 1390 1233 1468 1288; x_wconf 86' lang='lat' dir='ltr'>fui,</span> <span class='ocrx_word' id='word_1_164' title='bbox 1507 1234 1579 1288; x_wconf 91' lang='lat' dir='ltr'>qui</span> 
     </span>
     <span class='ocr_line' id='line_1_21' title="bbox 244 1292 1633 1347; baseline -0.001 -15"><span class='ocrx_word' id='word_1_165' title='bbox 244 1306 478 1346; x_wconf 87' lang='lat' dir='ltr'>numquam</span> <span class='ocrx_word' id='word_1_166' title='bbox 510 1306 603 1332; x_wconf 87' lang='lat' dir='ltr'>sum</span> <span class='ocrx_word' id='word_1_167' title='bbox 641 1307 665 1333; x_wconf 90' lang='lat' dir='ltr'>a</span> <span class='ocrx_word' id='word_1_168' title='bbox 702 1293 876 1333; x_wconf 89' lang='lat' dir='ltr'>tribuno</span> <span class='ocrx_word' id='word_1_169' title='bbox 912 1293 969 1346; x_wconf 87' lang='lat' dir='ltr'>pl.</span> <span class='ocrx_word' id='word_1_170' title='bbox 1002 1293 1175 1346; x_wconf 87' lang='lat' dir='ltr'>citatus,</span> <span class='ocrx_word' id='word_1_171' title='bbox 1214 1292 1404 1333; x_wconf 86' lang='lat' dir='ltr'>damnati</span> <span class='ocrx_word' id='word_1_172' title='bbox 1442 1307 1579 1347; x_wconf 89' lang='lat' dir='ltr'>poena</span> <span class='ocrx_word' id='word_1_173' title='bbox 1598 1305 1633 1330; x_wconf 83' lang='lat'>20</span> 
     </span>
     <span class='ocr_line' id='line_1_22' title="bbox 246 1350 1580 1405; baseline 0.001 -15"><span class='ocrx_word' id='word_1_174' title='bbox 246 1364 336 1391; x_wconf 89' lang='lat' dir='ltr'>esse</span> <span class='ocrx_word' id='word_1_175' title='bbox 374 1350 532 1404; x_wconf 87' lang='lat' dir='ltr'>potuit,</span> <span class='ocrx_word' id='word_1_176' title='bbox 574 1364 623 1390; x_wconf 86' lang='lat' dir='ltr'>ea</span> <span class='ocrx_word' id='word_1_177' title='bbox 659 1350 931 1404; x_wconf 85' lang='lat' dir='ltr'>praesertim,</span> <span class='ocrx_word' id='word_1_178' title='bbox 971 1365 1076 1405; x_wconf 90' lang='lat' dir='ltr'>quae</span> <span class='ocrx_word' id='word_1_179' title='bbox 1114 1365 1165 1392; x_wconf 90' lang='lat' dir='ltr'>ne</span> <span class='ocrx_word' id='word_1_180' title='bbox 1202 1351 1247 1392; x_wconf 89' lang='lat' dir='ltr'>in</span> <span class='ocrx_word' id='word_1_181' title='bbox 1283 1351 1378 1405; x_wconf 90' lang='lat' dir='ltr'>ipsa</span> <span class='ocrx_word' id='word_1_182' title='bbox 1411 1350 1580 1405; x_wconf 85' lang='lat' dir='ltr'>quidem</span> 
     </span>
     <span class='ocr_line' id='line_1_23' title="bbox 173 1396 1580 1478; baseline 0.001 -30"><span class='ocrx_word' id='word_1_183' title='bbox 173 1396 230 1478; x_wconf 57' lang='grc' dir='ltr'>ἓξ</span> <span class='ocrx_word' id='word_1_184' title='bbox 246 1409 470 1463; x_wconf 79' lang='lat' dir='ltr'>rogatione</span> <span class='ocrx_word' id='word_1_185' title='bbox 514 1408 781 1463; x_wconf 88' lang='lat' dir='ltr'>praescripta</span> <span class='ocrx_word' id='word_1_186' title='bbox 826 1409 918 1450; x_wconf 86' lang='lat' dir='ltr'>est‘?</span> <span class='ocrx_word' id='word_1_187' title='bbox 993 1410 1056 1451; x_wconf 83' lang='lat' dir='ltr'>Ac</span> <span class='ocrx_word' id='word_1_188' title='bbox 1099 1409 1213 1462; x_wconf 86' lang='lat' dir='ltr'>vide,</span> <span class='ocrx_word' id='word_1_189' title='bbox 1265 1409 1365 1464; x_wconf 90' lang='lat' dir='ltr'>quid</span> <span class='ocrx_word' id='word_1_190' title='bbox 1401 1410 1580 1451; x_wconf 86' lang='lat' dir='ltr'>&#39;intersit</span> 
     </span>
     <span class='ocr_line' id='line_1_24' title="bbox 245 1467 1579 1522; baseline 0.001 -15"><span class='ocrx_word' id='word_1_191' title='bbox 245 1467 356 1508; x_wconf 83' lang='lat' dir='ltr'>inter</span> <span class='ocrx_word' id='word_1_192' title='bbox 389 1467 509 1508; x_wconf 89' lang='lat' dir='ltr'>illum</span> <span class='ocrx_word' id='word_1_193' title='bbox 534 1467 849 1521; x_wconf 86' lang='lat' dir='ltr'>iniquissimum</span> <span class='ocrx_word' id='word_1_194' title='bbox 875 1467 1011 1522; x_wconf 90' lang='lat' dir='ltr'>patris</span> <span class='ocrx_word' id='word_1_195' title='bbox 1036 1468 1099 1509; x_wconf 89' lang='lat' dir='ltr'>tui</span> <span class='ocrx_word' id='word_1_196' title='bbox 1127 1482 1270 1509; x_wconf 88' lang='lat' dir='ltr'>casum</span> <span class='ocrx_word' id='word_1_197' title='bbox 1297 1470 1338 1509; x_wconf 93' lang='lat' dir='ltr'>et</span> <span class='ocrx_word' id='word_1_198' title='bbox 1364 1468 1472 1509; x_wconf 87' lang='lat' dir='ltr'>hanc</span> <span class='ocrx_word' id='word_1_199' title='bbox 1496 1467 1579 1510; x_wconf 88' lang='lat' dir='ltr'>for-</span> 
     </span>
     <span class='ocr_line' id='line_1_25' title="bbox 244 1525 1579 1579; baseline 0.001 -13"><span class='ocrx_word' id='word_1_200' title='bbox 244 1528 392 1566; x_wconf 89' lang='lat' dir='ltr'>tunam</span> <span class='ocrx_word' id='word_1_201' title='bbox 426 1525 797 1579; x_wconf 88' lang='lat' dir='ltr'>condicionemque</span> <span class='ocrx_word' id='word_1_202' title='bbox 828 1530 1033 1568; x_wconf 85' lang='lat' dir='ltr'>nostram.</span> <span class='ocrx_word' id='word_1_203' title='bbox 1081 1526 1254 1567; x_wconf 89' lang='lat' dir='ltr'>Patrem</span> <span class='ocrx_word' id='word_1_204' title='bbox 1280 1531 1413 1579; x_wconf 88' lang='lat' dir='ltr'>tuum,</span> <span class='ocrx_word' id='word_1_205' title='bbox 1445 1526 1579 1568; x_wconf 87' lang='lat' dir='ltr'>civem</span> 
     </span>
     <span class='ocr_line' id='line_1_26' title="bbox 245 1584 1632 1640; baseline -0.002 -16"><span class='ocrx_word' id='word_1_206' title='bbox 245 1585 472 1637; x_wconf 83' lang='lat' dir='ltr'>optimum,</span> <span class='ocrx_word' id='word_1_207' title='bbox 517 1584 744 1626; x_wconf 86' lang='lat' dir='ltr'>clarissimi</span> <span class='ocrx_word' id='word_1_208' title='bbox 783 1584 864 1625; x_wconf 88' lang='lat' dir='ltr'>viri</span> <span class='ocrx_word' id='word_1_209' title='bbox 901 1585 1055 1640; x_wconf 87' lang='lat' dir='ltr'>filium,</span> <span class='ocrx_word' id='word_1_210' title='bbox 1097 1586 1168 1639; x_wconf 89' lang='lat' dir='ltr'>qui</span> <span class='ocrx_word' id='word_1_211' title='bbox 1206 1586 1242 1626; x_wconf 90' lang='lat' dir='ltr'>si</span> <span class='ocrx_word' id='word_1_212' title='bbox 1280 1584 1458 1637; x_wconf 83' lang='lat' dir='ltr'>viveret,</span> <span class='ocrx_word' id='word_1_213' title='bbox 1496 1600 1579 1640; x_wconf 89' lang='lat' dir='ltr'>qua</span> <span class='ocrx_word' id='word_1_214' title='bbox 1598 1597 1632 1622; x_wconf 79' lang='lat'>25</span> 
     </span>
     <span class='ocr_line' id='line_1_27' title="bbox 246 1642 1578 1698; baseline 0.002 -15"><span class='ocrx_word' id='word_1_215' title='bbox 246 1643 472 1683; x_wconf 85' lang='lat' dir='ltr'>severitate</span> <span class='ocrx_word' id='word_1_216' title='bbox 504 1642 607 1695; x_wconf 89' lang='lat' dir='ltr'>fuit,</span> <span class='ocrx_word' id='word_1_217' title='bbox 646 1646 693 1683; x_wconf 91' lang='lat' dir='ltr'>tu</span> <span class='ocrx_word' id='word_1_218' title='bbox 724 1644 916 1697; x_wconf 85' lang='lat' dir='ltr'>profecto</span> <span class='ocrx_word' id='word_1_219' title='bbox 948 1658 1035 1684; x_wconf 90' lang='lat' dir='ltr'>non</span> <span class='ocrx_word' id='word_1_220' title='bbox 1061 1643 1239 1697; x_wconf 83' lang='lat' dir='ltr'>viveres,</span> <span class='ocrx_word' id='word_1_221' title='bbox 1275 1643 1322 1685; x_wconf 87' lang='lat' dir='ltr'>L.</span> <span class='ocrx_word' id='word_1_222' title='bbox 1355 1643 1578 1698; x_wconf 85' lang='lat' dir='ltr'>Philippus</span> 
     </span>
     <span class='ocr_line' id='line_1_28' title="bbox 246 1701 1578 1755; baseline 0.001 -14"><span class='ocrx_word' id='word_1_223' title='bbox 246 1715 394 1741; x_wconf 89' lang='lat' dir='ltr'>censor</span> <span class='ocrx_word' id='word_1_224' title='bbox 422 1702 677 1742; x_wconf 86' lang='lat' dir='ltr'>avunculum</span> <span class='ocrx_word' id='word_1_225' title='bbox 704 1716 827 1742; x_wconf 86' lang='lat' dir='ltr'>suum</span> <span class='ocrx_word' id='word_1_226' title='bbox 853 1702 1076 1755; x_wconf 85' lang='lat' dir='ltr'>praeteriit</span> <span class='ocrx_word' id='word_1_227' title='bbox 1102 1702 1147 1742; x_wconf 88' lang='lat' dir='ltr'>in</span> <span class='ocrx_word' id='word_1_228' title='bbox 1171 1701 1390 1743; x_wconf 85' lang='lat' dir='ltr'>recitando</span> <span class='ocrx_word' id='word_1_229' title='bbox 1417 1704 1578 1743; x_wconf 87' lang='lat' dir='ltr'>senatu.</span> 
     </span>
     <span class='ocr_line' id='line_1_29' title="bbox 245 1758 1577 1814; baseline 0.001 -14"><span class='ocrx_word' id='word_1_230' title='bbox 245 1758 366 1800; x_wconf 89' lang='lat' dir='ltr'>Nihil</span> <span class='ocrx_word' id='word_1_231' title='bbox 394 1759 504 1799; x_wconf 89' lang='lat' dir='ltr'>enim</span> <span class='ocrx_word' id='word_1_232' title='bbox 531 1762 702 1814; x_wconf 89' lang='lat' dir='ltr'>poterat</span> <span class='ocrx_word' id='word_1_233' title='bbox 730 1760 877 1811; x_wconf 84' lang='lat' dir='ltr'>dicere,</span> <span class='ocrx_word' id='word_1_234' title='bbox 904 1775 1034 1814; x_wconf 87' lang='lat' dir='ltr'>quare</span> <span class='ocrx_word' id='word_1_235' title='bbox 1059 1763 1155 1801; x_wconf 87' lang='lat' dir='ltr'>rata</span> <span class='ocrx_word' id='word_1_236' title='bbox 1180 1775 1266 1801; x_wconf 89' lang='lat' dir='ltr'>non</span> <span class='ocrx_word' id='word_1_237' title='bbox 1291 1763 1446 1813; x_wconf 85' lang='lat' dir='ltr'>essent,</span> <span class='ocrx_word' id='word_1_238' title='bbox 1471 1774 1577 1813; x_wconf 90' lang='lat' dir='ltr'>quae</span> 
     </span>
     <span class='ocr_line' id='line_1_30' title="bbox 246 1818 1578 1873; baseline 0 -15"><span class='ocrx_word' id='word_1_239' title='bbox 246 1820 369 1858; x_wconf 86' lang='lat' dir='ltr'>erant</span> <span class='ocrx_word' id='word_1_240' title='bbox 401 1821 494 1858; x_wconf 82' lang='lat' dir='ltr'>acta</span> <span class='ocrx_word' id='word_1_241' title='bbox 525 1818 569 1858; x_wconf 86' lang='lat' dir='ltr'>in</span> <span class='ocrx_word' id='word_1_242' title='bbox 601 1833 650 1859; x_wconf 90' lang='lat' dir='ltr'>ea</span> <span class='ocrx_word' id='word_1_243' title='bbox 681 1833 725 1859; x_wconf 88' lang='lat' dir='ltr'>re</span> <span class='ocrx_word' id='word_1_244' title='bbox 757 1818 940 1873; x_wconf 86' lang='lat' dir='ltr'>publica,</span> <span class='ocrx_word' id='word_1_245' title='bbox 972 1819 1016 1859; x_wconf 88' lang='lat' dir='ltr'>in</span> <span class='ocrx_word' id='word_1_246' title='bbox 1049 1833 1132 1872; x_wconf 89' lang='lat' dir='ltr'>qua</span> <span class='ocrx_word' id='word_1_247' title='bbox 1164 1833 1207 1859; x_wconf 89' lang='grc'><strong>36</strong></span> <span class='ocrx_word' id='word_1_248' title='bbox 1233 1818 1319 1859; x_wconf 91' lang='lat' dir='ltr'>illis</span> <span class='ocrx_word' id='word_1_249' title='bbox 1343 1818 1448 1872; x_wconf 89' lang='lat' dir='ltr'>ipsis</span> <span class='ocrx_word' id='word_1_250' title='bbox 1475 1821 1578 1859; x_wconf 91' lang='lat' dir='ltr'>tem-</span> 
     </span>
     <span class='ocr_line' id='line_1_31' title="bbox 246 1875 1632 1929; baseline 0.001 -13"><span class='ocrx_word' id='word_1_251' title='bbox 246 1876 421 1929; x_wconf 90' lang='lat' dir='ltr'>poribus</span> <span class='ocrx_word' id='word_1_252' title='bbox 455 1890 671 1917; x_wconf 88' lang='lat' dir='ltr'>censorem</span> <span class='ocrx_word' id='word_1_253' title='bbox 704 1891 795 1918; x_wconf 89' lang='lat' dir='ltr'>esse</span> <span class='ocrx_word' id='word_1_254' title='bbox 828 1877 1052 1929; x_wconf 79' lang='lat' dir='ltr'>voluisset3</span> <span class='ocrx_word' id='word_1_255' title='bbox 1091 1891 1156 1918; x_wconf 91' lang='lat' dir='ltr'>me</span> <span class='ocrx_word' id='word_1_256' title='bbox 1187 1875 1232 1917; x_wconf 92' lang='lat' dir='ltr'>L.</span> <span class='ocrx_word' id='word_1_257' title='bbox 1266 1875 1410 1929; x_wconf 87' lang='lat' dir='ltr'>Cotta,</span> <span class='ocrx_word' id='word_1_258' title='bbox 1447 1876 1576 1919; x_wconf 88' lang='lat' dir='ltr'>homo</span> <span class='ocrx_word' id='word_1_259' title='bbox 1596 1888 1632 1914; x_wconf 81' lang='lat'>30</span> 
     </span>
     <span class='ocr_line' id='line_1_32' title="bbox 247 1934 1577 1988; baseline 0.001 -13"><span class='ocrx_word' id='word_1_260' title='bbox 247 1934 480 1987; x_wconf 86' lang='lat' dir='ltr'>censorius,</span> <span class='ocrx_word' id='word_1_261' title='bbox 517 1934 561 1975; x_wconf 90' lang='lat' dir='ltr'>in</span> <span class='ocrx_word' id='word_1_262' title='bbox 599 1938 748 1976; x_wconf 85' lang='lat' dir='ltr'>senatu</span> <span class='ocrx_word' id='word_1_263' title='bbox 785 1935 950 1976; x_wconf 84' lang='lat' dir='ltr'>iuratus</span> <span class='ocrx_word' id='word_1_264' title='bbox 990 1935 1095 1975; x_wconf 79' lang='lat' dir='ltr'>dixit</span> <span class='ocrx_word' id='word_1_265' title='bbox 1133 1949 1194 1988; x_wconf 88' lang='lat' dir='ltr'>se,</span> <span class='ocrx_word' id='word_1_266' title='bbox 1232 1935 1268 1975; x_wconf 89' lang='lat' dir='ltr'>si</span> <span class='ocrx_word' id='word_1_267' title='bbox 1305 1949 1454 1976; x_wconf 90' lang='lat' dir='ltr'>censor</span> <span class='ocrx_word' id='word_1_268' title='bbox 1485 1937 1577 1976; x_wconf 87' lang='lat' dir='ltr'>tum</span> 
     </span>
     <span class='ocr_line' id='line_1_33' title="bbox 248 1993 1577 2047; baseline 0 -13"><span class='ocrx_word' id='word_1_269' title='bbox 248 1995 378 2046; x_wconf 90' lang='lat' dir='ltr'>esset,</span> <span class='ocrx_word' id='word_1_270' title='bbox 417 2007 511 2034; x_wconf 90' lang='lat' dir='ltr'>cum</span> <span class='ocrx_word' id='word_1_271' title='bbox 551 2006 627 2047; x_wconf 84' lang='lat' dir='ltr'>ego</span> <span class='ocrx_word' id='word_1_272' title='bbox 668 1994 857 2046; x_wconf 89' lang='lat' dir='ltr'>aberam,</span> <span class='ocrx_word' id='word_1_273' title='bbox 896 2008 989 2034; x_wconf 87' lang='lat' dir='ltr'>meo</span> <span class='ocrx_word' id='word_1_274' title='bbox 1028 1994 1121 2034; x_wconf 91' lang='lat' dir='ltr'>loco</span> <span class='ocrx_word' id='word_1_275' title='bbox 1156 1995 1397 2034; x_wconf 88' lang='lat' dir='ltr'>senatorem</span> <span class='ocrx_word' id='word_1_276' title='bbox 1428 1993 1577 2034; x_wconf 86' lang='lat' dir='ltr'>recita-</span> 
     </span>
     <span class='ocr_line' id='line_1_34' title="bbox 176 2050 1579 2105; baseline -0.001 -12"><span class='ocrx_word' id='word_1_277' title='bbox 176 2063 220 2094; x_wconf 81' lang='lat'>85</span> <span class='ocrx_word' id='word_1_278' title='bbox 246 2055 387 2092; x_wconf 87' lang='lat' dir='ltr'>turum</span> <span class='ocrx_word' id='word_1_279' title='bbox 419 2051 562 2092; x_wconf 87' lang='lat' dir='ltr'>fuisse.</span> <span class='ocrx_word' id='word_1_280' title='bbox 612 2050 713 2099; x_wconf 86' lang='lat' dir='ltr'>Quis</span> <span class='ocrx_word' id='word_1_281' title='bbox 745 2051 789 2092; x_wconf 92' lang='lat' dir='ltr'>in</span> <span class='ocrx_word' id='word_1_282' title='bbox 822 2066 961 2093; x_wconf 89' lang='lat' dir='ltr'>meum</span> <span class='ocrx_word' id='word_1_283' title='bbox 993 2052 1132 2093; x_wconf 88' lang='lat' dir='ltr'>locum</span> <span class='ocrx_word' id='word_1_284' title='bbox 1163 2051 1345 2092; x_wconf 86' lang='lat' dir='ltr'>iudicem</span> <span class='ocrx_word' id='word_1_285' title='bbox 1377 2051 1579 2105; x_wconf 89' lang='lat' dir='ltr'>subdidit,</span> 
     </span>
     <span class='ocr_line' id='line_1_35' title="bbox 248 2110 1576 2164; baseline 0 -14"><span class='ocrx_word' id='word_1_286' title='bbox 248 2110 340 2164; x_wconf 90' lang='lat' dir='ltr'>quis</span> <span class='ocrx_word' id='word_1_287' title='bbox 391 2124 581 2151; x_wconf 88' lang='lat' dir='ltr'>meorum</span> <span class='ocrx_word' id='word_1_288' title='bbox 626 2110 858 2151; x_wconf 86' lang='lat' dir='ltr'>amicorum</span> <span class='ocrx_word' id='word_1_289' title='bbox 901 2112 1207 2151; x_wconf 87' lang='lat' dir='ltr'>testamentum</span> <span class='ocrx_word' id='word_1_290' title='bbox 1254 2110 1440 2151; x_wconf 86' lang='lat' dir='ltr'>discessu</span> <span class='ocrx_word' id='word_1_291' title='bbox 1483 2124 1576 2151; x_wconf 88' lang='lat' dir='ltr'>meo</span> 
     </span>
     <span class='ocr_line' id='line_1_36' title="bbox 246 2167 1631 2222; baseline 0.001 -14"><span class='ocrx_word' id='word_1_292' title='bbox 246 2167 359 2221; x_wconf 88' lang='lat' dir='ltr'>fecit,</span> <span class='ocrx_word' id='word_1_293' title='bbox 391 2168 464 2222; x_wconf 89' lang='lat' dir='ltr'>qui</span> <span class='ocrx_word' id='word_1_294' title='bbox 496 2168 600 2209; x_wconf 90' lang='lat' dir='ltr'>mihi</span> <span class='ocrx_word' id='word_1_295' title='bbox 630 2183 716 2209; x_wconf 88' lang='lat' dir='ltr'>non</span> <span class='ocrx_word' id='word_1_296' title='bbox 746 2168 859 2209; x_wconf 89' lang='lat' dir='ltr'>idem</span> <span class='ocrx_word' id='word_1_297' title='bbox 891 2169 1100 2221; x_wconf 89' lang='lat' dir='ltr'>tribuerit,</span> <span class='ocrx_word' id='word_1_298' title='bbox 1133 2168 1246 2222; x_wconf 89' lang='lat' dir='ltr'>quod</span> <span class='ocrx_word' id='word_1_299' title='bbox 1278 2170 1356 2221; x_wconf 85' lang='lat' dir='ltr'>[et]</span> <span class='ocrx_word' id='word_1_300' title='bbox 1391 2169 1427 2209; x_wconf 91' lang='lat' dir='ltr'>si</span> <span class='ocrx_word' id='word_1_301' title='bbox 1459 2168 1574 2209; x_wconf 89' lang='lat' dir='ltr'>ades·</span> <span class='ocrx_word' id='word_1_302' title='bbox 1595 2178 1631 2205; x_wconf 83' lang='lat'>35</span> 
     </span>
     <span class='ocr_line' id='line_1_37' title="bbox 248 2226 1576 2280; baseline -0.001 -12"><span class='ocrx_word' id='word_1_303' title='bbox 248 2241 355 2280; x_wconf 89' lang='lat' dir='ltr'>sem,</span> <span class='ocrx_word' id='word_1_304' title='bbox 399 2227 492 2280; x_wconf 84' lang='lat' dir='ltr'>quis</span> <span class='ocrx_word' id='word_1_305' title='bbox 537 2241 603 2267; x_wconf 88' lang='lat' dir='ltr'>me</span> <span class='ocrx_word' id='word_1_306' title='bbox 646 2241 733 2267; x_wconf 85' lang='lat' dir='ltr'>non</span> <span class='ocrx_word' id='word_1_307' title='bbox 777 2227 902 2267; x_wconf 89' lang='lat' dir='ltr'>modo</span> <span class='ocrx_word' id='word_1_308' title='bbox 941 2227 1063 2279; x_wconf 89' lang='lat' dir='ltr'>civis,</span> <span class='ocrx_word' id='word_1_309' title='bbox 1107 2227 1178 2267; x_wconf 91' lang='lat' dir='ltr'>sed</span> <span class='ocrx_word' id='word_1_310' title='bbox 1216 2227 1354 2268; x_wconf 91' lang='lat' dir='ltr'>socius</span> <span class='ocrx_word' id='word_1_311' title='bbox 1392 2226 1576 2280; x_wconf 87' lang='lat' dir='ltr'>recipere</span> 
     </span>
     <span class='ocr_line' id='line_1_38' title="bbox 248 2283 1577 2341; baseline -0.001 -15"><span class='ocrx_word' id='word_1_312' title='bbox 248 2288 396 2326; x_wconf 83' lang='lat' dir='ltr'>contra</span> <span class='ocrx_word' id='word_1_313' title='bbox 427 2287 546 2326; x_wconf 88' lang='lat' dir='ltr'>tuam</span> <span class='ocrx_word' id='word_1_314' title='bbox 579 2286 718 2341; x_wconf 85' lang='lat' dir='ltr'>legem</span> <span class='ocrx_word' id='word_1_315' title='bbox 745 2287 787 2325; x_wconf 90' lang='lat' dir='ltr'>et</span> <span class='ocrx_word' id='word_1_316' title='bbox 812 2285 957 2325; x_wconf 86' lang='lat' dir='ltr'>iuvare</span> <span class='ocrx_word' id='word_1_317' title='bbox 984 2284 1220 2325; x_wconf 75' lang='lat' dir='ltr'>dubitavit?</span> <span class='ocrx_word' id='word_1_318' title='bbox 1271 2283 1463 2339; x_wconf 87' lang='lat' dir='ltr'>Denique</span> <span class='ocrx_word' id='word_1_319' title='bbox 1488 2284 1577 2325; x_wconf 90' lang='lat' dir='ltr'>uni-</span> 
     </span>
    </p>
   </div>
  </div>
 </body>
</html>
