1619 2542
172 117 257 158 160
525 117 618 151 PRO
645 116 687 151 A.
715 115 951 151 CLUENTIO
980 115 1169 153 ORATIO.

169 213 381 267 privatos,
428 212 681 254 iudiciorum
728 226 938 253 novorum
979 212 1180 265 periculis
1222 227 1310 254 non
1357 227 1514 256 carere.

173 271 421 314 Senatorem
460 271 541 312 hoc
579 271 698 325 queri
735 285 823 311 non
861 284 1006 324 posse,
1046 273 1274 325 propterea
1316 272 1428 325 quod
1467 287 1515 314 ea

171 331 416 372 condicione
436 330 659 384 proposita
678 332 824 384 petere
844 329 1067 383 coepisset,
1088 329 1284 384 quodque
1303 331 1516 384 permulta

172 392 315 431 essent
363 393 632 441 ornamenta,
682 388 836 442 quibus
887 402 981 428 eam
1031 388 1232 442 mitigare
1274 389 1516 430 molestiam

171 451 337 503 posset,
369 448 501 501 locus,
533 447 778 500 auctoritas,
812 446 927 487 domi
959 446 1170 500 splendor,
1203 447 1314 501 apud
1347 449 1515 490 exteras
1534 458 1552 485 5

171 506 369 548 nationes
395 519 553 547 110111611
581 508 623 546 et
649 505 802 559 gratia,
828 508 933 560 toga
958 508 1192 559 praetexta,
1220 506 1323 547 sella
1343 507 1516 560 curulis,

172 566 371 620 insignia,
403 564 555 617 fasces,
587 564 810 618 exercitus,
841 564 1034 617 imperia,
1066 564 1330 618 provinciae,
1362 565 1516 619 quibus

172 625 216 664 in
236 624 363 664 rebus
385 638 479 664 cum
501 637 668 664 summa
687 625 799 663 recte
819 622 944 663 factis
965 622 1147 663 maiores
1161 622 1300 664 nostri
1314 624 1516 677 praemia,

170 685 264 723 tum
305 682 429 735 plura
461 682 645 735 peccatis
678 681 869 736 pericula
900 681 1124 735 proposita
1156 696 1246 722 esse
1277 682 1516 723 voluerunt.

171 741 243 781 Illi
274 755 361 782 non
392 740 473 781 1106
505 740 773 793 recusabant,
804 754 857 780 ne
890 754 938 781 ea
963 740 1058 793 lege
1086 743 1399 794 accusarentur,
1431 755 1516 794 qua
1536 752 1570 777 10

171 814 283 841 nunc
321 798 510 840 Habitus
558 801 800 851 accusatur,
846 812 953 852 quae
990 801 1084 839 tum
1123 802 1213 840 erat
1251 797 1516 853 Sempronia,

170 872 283 899 nunc
323 860 389 898 est
423 856 622 899 Cornelia
664 856 995 912 (intellegebant
1035 857 1146 898 enim
1185 871 1234 898 ea
1266 858 1359 911 lege
1393 871 1516 911 eque-

172 920 303 958 strem
342 916 534 958 ordinem
574 931 660 957 non
698 916 874 969 teneri),
912 915 1002 969 sed,
1041 930 1093 956 ne
1131 930 1242 957 nova
1284 916 1379 970 lege
1411 916 1516 957 adli-

103 987 168 1017 155
186 977 402 1030 gai-entur,
428 975 697 1016 laborabant.
738 974 927 1015 Habitus
948 988 1000 1015 ne
1021 973 1102 1016 1106
1123 974 1293 1028 quidem
1313 989 1515 1029 umquam

171 1034 396 1087 recusavit,
430 1048 513 1087 quo
547 1033 686 1074 minus
720 1033 788 1074 vel
821 1047 870 1074 ea
902 1033 997 1087 lege
1029 1033 1241 1074 rationem
1273 1033 1387 1074 vitae
1414 1048 1514 1075 suae
1536 1043 1568 1070 15

171 1093 381 1143 redderet,
422 1107 505 1145 qua
542 1106 629 1132 non
667 1094 895 1132 teneretur.
953 1090 1069 1138 Quae
1102 1092 1137 1132 si
1168 1091 1291 1133 vobis
1325 1092 1514 1134 condicio

171 1151 330 1205 placet,
371 1165 516 1191 omnes
556 1150 598 1190 id
638 1164 835 1205 agamus,
874 1152 922 1190 ut
959 1150 1064 1191 11666
1096 1165 1224 1204 quam
1254 1151 1439 1204 primum
1471 1151 1516 1191 in

173 1224 319 1250 omnes
354 1209 524 1250 ordines
559 1210 751 1263 quaestio
785 1208 1036 1263 perferatur.

102 1266 154 1307 57
260 1267 430 1308 Interea
475 1267 662 1321 quidem,
712 1281 788 1321 per
833 1266 932 1308 deos
977 1267 1260 1308 immortales!
1312 1267 1513 1321 quoniam

172 1327 316 1368 omnia
342 1326 565 1367 commoda
590 1329 751 1380 nostra,
776 1325 880 1379 iura,
909 1325 1164 1379 libertatem,
1191 1325 1375 1366 salutem
1402 1326 1514 1366 deni·
1535 1338 1567 1362 20

173 1399 252 1439 que
278 1385 445 1439 legibus
473 1385 728 1438 obtinemus,
757 1399 781 1425 a
806 1384 975 1439 legibus
995 1398 1079 1425 non
1101 1384 1360 1438 recedamus,
1387 1384 1513 1425 simul

172 1450 213 1485 et
250 1443 358 1484 illud
398 1458 524 1497 quam
566 1444 623 1484 sit
662 1444 858 1497 iniquum
896 1443 1150 1498 cogitemus,
1188 1443 1395 1497 populum
1432 1442 1514 1484 Ro-

170 1517 346 1543 manum
380 1502 495 1543 aliud
526 1517 639 1543 1111116
671 1515 810 1557 agere,
841 1501 966 1542 vobis
998 1516 1087 1542 rem
1119 1501 1338 1556 publicam
1364 1503 1407 1542 et
1430 1501 1514 1542 for—

171 1563 298 1602 tunas
342 1575 440 1602 suas
486 1560 768 1614 commisisse,
809 1560 951 1614 ipsum
998 1559 1087 1600 sine
1130 1574 1232 1602 cura
1278 1574 1388 1614 esse,
1427 1574 1514 1601 non

172 1622 373 1674 metuere,
404 1634 456 1660 116
488 1620 583 1675 lege
617 1634 676 1673 ea,
704 1633 831 1673 quam
862 1633 1096 1673 numquam
1127 1618 1218 1672 ipse
1251 1618 1437 1671 iusserit,
1469 1621 1512 1659 et
1531 1629 1565 1655 25

172 1678 433 1731 quaestione,
461 1693 543 1731 qua
570 1692 614 1718 se
642 1678 830 1719 solutum
857 1677 1124 1731 liberumque
1154 1691 1244 1718 esse
1270 1677 1512 1730 arbitretur,

104 1747 168 1779 156
184 1751 261 1790 per
287 1751 445 1790 paucos
473 1736 632 1777 iudices
660 1736 938 1790 astringatur.
983 1735 1089 1790 Agit
1115 1736 1227 1776 enim
1255 1735 1315 1776 sic
1341 1749 1512 1776 causam

172 1794 218 1835 Τ.
251 1794 425 1847 Accius,
459 1795 706 1836 adulescens
739 1795 876 1836 bonus
911 1797 952 1835 et
985 1794 1187 1848 disertus,
1220 1807 1365 1834 omnes
1398 1793 1511 1834 cives

172 1853 340 1907 legibus
379 1853 515 1893 teneri
554 1854 776 1907 omnibus3
814 1867 890 1894 vos
930 1852 1150 1894 attenditis
1189 1854 1231 1892 et
1269 1851 1426 1893 auditis
1460 1851 1512 1892 si-

170 1910 321 1965 lentio,
372 1911 482 1952 sicut
530 1911 669 1953 facere
719 1911 896 1952 debetis.
973 1910 1024 1952 A.
1067 1909 1288 1951 Cluentius
1339 1925 1510 1951 causam
1530 1921 1565 1948 30

173 1969 276 2011 dicit
315 1983 442 2023 eques
475 1969 693 2011 Romanus
734 1984 783 2011 ea
820 1970 932 2025 lege,
971 1983 1054 2022 qua
1090 1969 1185 2022 lege
1219 1970 1436 2010 senatores
1469 1972 1511 2010 et

171 2028 213 2083 ii,
241 2028 313 2082 qui
340 2027 641 2081 magistratum
666 2028 921 2082 habuerunt,
947 2027 1030 2068 soli
1055 2029 1272 2081 tenentur3
1305 2027 1412 2068 mihi
1435 2041 1511 2082 per

173 2101 269 2128 eum
316 2100 511 2127 recusare
556 2089 597 2126 et
634 2087 680 2128 in
719 2101 813 2128 6166
852 2085 962 2140 legis
999 2085 1212 2139 praesidia
1249 2085 1509 2127 constituere

172 2144 429 2186 defensionis
477 2158 596 2185 meae
643 2159 729 2186 non
778 2145 890 2186 licet.
967 2141 1011 2184 Si
1058 2144 1292 2185 obtinuerit
1338 2158 1509 2186 causam

172 2202 414 2257 Cluentius,
473 2203 598 2244 sicuti
648 2206 791 2244 vestra
840 2202 1055 2257 aequitate
1104 2202 1193 2243 nixi
1245 2202 1507 2256 confidimus,
1527 2212 1562 2239 35

172 2276 320 2303 omnes
353 2261 677 2315 existimabunt,
716 2261 758 2301 id
792 2261 903 2315 quod
934 2260 1031 2313 erit,
1065 2260 1301 2302 obtinuisse
1332 2262 1509 2314 propter

171 2319 470 2375 innocentiam,
503 2319 703 2375 quoniam
735 2319 798 2360 ita
829 2319 1024 2361 defensus
1058 2318 1132 2373 sit3
1163 2319 1207 2360 in
1232 2319 1325 2375 lege
1352 2321 1507 2373 autem,
