1619 2542
510 53 793 90 ADNOTATIO
822 54 1021 90 CRITICA.
1319 57 1434 93 XCIX

90 158 125 191 p.
154 150 233 182 378.
254 151 285 182 3.
314 168 356 173 -
383 148 424 184 Ρ.
451 151 530 184 356.
545 153 588 184 37
615 149 741 195 [pater
766 150 874 195 tuus]
899 150 1037 185 Rinkes
1065 150 1165 185 Orat.
1192 150 1270 186 Cat.
1297 152 1313 185 I
1338 151 1431 187 thes.

93 193 258 237 XXXIV,
283 193 406 240 Kays.,
432 194 553 230 Halm.
575 195 619 239 II,
646 196 809 240 Richter,
836 197 939 232 Reid.
978 197 1106 232 Plures
1132 198 1299 242 profecto
1320 199 1433 234 etiam

92 254 124 276 v.
152 244 195 275 35
226 240 423 276 eiecissenf,
445 243 510 277 hoc
535 246 584 277 est
610 254 704 278 cous.
724 245 891 288 parentis
915 245 988 287 tui,
1023 245 1053 279 si
1080 245 1132 279 sic
1159 245 1256 279 stare
1282 247 1435 289 possent,

92 299 124 322 v.
145 289 433 332 sapientissimus
450 290 517 324 vir.
532 290 575 324 V.
596 289 855 326 Luterbacher.
879 290 1069 326 ‘Zeitschn
1090 291 1114 327 f.
1136 291 1169 326 d.
1191 291 1233 326 G.
1248 291 1323 326 W.’
1343 296 1434 328 1884

91 347 126 379 p.
144 338 221 370 164.
243 355 287 360 —
307 335 345 370 P.
367 340 445 371 357.
463 340 483 370 3
510 336 563 371 Et
595 342 672 372 erat
697 337 802 372 codd.
828 339 975 382 praeter
1000 337 1087 372 TW
1112 339 1227 382 Parc,
1255 339 1432 382 Richter,

92 382 220 416 aderat
243 381 289 425 Τ,
316 385 367 417 At
392 387 469 418 erat-
492 382 614 418 Halm.
641 385 669 427 I,
695 383 819 428 Kays,
844 384 975 429 Klotz,
1003 387 1119 430 Atque
1144 390 1222 421 erat
1246 386 1366 421 Halm.
1388 387 1433 429 II,

92 429 191 464 Erat
210 428 257 462 W
277 430 315 464 eb
333 429 448 472 Parc„
468 429 573 464 Reid.
593 451 635 455 —
650 432 690 465 P.
707 435 786 466 357.
801 435 821 467 8
837 443 888 476 sq.
903 433 1055 478 [quibus
1069 444 1143 467 uon
1155 434 1411 468 irascebamini
1418 435 1435 477 l

93 475 230 521 Camp.,
250 475 370 511 Halm.
384 476 428 520 II,
449 476 555 511 Reid.
577 498 619 502 —-
641 477 679 512 P.
696 482 775 513 357.
790 482 834 513 22
844 481 1005 523 potuisse
1018 490 1088 515 esse
1102 480 1207 515 Reid.
1225 480 1288 524 (ad
1302 493 1336 525 p.
1352 484 1431 516 238.

93 524 162 567 23),
188 523 344 558 iudicem
368 525 488 569 ipsum
506 534 577 559 esse
596 524 718 560 Madv.
739 525 833 560 Adv.
855 526 906 559 ΙΠ
932 538 967 571 p.
992 531 1058 561 134
1077 528 1187 570 recte,
1213 529 1256 561 ub
1274 527 1433 571 videtur,

85 571 249 615 posuisse
268 570 374 605 codd.
395 571 543 615 praeter
560 570 590 605 Τ
609 572 647 606 et
667 577 726 616 (ex
747 571 818 617 sil.)
838 572 897 608 W.
913 594 955 598 —
969 575 1009 608 P.
1025 578 1103 609 357.
1119 579 1165 609 24
1184 574 1436 620 [Cornelium]

93 616 231 660 Cobet„
258 616 382 662 Kays.,
408 617 570 653 Richter.
590 639 636 644 —
655 618 695 654 P.
717 623 796 654 357.
811 623 854 654 28
874 621 1027 655 iudicet
1047 620 1153 656 codd.
1166 621 1252 655 TW
1272 623 1435 666 (iudicet)

91 663 193 699 Parc.
213 664 314 698 haud
335 664 410 699 scio
431 675 479 699 an
498 666 615 707 recte3
641 665 688 699 ad
709 666 810 701 Verr.
831 679 866 711 p.
888 671 966 702 320.
987 671 1009 702 4
1024 669 1053 711 (,
1073 667 1134 702 hic
1152 679 1186 712 p.
1210 673 1287 704 174.
1303 671 1354 712 7);
1375 669 1435 703 vel

91 722 126 755 p.
148 715 226 747 378.
245 715 286 746 15
308 713 382 756 opt.
403 711 509 747 codd.
529 714 618 758 quid
635 716 697 756 est,
717 714 812 758 quod
830 714 1047 749 dubitatis?
1069 736 1110 739 —
1132 715 1172 750 P.
1189 719 1267 750 358.
1284 719 1304 750 5
1332 720 1371 751 et
1394 720 1436 751 ut

91 757 196 793 Reid.
216 779 262 783 —
281 759 320 793 P.
340 762 418 794 358.
434 763 455 793 8
471 770 523 804 sq.
539 760 662 805 [nocte
680 771 722 795 ea
737 781 779 785 —
794 772 846 795 me
860 762 1023 807 consule]
1035 761 1168 796 Eberh.
1183 783 1228 788 —
1241 762 1280 797 P.
1295 767 1374 798 358.
1393 768 1435 797 13

91 806 199 840 discr.
219 804 390 841 Buechel.
412 807 499 840 auc's.
516 816 608 841 recc.
631 806 726 850 edd,
752 808 862 842 deser.
883 808 1001 851 codd,
1022 809 1064 842 ub
1082 808 1240 853 videtur,
1260 809 1380 845 Halm.
1402 811 1435 853 13

93 852 140 886 ad
158 864 194 896 p.
212 855 290 887 134.
305 857 336 887 6.
359 874 402 878 -—
421 853 461 888 P.
488 857 567 888 358.
583 858 626 888 33
655 865 733 898 sqq.
754 854 974 890 tumultum?
1003 855 1085 890 ‘Ita
1104 867 1278 900 prorsus;
1302 858 1431 901 interp.

91 903 176 934 suut
187 900 432 943 yladiatores?
464 900 560 945 Quos
574 921 616 925 —
631 902 791 936 videmus
804 902 924 937 deberi
937 901 1004 945 (sic
1019 903 1124 937 codd.
1137 904 1284 947 praeter
1297 903 1434 948 TBW)

92 945 255 981 Richter.
286 966 327 971 —
359 946 398 982 P.
432 950 511 982 358.
533 951 577 983 36
609 948 664 983 ita
696 949 843 991 familia
877 949 970 984 coni.
1000 948 1040 984 E.
1070 949 1222 993 Eberh.,
1261 951 1436 986 Poetellia

91 994 178 1036 fam.
204 993 246 1028 R.
273 993 408 1038 Unger.
438 993 590 1029 Emend.
618 993 746 1030 Horaia.
771 1006 806 1039 p.
836 1000 902 1031 113
927 1007 962 1030 n.
991 1017 1034 1022 -—
1060 996 1099 1031 P.
1127 1000 1265 1032 359.12
1291 1009 1436 1033 munere

92 1039 226 1075 Servili
256 1040 377 1075 Madv.
392 1040 517 1076 Adv.I
542 1053 577 1086 p.
595 1045 660 1076 127
677 1053 746 1085 sq„
786 1043 809 1087 †
842 1043 913 1078 Sed
949 1047 1068 1078 tamen
1105 1045 1146 1078 in
1183 1056 1328 1079 munere
1365 1056 1435 1080 ser-

92 1088 157 1122 vili
181 1086 314 1130 Halm,
341 1087 420 1122 sine
441 1098 548 1122 cruce
568 1087 692 1132 Kays„
718 1089 823 1123 Reid.
845 1091 882 1124 eh
901 1101 970 1125 om.
991 1091 1033 1125 iu
1052 1090 1183 1133 Klotz„
1210 1092 1309 1135 quod
1330 1092 1437 1126 abest.

93 1144 115 1167 a
140 1134 257 1177 codd,
282 1135 366 1180 [sed
388 1139 508 1171 tamen
533 1156 577 1161 -—
591 1137 874 1181 prospicienda]
895 1136 1030 1173 Eberh.
1051 1157 1094 1163 —·
1115 1137 1154 1172 P.
1176 1143 1254 1173 359.
1272 1143 1313 1172 13
1332 1150 1434 1183 per-

90 1182 177 1225 spic.
206 1181 318 1216 ‘male
342 1181 506 1225 Lamb.’,
531 1183 661 1227 inspic.
686 1183 815 1228 Pluyg.
842 1183 917 1218 Mn.
940 1188 1028 1219 1881
1055 1195 1090 1228 p.
1113 1189 1191 1220 137.
1218 1204 1264 1210 —-
1288 1185 1328 1220 P.
1356 1190 1435 1221 359.

92 1232 136 1263 27
162 1229 282 1264 dissol.
307 1232 358 1264 est
385 1229 482 1264 ‘edd
509 1229 652 1264 incerta
677 1230 929 1274 auctoritate',
954 1230 1130 1275 Richter„
1157 1236 1206 1267 est
1231 1243 1301 1267 om.
1329 1233 1435 1267 codd.

92 1274 224 1318 TBW,
249 1276 451 1311 dissoluisti
470 1275 505 1319 S,
533 1276 612 1318 alI.;
640 1277 687 1310 ad
712 1289 747 1321 p.
779 1281 853 1312 144.
869 1281 925 1312 25.
947 1299 989 1303 —
1010 1278 1049 1313 P.
1076 1277 1155 1313 3593
1171 1283 1214 1313 29
1236 1291 1288 1323 sq.
1310 1281 1437 1325 [prae-

91 1323 164 1357 diis
182 1323 397 1369 deminutis]
415 1322 544 1368 Pluyg.
564 1323 639 1358 Mn.
658 1327 745 1358 1881
766 1336 800 1368 p.
818 1328 902 1367 1383
923 1326 1062 1360 dimin.
1080 1325 1159 1360 cod.
1172 1325 1231 1369 W,
1252 1326 1434 1369 Richber.;

92 1368 140 1403 ad
158 1381 194 1414 p.
218 1373 294 1405 185.
312 1373 365 1404 14.
381 1390 423 1395 —
439 1369 477 1405 P.
499 1374 578 1405 360.
593 1374 613 1404 2
634 1382 657 1405 α
676 1382 711 1406 se
730 1370 855 1415 potius
875 1383 986 1415 quam
1005 1382 1075 1407 esse
1093 1372 1232 1415 Lamb.,
1253 1373 1375 1408 Halm.
1390 1374 1434 1416 II,

91 1415 196 1450 Reid.
224 1437 267 1442 —
293 1415 332 1451 P.
359 1420 438 1452 360.
456 1421 498 1452 13
523 1419 684 1462 putarit
708 1417 885 1461 Huldric.,
913 1418 1025 1463 Kays.
1054 1439 1096 1444 —
1123 1418 1161 1453 P.
1189 1423 1329 1454 360.18
1355 1432 1434 1455 vae-

92 1464 171 1497 nire
195 1462 316 1498 Halm.
343 1462 386 1498 II.
414 1484 455 1489 -—
477 1463 515 1498 P.
536 1468 675 1500 361.11
703 1464 808 1499 alter.
828 1466 871 1500 iu
898 1465 1019 1500 ‘codd
1041 1464 1201 1508 Graevii,
1229 1466 1430 1511 30xonn.’,

91 1508 229 1553 Klotz„
262 1521 331 1544 om.
364 1510 460 1551 rell.;
499 1510 547 1544 ad
571 1523 606 1556 p.
634 1514 690 1546 84.
705 1516 736 1546 2.
776 1532 819 1537 —
858 1511 896 1546 Ρ.
930 1516 1076 1546 361.13
1108 1513 1150 1546 iu
1181 1512 1434 1557 codd.TBW‚

92 1555 230 1601 Klotz„
268 1556 408 1600 Hahn.,
446 1556 574 1602 Kays.,
615 1557 685 1592 del.
724 1557 829 1592 Reid.
864 1579 907 1583 -
941 1558 980 1593 P.
1014 1562 1158 1594 361.15
1190 1560 1272 1594 istis
1302 1560 1434 1604 Klotz„

92 1603 228 1646 Halm,
256 1601 386 1648 Kays.,
413 1603 536 1647 Reid,
561 1605 618 1639 his
644 1603 723 1639 cod.
750 1604 790 1647 T,
815 1605 890 1639 illis
914 1604 995 1640 rell.
1023 1605 1145 1649 codd,
1178 1605 1340 1642 Richter.
1371 1608 1434 1652 (ad

94 1662 129 1694 p.
155 1652 296 1693 4512).
342 1650 381 1685 P.
408 1654 487 1685 253.
503 1654 547 1685 26
567 1652 678 1685 hanc
703 1652 881 1686 coniurat.
909 1652 988 1686 cod.
1008 1651 1051 1695 A,
1078 1656 1157 1688 280.
1173 1656 1217 1687 35
1243 1654 1299 1689 his
1324 1654 1434 1698 pleri-

92 1708 179 1740 que,
212 1700 351 1732 366.13
382 1698 468 1732 haec
497 1699 628 1742 suspic.
654 1697 701 1740 B;
734 1698 780 1732 ad
805 1709 840 1742 p.
868 1702 1017 1734 317.21.
1046 1719 1089 1725 -
1115 1699 1154 1735 P.
1182 1704 1320 1735 361.35
1347 1713 1434 1746 pro-

91 1745 282 1788 mulgarit
312 1743 534 1787 codd.BW,
567 1744 745 1788 Richter„
780 1749 848 1780 -ret
874 1745 908 1780 S.
935 1765 978 1771 —
1005 1745 1044 1781 P.
1071 1750 1210 1781 361.36
1246 1749 1435 1784 videbatur

92 1790 216 1834 codd,
249 1790 370 1826 Halm.
396 1791 423 1825 Ι.
450 1811 493 1816 --
520 1791 558 1826 P.
587 1795 665 1826 362.
681 1796 724 1826 21
751 1794 870 1827 errato
894 1793 1034 1828 veniam
1059 1793 1127 1838 (sic
1153 1793 1259 1829 codd.
1286 1797 1435 1840 praebet

92 1837 227 1879 TBW)
252 1837 319 1882 [L.
347 1838 519 1883 Caecilii]
544 1837 707 1873 Richter.
729 1859 774 1864 —
794 1838 832 1873 P.
853 1843 931 1874 362.
947 1843 991 1875 28
1013 1851 1065 1884 sq.
1092 1852 1109 1875 e
1132 1852 1171 1876 re
1190 1842 1292 1886 publ.
1320 1844 1436 1877 multa

92 1885 162 1930 eyit
180 1884 311 1928 Klotz,
339 1886 382 1920 de
399 1897 438 1920 re
451 1896 491 1929 p.
511 1886 581 1930 eyit
599 1886 714 1920 multa
732 1885 906 1930 Richter„
926 1888 997 1931 egit
1015 1888 1057 1922 de
1075 1898 1113 1922 re
1125 1899 1164 1932 p.
1185 1890 1301 1923 multa
1319 1889 1435 1924 habeb

93 1931 172 1966 cod.
192 1931 232 1975 Τ,
251 1932 366 1967 multa
384 1933 426 1968 de
444 1943 483 1967 re
495 1943 535 1977 p.
556 1933 626 1976 eqit
646 1933 742 1974 cebb„
762 1933 878 1968 multa
895 1944 913 1968 e
930 1945 1004 1978 rep.
1024 1935 1096 1979 equ
1115 1934 1176 1970 all.
1199 1955 1242 1961 —-
1263 1935 1301 1970 P.
1318 1940 1396 1970 363.
1412 1941 1432 1970 3

91 1979 284 2014 tumultum
297 1989 364 2023 pro
377 1982 507 2014 metum
520 1978 698 2022 Schuetz„
713 1978 837 2024 Kays„
852 1981 993 2015 emend.
1008 1980 1132 2016 Madv.
1144 1981 1238 2017 Adv.
1251 1982 1302 2016 ΠΙ
1315 1994 1350 2026 p.
1367 1987 1433 2017 134

93 2036 164 2068 sq.:
189 2029 318 2061 metum
342 2027 446 2061 ‘nobis
471 2025 595 2061 caedis
615 2027 892 2070 seditionisque
910 2029 1124 2071 afferebaut3
1152 2029 1200 2062 ad
1224 2041 1258 2074 p.
1281 2033 1431 2063 23411.

93 2092 136 2097 -—
157 2071 195 2106 P.
217 2076 295 2107 363.
310 2076 330 2107 8
356 2073 491 2117 epistol.
514 2072 631 2115 codd,
658 2074 700 2106 ut
724 2072 880 2116 videtur,
906 2073 1037 2118 Klotz„
1063 2075 1183 2110 Halm.
1205 2076 1231 2118 I,
1258 2075 1431 2119 Richter„

92 2128 158 2162 pro
185 2118 317 2153 Flacco
341 2120 494 2154 noviens
520 2119 617 2154 Bait.
643 2122 714 2153 tae.
736 2121 774 2153 eb
799 2119 937 2163 Klotz,
964 2122 1012 2155 ad
1037 2122 1139 2157 Verr.
1160 2134 1194 2166 p.
1219 2126 1295 2157 171.
1311 2127 1366 2157 26.
1389 2143 1432 2147 ——

93 2165 131 2199 P.
159 2169 236 2200 363.
261 2169 302 2200 18
335 2178 384 2200 an
416 2166 509 2201 coni.
544 2166 584 2201 E.
612 2165 763 2209 Eberh.,
801 2167 921 2203 Madv.
948 2168 1040 2203 Adv.
1067 2169 1101 2203 II
1133 2173 1201 2203 209
1235 2180 1306 2212 sq.,
1344 2180 1433 2203 uum

93 2211 198 2246 codd.
238 2213 275 2246 eb
311 2212 393 2248 edd.
427 2233 471 2239 —
505 2213 544 2248 P.
579 2217 657 2248 363.
682 2217 723 2248 19
761 2215 885 2249 consul
923 2215 963 2250 O.
996 2215 1161 2250 Mueller.
1201 2216 1324 2250 Herm.
1364 2215 1432 2250 XII

92 2270 127 2302 p.
161 2263 245 2303 301,
285 2261 426 2295 consule
461 2259 567 2295 codd.
599 2262 661 2304 (5³),
701 2259 836 2305 Klotz„
869 2261 988 2297 Halm.
1020 2262 1053 2306 l,
1092 2262 1221 2307 Kays.,
1255 2264 1432 2298 consulem

1098 2334 1149 2377 g*
