1619 2542
96 1417 136 1447 15

94 2353 136 2383 16

164 139 250 180 238
535 139 627 173 PRO
655 138 693 174 C.
720 138 918 174 RABIRIO
946 138 1132 174 ORATIO.

164 236 251 277 ista
289 238 388 277 sunt
420 235 632 277 cruciatus
665 235 870 287 carmina,
910 249 1018 289 quae
1049 238 1114 289 tu,
1152 235 1280 277 homo
1313 235 1422 276 lenis
1454 250 1502 277 ac

164 295 403 349 popularis,
446 294 732 335 libentissime
778 308 1105 335 commemoras:
1150 293 1322 335 ‘CAPUT
1362 305 1502 336 OBNU-

163 365 286 406 Erro,
317 365 488 395 ARBORI
519 364 725 393 INFELICI
753 352 1066 406 snspnxnrro',
1099 367 1206 406 quae
1231 353 1373 406 verba⁷
1405 353 1502 401 Qui-

163 412 285 466 rites,
324 412 411 453 iam
442 411 607 466 pridem
632 411 677 451 in
707 411 787 451 hac
819 425 864 451 re
895 411 1067 464 publica
1096 426 1184 452 non
1215 411 1354 452 solum
1385 413 1501 452 tene-

163 471 252 511 bris
289 471 534 523 vetustatis7
574 484 722 510 verum
761 469 891 510 etiam
923 470 1015 511 luce
1047 469 1263 511 libertatis
1297 484 1501 525 oppressa
1521 481 1538 507 5

165 532 276 570 sunt.

253 588 323 628 An
354 602 467 640 vero,
500 587 536 628 si
569 587 679 628 actio
712 587 797 628 ista
828 587 1048 652 popularis
1083 590 1195 628 esset
1227 590 1269 628 et
1301 587 1337 628 si
1367 587 1502 629 ullam

163 650 331 700 partem
365 621 593 700 aequitatis
626 645 806 686 haberet
838 649 912 687 aut
937 646 1054 699 iuris,
1088 645 1130 687 C.
1164 645 1381 687 Gracchus
1408 661 1501 687 eam

163 706 436 759 reliquisset?
506 703 676 745 Scilicet
720 704 802 745 tibi
848 705 1087 760 graviorem
1133 705 1321 746 dolorem
1359 705 1502 758 patrui

163 764 227 804 tui
259 779 374 804 mors
408 763 554 805 attulit
587 778 714 817 quam
741 762 785 804 C.
807 762 998 805 Graccho
1023 763 1186 816 fratris,
1218 767 1260 804 et
1283 763 1364 804 tibi
1390 778 1500 805 acer-
1521 775 1555 799 10

163 822 257 863 bior
304 823 393 863 eius
438 822 582 877 patrui
626 837 742 863 mors
782 825 865 875 est,
910 837 1035 876 quem
1072 837 1305 876 numquam
1343 822 1501 875 vidisti,

164 896 290 935 quam
327 881 394 922 illi
431 881 520 921 eius
558 881 722 933 fratris,
761 881 930 935 quicum
963 881 1293 922 concordissime
1324 881 1500 934 vixerat,

164 943 206 980 et
232 940 361 980 simili
382 940 542 980 virtute
567 942 616 979 tu
641 939 856 980 ulcisceris
881 940 1025 994 patrui
1051 943 1246 993 mortem,
1275 942 1401 993 atque
1426 940 1500 980 ille

162 1001 490 1053 persequeretur
525 997 692 1051 fratris,
733 998 770 1038 si
806 998 892 1039 ista
923 999 1090 1039 ratione
1123 1013 1249 1053 agere
1280 999 1500 1052 voluisset,

164 1060 206 1098 et
243 1072 322 1111 par
361 1056 614 1097 desiderium
655 1056 720 1097 sui
758 1057 933 1110 reliquit
965 1057 1076 1111 apud
1108 1058 1313 1111 populum
1346 1056 1536 1098 Roma-1⁵

162 1131 264 1156 num
296 1115 509 1156 Labienus
546 1115 644 1166 iste,
682 1117 859 1168 patruus
892 1118 1052 1168 vester,
1090 1116 1283 1170 quisquis
1313 1115 1414 1169 fuit,
1453 1130 1501 1157 ac

163 1174 226 1215 Ti.
259 1173 475 1215 Gracchus
513 1173 758 1227 reliquerat.
819 1174 888 1214 An
926 1174 1061 1227 pietas
1099 1178 1175 1215 tua
1206 1174 1342 1215 maior
1373 1188 1501 1228 quam

165 1232 208 1274 C.
240 1232 438 1286 Gracchi,
482 1247 535 1272 an
578 1232 762 1284 animus,
807 1247 861 1273 an
907 1232 1146 1283 consilium,
1190 1247 1245 1273 an
1284 1246 1403 1287 opes,
1446 1247 1500 1273 an
1543 1234 1549 1240 '

164 1292 416 1343 auctoritas,
460 1305 513 1331 an
557 1290 833 1344 eloquentia?
888 1305 994 1344 quae
1039 1291 1075 1331 si
1117 1290 1163 1331 in
1201 1291 1276 1331 illo
1321 1291 1499 1331 minima

162 1349 362 1403 fuissent,
402 1354 549 1391 tamen
584 1364 687 1403 prae
720 1349 805 1390 tuis
843 1349 1122 1390 facultatibus
1160 1349 1346 1390 maxima
1376 1351 1498 1403 puta-
1517 1360 1552 1384 20

162 1411 320 1450 rentur.
383 1407 491 1449 Cum
535 1422 633 1449 vero
677 1408 744 1449 his
787 1408 911 1449 rebus
956 1408 1152 1449 omnibus
1198 1406 1241 1449 C.
1281 1407 1498 1449 Gracchus

163 1469 301 1508 omnis
339 1467 509 1520 vicerit,
546 1470 753 1521 quantum
794 1467 1069 1508 intervallum
1106 1466 1280 1508 tandem
1310 1466 1424 1507 inter
1456 1469 1498 1507 te

163 1529 292 1580 atque
323 1526 446 1567 illum
477 1526 747 1567 interiectum
777 1525 903 1579 [esse]
937 1526 1092 1579 putas?
1149 1524 1230 1566 Sed
1263 1527 1499 1566 moreretur

162 1585 281 1639 prius
324 1584 600 1626 acerbissima
640 1587 777 1625 morte
816 1584 984 1625 miliens
1023 1583 1065 1626 C.
1098 1583 1334 1637 Gracchus,
1371 1598 1498 1637 quam

162 1644 207 1683 in
239 1644 328 1684 eius
361 1643 557 1684 contione
589 1643 777 1684 carnifex
808 1643 1079 1695 consisteret3
1111 1657 1235 1697 quem
1260 1657 1347 1683 non
1371 1642 1497 1683 modo
1517 1651 1550 1677 25

162 1701 274 1754 foro,
313 1703 385 1742 secl
427 1702 556 1742 etiam
595 1702 712 1743 caelo
750 1702 831 1743 hoc
863 1716 911 1742 ac
943 1701 1099 1755 spiritu
1131 1700 1346 1742 censoriae
1380 1701 1496 1755 leges

164 1762 291 1813 atque
322 1760 440 1800 urbis
473 1760 685 1801 domicilio
719 1775 860 1801 carere
892 1760 1129 1801 voluerunt.
1173 1758 1256 1800 Hic
1289 1773 1334 1799 se
1364 1772 1497 1811 popu-

163 1818 296 1858 larem
334 1818 471 1858 (110010
515 1819 657 1871 audet,
696 1833 762 1859 me
795 1819 980 1860 alienum
1013 1833 1037 1859 a
1069 1817 1301 1859 commodis
1331 1817 1498 1870 vestris,

163 1891 257 1917 cum
301 1876 382 1916 iste
427 1878 564 1916 omnis
609 1880 651 1917 et
699 1877 1005 1931 suppliciorum
1043 1878 1085 1917 et
1122 1876 1348 1916 verborum
1386 1889 1497 1916 acer-

162 1935 319 1975 bitates
350 1949 437 1974 non
469 1949 517 1975 ex
550 1936 754 1976 memoria
784 1938 929 1976 vestra
961 1949 1008 1975 ac
1039 1937 1211 1988 patrum
1242 1937 1496 1986 vestrorum,
1514 1945 1549 1969 30

164 1992 237 2033 sed
263 2007 312 2033 ex
339 1993 555 2033 annalium
581 1994 866 2034 monumentis
894 1996 1021 2047 atque
1047 2007 1097 2033 ex
1116 2006 1265 2045 regum
1285 2006 1494 2033 commen-

161 2051 284 2092 tariis
317 2051 606 2105 conquisierit,
638 2066 717 2106 ego
745 2052 941 2093 omnibus
968 2051 1073 2091 meis
1100 2050 1264 2104 opibus,
1297 2051 1493 2091 omnibus

162 2109 370 2162 consiliis,
414 2109 610 2150 omnibus
650 2110 773 2151 dictis
816 2114 940 2164 atque
976 2109 1102 2150 factis
1140 2109 1415 2164 repugnarim
1453 2111 1495 2149 et

162 2167 396 2208 restiterim
447 2168 714 2208 crudelitati?
764 2168 848 2209 nisi
890 2168 1001 2209 forte
1048 2167 1157 2208 hanc
1203 2167 1492 2208 condicionem

162 2227 284 2267 vobis
317 2240 409 2266 esse
440 2226 585 2278 vultis,
618 2241 745 2279 quam
777 2227 899 2280 servi,
931 2226 967 2266 si
998 2225 1211 2266 libertatis
1245 2240 1363 2280 spem
1394 2239 1493 2278 pro-
1511 2233 1545 2260 3⁵

161 2284 348 2338 positam
396 2298 483 2324 non
534 2284 757 2334 haberent,
804 2285 915 2325 ferre
963 2284 1080 2325 nullo
1130 2283 1256 2325 modo
1305 2285 1493 2338 possent.

161 2342 320 2383 Misera
359 2345 424 2383 est
459 2342 695 2396 ignominia
731 2343 983 2384 iudiciorum
1013 2342 1300 2396 publicorum,
1336 2341 1492 2382 misera
