1619 2542
543 94 644 129 CAP.
669 98 809 129 22—25
834 97 854 136 s
880 97 1029 130 60—65.
1328 93 1410 134 211

74 192 177 234 viris
216 192 260 233 in
299 192 432 233 tantis
471 191 759 245 auctionibus,
796 193 864 232 tot
900 190 1086 244 iudiciis,
1123 193 1212 231 tam
1244 190 1414 231 infinita

74 252 289 306 potestate
321 265 463 291 rerum
496 250 688 291 omnium
721 252 990 304 quaerantur,
1021 249 1186 290 videtis.
1248 233 1484 316 Cogno-262⁵)

76 310 180 352 scite
206 324 317 351 nunc
344 309 451 350 alios
476 308 708 350 immensos
735 311 862 363 atque
883 308 1177 349 intolerabiles
1198 310 1413 361 quaestus,

75 371 123 410 ut
172 367 437 424 intellegatis
488 367 540 408 ad
590 369 800 408 certorum
849 366 1071 408 hominum
1121 366 1414 420 importunam

41 427 303 469 navaritiam
353 426 433 467 1100
482 426 688 480 populare
733 426 839 479 legis
885 425 1079 480 agrariae
1123 440 1277 466 nomen
1321 439 1414 466 esse

77 485 329 540 quaesitum.
390 483 483 525 Hac
513 484 693 538 pecunia
724 484 843 525 iubet
874 498 1002 540 agros
1035 484 1135 538 emi,
1174 498 1257 538 quo
1289 484 1413 524 dedu-

77 544 244 586 camini.
311 542 410 584 Non
455 543 656 584 consuevi
700 543 894 584 homines
943 543 1162 597 appellare
1208 542 1415 597 asperius,

77 603 277 657 Quirites,
307 602 392 643 nisi
422 602 658 643 lacessitus.
709 601 878 642 Vellem
909 601 1001 642 fieri
1033 604 1191 656 posset,
1221 604 1270 642 ut
1295 616 1320 642 a
1346 615 1413 642 me

78 662 168 703 sine
208 661 465 702 contumelia
505 660 830 702 nominarentur
870 660 918 714 ii,
960 660 1031 714 qui
1071 674 1115 701 se
1153 659 1413 701 decemviros

24 731 58 755 10
79 722 253 774 sperant
282 719 469 773 futuros,
500 719 586 760 iam
618 719 832 772 videretis,
865 719 1018 773 quibus
1050 718 1292 759 hominibus
1325 733 1414 759 om-

77 780 195 820 nium
220 792 360 819 rerum
387 780 430 819 et
458 778 772 819 vendendarum
799 780 841 818 et
861 777 1135 818 emendarum
1155 779 1413 831 potestatem

78 837 396 892 permitteretis.
467 835 566 891 Sed,
614 837 725 891 quod
773 850 852 891 ego
893 836 1082 877 nondum
1123 838 1266 877 statuo
1308 835 1414 876 mihi
1440 845 1485 877 64

80 911 171 937 esse
216 896 456 950 dicendum,
504 910 580 937 vos
624 898 771 937 tamen
812 895 857 936 id
899 895 1081 948 potestis
1126 909 1222 936 cum
1261 894 1413 935 animis

79 954 232 996 vestris
270 955 478 1010 cogitare3
520 969 653 995 unum
689 954 770 995 hoc
808 955 921 995 certe
961 953 1107 995 videor
1144 952 1249 994 mihi
1285 952 1415 994 veris-

27 1024 61 1049 15
81 1016 186 1055 sime
213 1027 336 1068 posse
363 1013 517 1054 dicere:
548 1013 669 1065 Tum,
694 1027 790 1054 cum
816 1012 994 1054 haberet
1019 1012 1124 1053 haec
1149 1026 1217 1053 res
1242 1012 1416 1065 publica

80 1072 303 1125 Luscinos,
347 1070 586 1125 Calatinos,
636 1071 858 1124 Acidinos,
907 1071 1101 1112 homines
1140 1085 1231 1111 -non
1275 1070 1415 1111 solum

80 1131 314 1172 honoribus
335 1131 483 1185 populi
502 1130 712 1184 rebusque
733 1131 879 1185 gestis,
898 1144 1047 1170 verum
1062 1129 1191 1170 etiam
1205 1129 1417 1183 patientia

81 1192 349 1244 paupertatis
376 1192 563 1243 ornatos,
596 1191 639 1230 et
663 1192 767 1242 tum,
793 1203 888 1230 cum
916 1191 1039 1229 erant
1065 1187 1263 1241 Catones,
1288 1186 1416 1239 Phili,

81 1248 229 1301 Laelii,
255 1262 433 1302 quorum
462 1247 718 1302 sapientiam
738 1247 1150 1301 temperantiamque
1168 1247 1214 1286 in
1233 1245 1416 1299 publicis

29 1318 62 1342 20
82 1306 364 1360 privatisque,
400 1306 641 1347 forensibus
674 1306 1002 1359 domesticisque
1034 1305 1161 1346 rebus
1193 1318 1415 1358 perspexe-

84 1366 201 1418 ratis,
239 1368 383 1406 tamen
420 1364 594 1406 huiusce
627 1364 742 1405 modi
782 1379 849 1405 res
888 1363 1116 1405 commissa
1147 1362 1307 1403 nemini
1339 1364 1416 1415 est,

83 1426 132 1464 ut
161 1424 274 1464 idem
305 1424 512 1465 iudicaret
545 1426 588 1463 et
612 1423 811 1464 venderet
837 1425 879 1463 et
904 1422 985 1463 hoc
1010 1422 1170 1462 faceret
1195 1435 1271 1474 per
1298 1420 1415 1474 quin-

84 1482 313 1536 quennium
345 1484 438 1523 toto
471 1482 515 1522 in
547 1481 649 1522 orbe
680 1483 891 1521 terrarum
917 1480 1112 1534 idemque
1138 1493 1265 1534 agros
1292 1479 1416 1519 vecti-

85 1540 194 1594 galis
242 1540 389 1594 populi
434 1539 618 1580 Romani
655 1539 917 1580 abalienaret
961 1541 1020 1592 et,
1066 1552 1161 1579 cum
1203 1551 1416 1578 summam

31 1607 63 1633 25
84 1601 229 1639 tantae
262 1598 464 1652 pecuniae
495 1597 614 1638 nullo
646 1599 757 1638 teste
789 1597 870 1637 sibi
902 1597 992 1650 ipse
1019 1610 1069 1637 ex
1095 1611 1172 1637 sua
1196 1596 1417 1636 voluntate

83 1656 274 1708 fecisset,
311 1660 403 1697 tum
442 1656 620 1709 denique
659 1658 834 1704 emeret,
872 1670 897 1696 a
934 1655 1087 1709 quibus
1119 1654 1265 1708 vellet,
1305 1654 1416 1708 quod

83 1716 309 1756 videretur.
372 1713 640 1756 Committite
671 1728 748 1755 vos
780 1728 908 1767 nunc,
940 1711 1143 1767 Quirites,
1180 1712 1248 1754 his
1280 1712 1415 1753 homi‘
1444 1723 1488 1754 65

84 1775 209 1815 nibus
247 1774 350 1815 haec
389 1773 549 1825 omnia,
590 1787 695 1826 quos
735 1771 903 1813 odorari
940 1771 1052 1813 hunc
1088 1771 1416 1812 decemviratum

87 1832 381 1887 suspicamini,
412 1831 633 1886 reperietis
666 1833 833 1885 partem
865 1844 957 1871 esse
989 1844 1147 1884 eorum,
1179 1830 1332 1884 quibus
1365 1830 1417 1870 ad

32 1902 66 1926 30
85 1890 339 1944 habendum,
365 1892 546 1943 partem,
573 1889 726 1943 quibus
753 1889 806 1929 ad
832 1888 1162 1929 consumendum
1183 1888 1291 1929 nihil
1312 1887 1417 1929 satis

87 1963 178 1990 esse
203 1949 408 1990 videatur.
451 1948 532 1989 Hic
559 1962 638 2003 ego
664 1948 750 1989 iam
776 1947 894 2001 illud,
921 1947 1033 2001 quod
1053 1947 1418 2001 expeditissimum
1433 1945 1489 1987 25

87 2010 164 2061 est,
195 2021 248 2047 ne
280 2007 449 2061 disputo
482 2007 664 2061 quidem,
697 2004 894 2058 Quirites,
924 2020 1010 2047 non
1041 2019 1132 2046 esse
1157 2005 1268 2046 hanc
1292 2005 1418 2045 nobis

88 2080 112 2106 a
142 2065 376 2106 maioribus
408 2065 603 2106 relictam
636 2064 993 2118 consuetudinem,
1024 2066 1073 2105 ut
1104 2066 1299 2105 emantur
1326 2062 1420 2116 agri

88 2138 112 2164 a
155 2123 354 2177 privatis,
404 2138 486 2178 quo
530 2124 676 2177 plebes
720 2122 887 2177 publice
932 2122 1178 2175 deducatur,
1222 2121 1419 2163 omnibus

33 2193 68 2218 35
87 2182 255 2236 legibus
289 2181 403 2236 agris
434 2182 617 2236 publicis
643 2181 834 2236 privatos
861 2195 952 2221 esse
978 2181 1192 2222 deductos.
1231 2178 1419 2221 Huiusce

88 2240 203 2281 modi
247 2254 313 2280 me
358 2240 518 2294 aliquid
562 2241 615 2281 ab
659 2240 738 2281 hoc
782 2239 955 2281 horrido
999 2254 1047 2281 ac
1084 2242 1202 2280 truce
1244 2237 1418 2278 tribuno

87 2298 225 2352 plebis
249 2298 380 2350 fateor
406 2301 693 2353 exspectasse,
718 2297 828 2339 hanc
848 2312 947 2339 vero
974 2297 1139 2339 emendi
1155 2299 1197 2337 et
1215 2295 1420 2337 vendendi

1140 2364 1209 2399 14*
