<?xml version="1.0" encoding="UTF-8"?>
<!DOCTYPE html PUBLIC "-//W3C//DTD XHTML 1.0 Transitional//EN"
    "http://www.w3.org/TR/xhtml1/DTD/xhtml1-transitional.dtd">
<html xmlns="http://www.w3.org/1999/xhtml" xml:lang="en" lang="en">
 <head>
  <title>
</title>
<meta http-equiv="Content-Type" content="text/html;charset=utf-8" />
  <meta name='ocr-system' content='tesseract 3.04.00' />
  <meta name='ocr-capabilities' content='ocr_page ocr_carea ocr_par ocr_line ocrx_word'/>
</head>
<body>
  <div class='ocr_page' id='page_1' title='image "./p2scriptaquaemanse02ciceuoft_0441.png"; bbox 0 0 1619 2542; ppageno 0'>
   <div class='ocr_carea' id='block_1_1' title="bbox 567 93 1447 137">
    <p class='ocr_par' dir='ltr' id='par_1_1' title="bbox 567 93 1447 137">
     <span class='ocr_line' id='line_1_1' title="bbox 567 93 1447 137; baseline 0.013 -10"><span class='ocrx_word' id='word_1_1' title='bbox 567 93 781 129; x_wconf 84' lang='lat' dir='ltr'>CAP.1-3</span> <span class='ocrx_word' id='word_1_2' title='bbox 808 97 828 136; x_wconf 68' lang='lat' dir='ltr'>g</span> <span class='ocrx_word' id='word_1_3' title='bbox 848 98 952 130; x_wconf 80' lang='lat'>2—6.</span> <span class='ocrx_word' id='word_1_4' title='bbox 1361 95 1447 137; x_wconf 77' lang='lat'>289</span> 
     </span>
    </p>
   </div>
   <div class='ocr_carea' id='block_1_2' title="bbox 55 187 1495 1240">
    <p class='ocr_par' dir='ltr' id='par_1_2' title="bbox 55 187 1495 1231">
     <span class='ocr_line' id='line_1_2' title="bbox 105 187 1449 246; baseline 0.003 -17"><span class='ocrx_word' id='word_1_5' title='bbox 105 187 325 229; x_wconf 87' lang='lat' dir='ltr'>vobiscum</span> <span class='ocrx_word' id='word_1_6' title='bbox 366 202 531 243; x_wconf 88' lang='lat' dir='ltr'>omnes,</span> <span class='ocrx_word' id='word_1_7' title='bbox 577 189 746 230; x_wconf 88' lang='lat' dir='ltr'>etiamsi</span> <span class='ocrx_word' id='word_1_8' title='bbox 784 205 851 231; x_wconf 93' lang='lat' dir='ltr'>me</span> <span class='ocrx_word' id='word_1_9' title='bbox 888 190 953 232; x_wconf 90' lang='lat' dir='ltr'>vis</span> <span class='ocrx_word' id='word_1_10' title='bbox 993 191 1137 246; x_wconf 89' lang='lat' dir='ltr'>aliqua</span> <span class='ocrx_word' id='word_1_11' title='bbox 1174 192 1449 246; x_wconf 73' lang='lat' dir='ltr'><strong>oppresserit,</strong></span> 
     </span>
     <span class='ocr_line' id='line_1_3' title="bbox 105 247 1447 305; baseline 0.004 -18"><span class='ocrx_word' id='word_1_12' title='bbox 105 247 269 301; x_wconf 90' lang='lat' dir='ltr'>potius,</span> <span class='ocrx_word' id='word_1_13' title='bbox 315 262 440 301; x_wconf 88' lang='lat' dir='ltr'>quam</span> <span class='ocrx_word' id='word_1_14' title='bbox 488 250 530 289; x_wconf 90' lang='lat' dir='ltr'>et</span> <span class='ocrx_word' id='word_1_15' title='bbox 573 247 639 289; x_wconf 89' lang='lat' dir='ltr'>illi</span> <span class='ocrx_word' id='word_1_16' title='bbox 677 250 720 289; x_wconf 90' lang='lat' dir='ltr'>et</span> <span class='ocrx_word' id='word_1_17' title='bbox 756 262 835 290; x_wconf 90' lang='lat' dir='ltr'>nos</span> <span class='ocrx_word' id='word_1_18' title='bbox 873 264 958 290; x_wconf 90' lang='lat' dir='ltr'>una</span> <span class='ocrx_word' id='word_1_19' title='bbox 993 250 1055 291; x_wconf 92' lang='lat' dir='ltr'>rei</span> <span class='ocrx_word' id='word_1_20' title='bbox 1091 250 1289 305; x_wconf 86' lang='lat' dir='ltr'>publicae</span> <span class='ocrx_word' id='word_1_21' title='bbox 1325 253 1447 305; x_wconf 88' lang='lat' dir='ltr'>peste</span> 
     </span>
     <span class='ocr_line' id='line_1_4' title="bbox 106 305 1495 363; baseline 0.004 -17"><span class='ocrx_word' id='word_1_22' title='bbox 106 319 343 360; x_wconf 90' lang='lat' dir='ltr'>pereamus.</span> <span class='ocrx_word' id='word_1_23' title='bbox 418 305 576 360; x_wconf 33' lang='lat' dir='ltr'>Quaigye</span> <span class='ocrx_word' id='word_1_24' title='bbox 625 309 769 361; x_wconf 89' lang='lat' dir='ltr'>patres</span> <span class='ocrx_word' id='word_1_25' title='bbox 819 308 1067 363; x_wconf 73' lang='lat' dir='ltr'>conscripti,</span> <span class='ocrx_word' id='word_1_26' title='bbox 1116 309 1350 351; x_wconf 72' lang='lat' dir='ltr'>incumbite</span> <span class='ocrx_word' id='word_1_27' title='bbox 1394 309 1446 351; x_wconf 92' lang='lat' dir='ltr'>ad</span> <span class='ocrx_word' id='word_1_28' title='bbox 1472 320 1495 351; x_wconf 81' lang='lat'>4</span> 
     </span>
     <span class='ocr_line' id='line_1_5' title="bbox 107 364 1448 423; baseline 0.005 -19"><span class='ocrx_word' id='word_1_29' title='bbox 107 364 291 405; x_wconf 88' lang='lat' dir='ltr'>salutem</span> <span class='ocrx_word' id='word_1_30' title='bbox 329 364 390 405; x_wconf 90' lang='lat' dir='ltr'>rei</span> <span class='ocrx_word' id='word_1_31' title='bbox 427 365 641 419; x_wconf 87' lang='lat' dir='ltr'>publicae,</span> <span class='ocrx_word' id='word_1_32' title='bbox 685 365 999 421; x_wconf 75' lang='lat' dir='ltr'>circumspicite</span> <span class='ocrx_word' id='word_1_33' title='bbox 1037 382 1184 409; x_wconf 89' lang='lat' dir='ltr'>omnes</span> <span class='ocrx_word' id='word_1_34' title='bbox 1222 368 1448 423; x_wconf 85' lang='lat' dir='ltr'>procellas,</span> 
     </span>
     <span class='ocr_line' id='line_1_6' title="bbox 77 423 1448 482; baseline 0.004 -19"><span class='ocrx_word' id='word_1_35' title='bbox 77 433 219 477; x_wconf 71' lang='lat' dir='ltr'>fsquae</span> <span class='ocrx_word' id='word_1_36' title='bbox 264 423 511 477; x_wconf 87' lang='lat' dir='ltr'>inpendent,</span> <span class='ocrx_word' id='word_1_37' title='bbox 554 423 638 464; x_wconf 88' lang='lat' dir='ltr'>nisi</span> <span class='ocrx_word' id='word_1_38' title='bbox 674 424 920 477; x_wconf 84' lang='lat' dir='ltr'>providetis.</span> <span class='ocrx_word' id='word_1_39' title='bbox 987 424 1087 468; x_wconf 91' lang='lat' dir='ltr'>Non</span> <span class='ocrx_word' id='word_1_40' title='bbox 1123 426 1185 468; x_wconf 77' lang='lat' dir='ltr'>Ti.</span> <span class='ocrx_word' id='word_1_41' title='bbox 1216 425 1448 482; x_wconf 75' lang='lat' dir='ltr'>Gracchus,</span> 
     </span>
     <span class='ocr_line' id='line_1_7' title="bbox 109 481 1446 539; baseline 0.005 -17"><span class='ocrx_word' id='word_1_42' title='bbox 109 481 221 535; x_wconf 89' lang='lat' dir='ltr'>quod</span> <span class='ocrx_word' id='word_1_43' title='bbox 253 481 407 523; x_wconf 87' lang='lat' dir='ltr'>iterum</span> <span class='ocrx_word' id='word_1_44' title='bbox 440 482 637 523; x_wconf 88' lang='lat' dir='ltr'>tribunus</span> <span class='ocrx_word' id='word_1_45' title='bbox 668 483 807 537; x_wconf 89' lang='lat' dir='ltr'>plebis</span> <span class='ocrx_word' id='word_1_46' title='bbox 838 484 930 525; x_wconf 87' lang='lat' dir='ltr'>fieri</span> <span class='ocrx_word' id='word_1_47' title='bbox 961 485 1108 539; x_wconf 87' lang='lat' dir='ltr'>voluit,</span> <span class='ocrx_word' id='word_1_48' title='bbox 1138 500 1226 527; x_wconf 93' lang='lat' dir='ltr'>non</span> <span class='ocrx_word' id='word_1_49' title='bbox 1252 484 1298 527; x_wconf 83' lang='lat' dir='ltr'>C.</span> <span class='ocrx_word' id='word_1_50' title='bbox 1318 485 1446 528; x_wconf 85' lang='lat' dir='ltr'>Grac-</span> 
     </span>
     <span class='ocr_line' id='line_1_8' title="bbox 108 540 1448 597; baseline 0.005 -16"><span class='ocrx_word' id='word_1_51' title='bbox 108 540 224 593; x_wconf 84' lang='lat' dir='ltr'>chus,</span> <span class='ocrx_word' id='word_1_52' title='bbox 257 540 368 594; x_wconf 89' lang='lat' dir='ltr'>quod</span> <span class='ocrx_word' id='word_1_53' title='bbox 400 541 594 596; x_wconf 87' lang='lat' dir='ltr'>agrarios</span> <span class='ocrx_word' id='word_1_54' title='bbox 621 541 833 583; x_wconf 89' lang='lat' dir='ltr'>concitare</span> <span class='ocrx_word' id='word_1_55' title='bbox 866 546 1045 584; x_wconf 90' lang='lat' dir='ltr'>conatus</span> <span class='ocrx_word' id='word_1_56' title='bbox 1078 546 1155 597; x_wconf 89' lang='lat' dir='ltr'>est,</span> <span class='ocrx_word' id='word_1_57' title='bbox 1186 558 1273 586; x_wconf 87' lang='lat' dir='ltr'>non</span> <span class='ocrx_word' id='word_1_58' title='bbox 1304 544 1350 586; x_wconf 93' lang='lat' dir='ltr'>L.</span> <span class='ocrx_word' id='word_1_59' title='bbox 1376 543 1448 586; x_wconf 82' lang='lat' dir='ltr'>Sa-</span> 
     </span>
     <span class='ocr_line' id='line_1_9' title="bbox 106 574 1448 656; baseline 0.005 -17"><span class='ocrx_word' id='word_1_60' title='bbox 106 574 318 653; x_wconf 85' lang='lat' dir='ltr'>turninus,</span> <span class='ocrx_word' id='word_1_61' title='bbox 351 599 463 654; x_wconf 91' lang='lat' dir='ltr'>quod</span> <span class='ocrx_word' id='word_1_62' title='bbox 496 599 540 642; x_wconf 85' lang='lat' dir='ltr'>O.</span> <span class='ocrx_word' id='word_1_63' title='bbox 559 599 807 641; x_wconf 83' lang='lat' dir='ltr'>Memmium</span> <span class='ocrx_word' id='word_1_64' title='bbox 841 601 1006 656; x_wconf 88' lang='lat' dir='ltr'>occidit,</span> <span class='ocrx_word' id='word_1_65' title='bbox 1038 602 1082 643; x_wconf 93' lang='lat' dir='ltr'>in</span> <span class='ocrx_word' id='word_1_66' title='bbox 1113 578 1341 645; x_wconf 82' lang='lat' dir='ltr'>discrimen</span> <span class='ocrx_word' id='word_1_67' title='bbox 1372 604 1448 645; x_wconf 91' lang='lat' dir='ltr'>ali·</span> 
     </span>
     <span class='ocr_line' id='line_1_10' title="bbox 109 657 1448 724; baseline 0.005 -26"><span class='ocrx_word' id='word_1_68' title='bbox 109 657 220 711; x_wconf 88' lang='lat' dir='ltr'>quod</span> <span class='ocrx_word' id='word_1_69' title='bbox 260 660 388 724; x_wconf 81' lang='lat' dir='ltr'>atque</span> <span class='ocrx_word' id='word_1_70' title='bbox 425 658 470 699; x_wconf 93' lang='lat' dir='ltr'>in</span> <span class='ocrx_word' id='word_1_71' title='bbox 499 661 667 700; x_wconf 84' lang='lat' dir='ltr'>vestrae</span> <span class='ocrx_word' id='word_1_72' title='bbox 699 659 941 701; x_wconf 83' lang='lat' dir='ltr'>severitatis</span> <span class='ocrx_word' id='word_1_73' title='bbox 974 660 1173 702; x_wconf 87' lang='lat' dir='ltr'>iudicium</span> <span class='ocrx_word' id='word_1_74' title='bbox 1208 661 1448 718; x_wconf 75' lang='lat' dir='ltr'>adducit1u3</span> 
     </span>
     <span class='ocr_line' id='line_1_11' title="bbox 55 717 1448 773; baseline 0.004 -17"><span class='ocrx_word' id='word_1_75' title='bbox 55 726 89 751; x_wconf 91' lang='lat'>10</span> <span class='ocrx_word' id='word_1_76' title='bbox 108 719 306 757; x_wconf 87' lang='lat' dir='ltr'>tenentur</span> <span class='ocrx_word' id='word_1_77' title='bbox 337 717 384 767; x_wconf 87' lang='lat' dir='ltr'>ii,</span> <span class='ocrx_word' id='word_1_78' title='bbox 423 717 494 771; x_wconf 89' lang='lat' dir='ltr'>qui</span> <span class='ocrx_word' id='word_1_79' title='bbox 526 717 578 758; x_wconf 89' lang='lat' dir='ltr'>ad</span> <span class='ocrx_word' id='word_1_80' title='bbox 610 717 728 759; x_wconf 84' lang='lat' dir='ltr'>urbis</span> <span class='ocrx_word' id='word_1_81' title='bbox 760 719 1021 773; x_wconf 82' lang='lat' dir='ltr'>incendium,</span> <span class='ocrx_word' id='word_1_82' title='bbox 1055 720 1107 761; x_wconf 89' lang='lat' dir='ltr'>ad</span> <span class='ocrx_word' id='word_1_83' title='bbox 1139 722 1328 762; x_wconf 87' lang='lat' dir='ltr'>vestram</span> <span class='ocrx_word' id='word_1_84' title='bbox 1361 735 1448 762; x_wconf 90' lang='lat' dir='ltr'>om-</span> 
     </span>
     <span class='ocr_line' id='line_1_12' title="bbox 107 774 1447 832; baseline 0.005 -17"><span class='ocrx_word' id='word_1_85' title='bbox 107 774 227 816; x_wconf 92' lang='lat' dir='ltr'>nium</span> <span class='ocrx_word' id='word_1_86' title='bbox 259 775 441 829; x_wconf 87' lang='lat' dir='ltr'>caedem,</span> <span class='ocrx_word' id='word_1_87' title='bbox 473 775 526 816; x_wconf 88' lang='lat' dir='ltr'>ad</span> <span class='ocrx_word' id='word_1_88' title='bbox 553 774 784 818; x_wconf 82' lang='lat' dir='ltr'>Catilinam</span> <span class='ocrx_word' id='word_1_89' title='bbox 817 778 1109 832; x_wconf 88' lang='lat' dir='ltr'>accipiendum</span> <span class='ocrx_word' id='word_1_90' title='bbox 1135 778 1297 820; x_wconf 90' lang='lat' dir='ltr'>Romae</span> <span class='ocrx_word' id='word_1_91' title='bbox 1324 780 1447 821; x_wconf 88' lang='lat' dir='ltr'>resti-</span> 
     </span>
     <span class='ocr_line' id='line_1_13' title="bbox 107 809 1446 892; baseline 0.004 -18"><span class='ocrx_word' id='word_1_92' title='bbox 107 836 263 887; x_wconf 82' lang='lat' dir='ltr'>terunt,</span> <span class='ocrx_word' id='word_1_93' title='bbox 296 809 496 875; x_wconf 76' lang='grc'>10110111111·</span> <span class='ocrx_word' id='word_1_94' title='bbox 529 834 711 889; x_wconf 80' lang='lat' dir='ltr'>litterae,</span> <span class='ocrx_word' id='word_1_95' title='bbox 745 836 880 891; x_wconf 85' lang='lat' dir='ltr'>signa,</span> <span class='ocrx_word' id='word_1_96' title='bbox 913 851 1077 890; x_wconf 82' lang='grc'>111311116,</span> <span class='ocrx_word' id='word_1_97' title='bbox 1109 836 1288 892; x_wconf 83' lang='lat' dir='ltr'>denique</span> <span class='ocrx_word' id='word_1_98' title='bbox 1319 838 1446 880; x_wconf 89' lang='lat' dir='ltr'>unius</span> 
     </span>
     <span class='ocr_line' id='line_1_14' title="bbox 108 892 1448 950; baseline 0.004 -18"><span class='ocrx_word' id='word_1_99' title='bbox 108 892 310 946; x_wconf 90' lang='lat' dir='ltr'>cuiusque</span> <span class='ocrx_word' id='word_1_100' title='bbox 349 893 576 946; x_wconf 82' lang='lat' dir='ltr'>confessio3</span> <span class='ocrx_word' id='word_1_101' title='bbox 623 894 912 936; x_wconf 79' lang='lat' dir='ltr'>sollicitantur</span> <span class='ocrx_word' id='word_1_102' title='bbox 949 894 1226 950; x_wconf 82' lang='lat' dir='ltr'>Allobroges,</span> <span class='ocrx_word' id='word_1_103' title='bbox 1273 897 1448 939; x_wconf 83' lang='lat' dir='ltr'>servitia</span> 
     </span>
     <span class='ocr_line' id='line_1_15' title="bbox 108 950 1446 1009; baseline 0.004 -18"><span class='ocrx_word' id='word_1_104' title='bbox 108 952 358 1005; x_wconf 75' lang='lat' dir='ltr'>excitantur,</span> <span class='ocrx_word' id='word_1_105' title='bbox 384 950 568 993; x_wconf 82' lang='lat' dir='ltr'>Catilina</span> <span class='ocrx_word' id='word_1_106' title='bbox 595 953 842 1007; x_wconf 82' lang='lat' dir='ltr'>accersitur3</span> <span class='ocrx_word' id='word_1_107' title='bbox 867 953 909 994; x_wconf 87' lang='lat' dir='ltr'>id</span> <span class='ocrx_word' id='word_1_108' title='bbox 936 957 1002 995; x_wconf 91' lang='lat' dir='ltr'>est</span> <span class='ocrx_word' id='word_1_109' title='bbox 1026 954 1181 995; x_wconf 89' lang='lat' dir='ltr'>initum</span> <span class='ocrx_word' id='word_1_110' title='bbox 1207 955 1446 1009; x_wconf 87' lang='lat' dir='ltr'>consilium,</span> 
     </span>
     <span class='ocr_line' id='line_1_16' title="bbox 56 1009 1445 1068; baseline 0.004 -19"><span class='ocrx_word' id='word_1_111' title='bbox 56 1019 89 1045; x_wconf 86' lang='lat'>15</span> <span class='ocrx_word' id='word_1_112' title='bbox 109 1012 157 1050; x_wconf 88' lang='lat' dir='ltr'>ut</span> <span class='ocrx_word' id='word_1_113' title='bbox 176 1009 413 1051; x_wconf 83' lang='lat' dir='ltr'>interfectis</span> <span class='ocrx_word' id='word_1_114' title='bbox 437 1011 634 1052; x_wconf 88' lang='lat' dir='ltr'>omnibus</span> <span class='ocrx_word' id='word_1_115' title='bbox 654 1026 779 1053; x_wconf 90' lang='lat' dir='ltr'>nemo</span> <span class='ocrx_word' id='word_1_116' title='bbox 799 1026 852 1053; x_wconf 91' lang='lat' dir='ltr'>ne</span> <span class='ocrx_word' id='word_1_117' title='bbox 873 1011 925 1053; x_wconf 87' lang='lat' dir='ltr'>ad</span> <span class='ocrx_word' id='word_1_118' title='bbox 947 1012 1255 1067; x_wconf 88' lang='lat' dir='ltr'>deplorandum</span> <span class='ocrx_word' id='word_1_119' title='bbox 1276 1014 1445 1068; x_wconf 87' lang='lat' dir='ltr'>quidem</span> 
     </span>
     <span class='ocr_line' id='line_1_17' title="bbox 106 1068 1445 1125; baseline 0.004 -17"><span class='ocrx_word' id='word_1_120' title='bbox 106 1068 253 1122; x_wconf 88' lang='lat' dir='ltr'>populi</span> <span class='ocrx_word' id='word_1_121' title='bbox 292 1068 474 1110; x_wconf 88' lang='lat' dir='ltr'>Romani</span> <span class='ocrx_word' id='word_1_122' title='bbox 518 1084 670 1111; x_wconf 92' lang='lat' dir='ltr'>nomen</span> <span class='ocrx_word' id='word_1_123' title='bbox 718 1073 846 1125; x_wconf 88' lang='lat' dir='ltr'>atque</span> <span class='ocrx_word' id='word_1_124' title='bbox 886 1071 939 1112; x_wconf 86' lang='lat' dir='ltr'>ad</span> <span class='ocrx_word' id='word_1_125' title='bbox 976 1072 1294 1113; x_wconf 83' lang='lat' dir='ltr'>lamentandam</span> <span class='ocrx_word' id='word_1_126' title='bbox 1333 1073 1445 1113; x_wconf 90' lang='lat' dir='ltr'>tanti</span> 
     </span>
     <span class='ocr_line' id='line_1_18' title="bbox 107 1127 1443 1183; baseline 0.004 -16"><span class='ocrx_word' id='word_1_127' title='bbox 107 1127 274 1181; x_wconf 82' lang='lat' dir='ltr'>imperii</span> <span class='ocrx_word' id='word_1_128' title='bbox 307 1127 596 1169; x_wconf 87' lang='lat' dir='ltr'>calamitatem</span> <span class='ocrx_word' id='word_1_129' title='bbox 629 1129 907 1183; x_wconf 86' lang='lat' dir='ltr'>relinquatur.</span> <span class='ocrx_word' id='word_1_130' title='bbox 957 1129 1075 1171; x_wconf 89' lang='lat' dir='ltr'>Haec</span> <span class='ocrx_word' id='word_1_131' title='bbox 1107 1131 1252 1172; x_wconf 87' lang='lat' dir='ltr'>omnia</span> <span class='ocrx_word' id='word_1_132' title='bbox 1283 1131 1443 1173; x_wconf 89' lang='lat' dir='ltr'>indices</span> 
     </span>
     <span class='ocr_line' id='line_1_19' title="bbox 109 1185 1444 1240; baseline 0.004 -14"><span class='ocrx_word' id='word_1_133' title='bbox 109 1185 368 1239; x_wconf 84' lang='lat' dir='ltr'>detulerunt,</span> <span class='ocrx_word' id='word_1_134' title='bbox 405 1187 466 1227; x_wconf 91' lang='lat' dir='ltr'>rei</span> <span class='ocrx_word' id='word_1_135' title='bbox 498 1187 684 1229; x_wconf 86' lang='lat' dir='ltr'>confessi</span> <span class='ocrx_word' id='word_1_136' title='bbox 715 1190 832 1240; x_wconf 86' lang='lat' dir='ltr'>sunt,</span> <span class='ocrx_word' id='word_1_137' title='bbox 869 1203 945 1229; x_wconf 82' lang='lat' dir='ltr'>vos</span> <span class='ocrx_word' id='word_1_138' title='bbox 978 1189 1126 1230; x_wconf 88' lang='lat' dir='ltr'>multis</span> <span class='ocrx_word' id='word_1_139' title='bbox 1158 1189 1246 1230; x_wconf 89' lang='lat' dir='ltr'>iam</span> <span class='ocrx_word' id='word_1_140' title='bbox 1277 1190 1444 1231; x_wconf 85' lang='lat' dir='ltr'>iudiciis</span> 
     </span>
    </p>
   </div>
   <div class='ocr_carea' id='block_1_3' title="bbox 1471 1118 1498 1200">
    <p class='ocr_par' dir='ltr' id='par_1_3' title="bbox 1471 1118 1498 1200">
     <span class='ocr_line' id='line_1_20' title="bbox 1471 1118 1498 1200; textangle 90"><span class='ocrx_word' id='word_1_141' title='bbox 1471 1118 1498 1200; x_wconf 69' lang='lat'>0¹00</span> 
     </span>
    </p>
   </div>
   <div class='ocr_carea' id='block_1_4' title="bbox 54 1222 1489 2292">
    <p class='ocr_par' dir='ltr' id='par_1_4' title="bbox 54 1222 1446 1931">
     <span class='ocr_line' id='line_1_21' title="bbox 107 1222 1446 1303; baseline 0.005 -19"><span class='ocrx_word' id='word_1_142' title='bbox 107 1243 386 1298; x_wconf 87' lang='lat' dir='ltr'>iudicavistis,</span> <span class='ocrx_word' id='word_1_143' title='bbox 423 1245 607 1299; x_wconf 90' lang='lat' dir='ltr'>primum</span> <span class='ocrx_word' id='word_1_144' title='bbox 640 1246 751 1301; x_wconf 89' lang='lat' dir='ltr'>quod</span> <span class='ocrx_word' id='word_1_145' title='bbox 783 1222 887 1287; x_wconf 67' lang='lat' dir='ltr'>mihi</span> <span class='ocrx_word' id='word_1_146' title='bbox 920 1247 1084 1301; x_wconf 79' lang='lat' dir='ltr'>gratias</span> <span class='ocrx_word' id='word_1_147' title='bbox 1116 1247 1266 1302; x_wconf 87' lang='lat' dir='ltr'>egistis</span> <span class='ocrx_word' id='word_1_148' title='bbox 1302 1248 1446 1303; x_wconf 88' lang='lat' dir='ltr'>singu-</span> 
     </span>
     <span class='ocr_line' id='line_1_22' title="bbox 54 1302 1446 1360; baseline 0.004 -18"><span class='ocrx_word' id='word_1_149' title='bbox 54 1313 89 1338; x_wconf 77' lang='lat'>20</span> <span class='ocrx_word' id='word_1_150' title='bbox 108 1302 270 1344; x_wconf 88' lang='lat' dir='ltr'>laribus</span> <span class='ocrx_word' id='word_1_151' title='bbox 311 1303 452 1344; x_wconf 83' lang='lat' dir='ltr'>verbis</span> <span class='ocrx_word' id='word_1_152' title='bbox 492 1308 533 1345; x_wconf 92' lang='lat' dir='ltr'>et</span> <span class='ocrx_word' id='word_1_153' title='bbox 570 1319 664 1345; x_wconf 90' lang='lat' dir='ltr'>mea</span> <span class='ocrx_word' id='word_1_154' title='bbox 702 1305 861 1346; x_wconf 84' lang='lat' dir='ltr'>virtute</span> <span class='ocrx_word' id='word_1_155' title='bbox 893 1308 1021 1359; x_wconf 87' lang='lat' dir='ltr'>atque</span> <span class='ocrx_word' id='word_1_156' title='bbox 1054 1305 1277 1360; x_wconf 82' lang='lat' dir='ltr'>diligentia</span> <span class='ocrx_word' id='word_1_157' title='bbox 1308 1307 1446 1360; x_wconf 88' lang='lat' dir='ltr'>perdi-</span> 
     </span>
     <span class='ocr_line' id='line_1_23' title="bbox 107 1361 1446 1417; baseline 0.004 -16"><span class='ocrx_word' id='word_1_158' title='bbox 107 1362 250 1402; x_wconf 87' lang='lat' dir='ltr'>torum</span> <span class='ocrx_word' id='word_1_159' title='bbox 281 1361 505 1403; x_wconf 90' lang='lat' dir='ltr'>hominum</span> <span class='ocrx_word' id='word_1_160' title='bbox 537 1363 875 1404; x_wconf 85' lang='grc'>001111113110110111</span> <span class='ocrx_word' id='word_1_161' title='bbox 901 1364 1163 1417; x_wconf 84' lang='lat' dir='ltr'>patefactam</span> <span class='ocrx_word' id='word_1_162' title='bbox 1190 1378 1281 1406; x_wconf 90' lang='lat' dir='ltr'>esse</span> <span class='ocrx_word' id='word_1_163' title='bbox 1308 1365 1446 1406; x_wconf 89' lang='lat' dir='ltr'>decre-</span> 
     </span>
     <span class='ocr_line' id='line_1_24' title="bbox 108 1419 1445 1477; baseline 0.004 -18"><span class='ocrx_word' id='word_1_164' title='bbox 108 1419 247 1470; x_wconf 86' lang='lat' dir='ltr'>vistis,</span> <span class='ocrx_word' id='word_1_165' title='bbox 280 1419 428 1460; x_wconf 88' lang='lat' dir='ltr'>deinde</span> <span class='ocrx_word' id='word_1_166' title='bbox 461 1421 569 1474; x_wconf 88' lang='lat' dir='ltr'>quod</span> <span class='ocrx_word' id='word_1_167' title='bbox 600 1419 645 1461; x_wconf 90' lang='lat' dir='ltr'>P.</span> <span class='ocrx_word' id='word_1_168' title='bbox 676 1421 902 1462; x_wconf 86' lang='lat' dir='ltr'>Lentulum</span> <span class='ocrx_word' id='word_1_169' title='bbox 937 1436 980 1462; x_wconf 90' lang='lat' dir='ltr'>se</span> <span class='ocrx_word' id='word_1_170' title='bbox 1014 1422 1209 1463; x_wconf 87' lang='lat' dir='ltr'>abdicare</span> <span class='ocrx_word' id='word_1_171' title='bbox 1242 1425 1445 1477; x_wconf 85' lang='lat' dir='ltr'>praetura</span> 
     </span>
     <span class='ocr_line' id='line_1_25' title="bbox 109 1477 1443 1535; baseline 0.003 -17"><span class='ocrx_word' id='word_1_172' title='bbox 109 1477 331 1532; x_wconf 70' lang='lat' dir='ltr'>coegistis,</span> <span class='ocrx_word' id='word_1_173' title='bbox 367 1480 461 1519; x_wconf 91' lang='lat' dir='ltr'>tum</span> <span class='ocrx_word' id='word_1_174' title='bbox 498 1479 610 1532; x_wconf 87' lang='lat' dir='ltr'>quod</span> <span class='ocrx_word' id='word_1_175' title='bbox 648 1494 743 1520; x_wconf 91' lang='lat' dir='ltr'>eum</span> <span class='ocrx_word' id='word_1_176' title='bbox 776 1482 818 1520; x_wconf 89' lang='lat' dir='ltr'>et</span> <span class='ocrx_word' id='word_1_177' title='bbox 850 1482 1032 1533; x_wconf 87' lang='lat' dir='ltr'>ceteros,</span> <span class='ocrx_word' id='word_1_178' title='bbox 1070 1480 1120 1520; x_wconf 87' lang='lat' dir='ltr'>de</span> <span class='ocrx_word' id='word_1_179' title='bbox 1153 1481 1307 1535; x_wconf 89' lang='lat' dir='ltr'>quibus</span> <span class='ocrx_word' id='word_1_180' title='bbox 1338 1481 1443 1522; x_wconf 89' lang='lat' dir='ltr'>iudi-</span> 
     </span>
     <span class='ocr_line' id='line_1_26' title="bbox 108 1513 1445 1594; baseline 0.003 -18"><span class='ocrx_word' id='word_1_181' title='bbox 108 1537 257 1589; x_wconf 86' lang='lat' dir='ltr'>castis,</span> <span class='ocrx_word' id='word_1_182' title='bbox 303 1536 347 1576; x_wconf 92' lang='lat' dir='ltr'>in</span> <span class='ocrx_word' id='word_1_183' title='bbox 395 1537 629 1578; x_wconf 88' lang='lat' dir='ltr'>custodiam</span> <span class='ocrx_word' id='word_1_184' title='bbox 678 1538 838 1579; x_wconf 88' lang='lat' dir='ltr'>dandos</span> <span class='ocrx_word' id='word_1_185' title='bbox 888 1513 1131 1592; x_wconf 87' lang='lat' dir='ltr'>censuistis,</span> <span class='ocrx_word' id='word_1_186' title='bbox 1178 1539 1445 1594; x_wconf 82' lang='lat' dir='ltr'>maximeque</span> 
     </span>
     <span class='ocr_line' id='line_1_27' title="bbox 55 1569 1444 1661; baseline 0.004 -27"><span class='ocrx_word' id='word_1_187' title='bbox 55 1604 88 1629; x_wconf 83' lang='lat'>25</span> <span class='ocrx_word' id='word_1_188' title='bbox 110 1593 221 1647; x_wconf 90' lang='lat' dir='ltr'>quod</span> <span class='ocrx_word' id='word_1_189' title='bbox 247 1569 340 1635; x_wconf 81' lang='lat' dir='ltr'>ineo</span> <span class='ocrx_word' id='word_1_190' title='bbox 366 1595 536 1636; x_wconf 87' lang='lat' dir='ltr'>nomine</span> <span class='ocrx_word' id='word_1_191' title='bbox 557 1596 913 1661; x_wconf 83' lang='lat' dir='ltr'>supplicationem</span> <span class='ocrx_word' id='word_1_192' title='bbox 934 1596 1190 1651; x_wconf 82' lang='lat' dir='ltr'>decrevistis,</span> <span class='ocrx_word' id='word_1_193' title='bbox 1217 1598 1289 1651; x_wconf 93' lang='lat' dir='ltr'>qui</span> <span class='ocrx_word' id='word_1_194' title='bbox 1308 1598 1444 1639; x_wconf 87' lang='lat' dir='ltr'>honos</span> 
     </span>
     <span class='ocr_line' id='line_1_28' title="bbox 108 1653 1443 1709; baseline 0.004 -16"><span class='ocrx_word' id='word_1_195' title='bbox 108 1656 260 1708; x_wconf 79' lang='lat' dir='ltr'>togato</span> <span class='ocrx_word' id='word_1_196' title='bbox 285 1653 460 1694; x_wconf 82' lang='lat' dir='ltr'>habitus</span> <span class='ocrx_word' id='word_1_197' title='bbox 488 1656 584 1694; x_wconf 78' lang='lat' dir='ltr'>ante</span> <span class='ocrx_word' id='word_1_198' title='bbox 610 1668 676 1695; x_wconf 91' lang='lat' dir='ltr'>me</span> <span class='ocrx_word' id='word_1_199' title='bbox 703 1657 768 1695; x_wconf 88' lang='lat' dir='ltr'>est</span> <span class='ocrx_word' id='word_1_200' title='bbox 792 1654 970 1709; x_wconf 81' lang='lat' dir='ltr'>nemini3</span> <span class='ocrx_word' id='word_1_201' title='bbox 997 1658 1215 1709; x_wconf 89' lang='lat' dir='ltr'>postremo</span> <span class='ocrx_word' id='word_1_202' title='bbox 1242 1656 1443 1698; x_wconf 87' lang='lat' dir='ltr'>hesterno</span> 
     </span>
     <span class='ocr_line' id='line_1_29' title="bbox 108 1711 1442 1768; baseline 0.004 -17"><span class='ocrx_word' id='word_1_203' title='bbox 108 1711 174 1752; x_wconf 89' lang='lat' dir='ltr'>die</span> <span class='ocrx_word' id='word_1_204' title='bbox 223 1712 414 1765; x_wconf 86' lang='lat' dir='ltr'>praemia</span> <span class='ocrx_word' id='word_1_205' title='bbox 458 1711 614 1767; x_wconf 86' lang='lat' dir='ltr'>legatis</span> <span class='ocrx_word' id='word_1_206' title='bbox 658 1712 945 1767; x_wconf 78' lang='lat' dir='ltr'>Allobrogum</span> <span class='ocrx_word' id='word_1_207' title='bbox 989 1713 1172 1768; x_wconf 88' lang='lat' dir='ltr'>Titoque</span> <span class='ocrx_word' id='word_1_208' title='bbox 1215 1713 1442 1757; x_wconf 88' lang='lat' dir='ltr'>Volturcio</span> 
     </span>
     <span class='ocr_line' id='line_1_30' title="bbox 109 1769 1443 1827; baseline 0.004 -17"><span class='ocrx_word' id='word_1_209' title='bbox 109 1769 283 1810; x_wconf 87' lang='lat' dir='ltr'>dedistis</span> <span class='ocrx_word' id='word_1_210' title='bbox 317 1770 592 1824; x_wconf 87' lang='lat' dir='ltr'>amplissima.</span> <span class='ocrx_word' id='word_1_211' title='bbox 655 1770 769 1819; x_wconf 82' lang='lat' dir='ltr'>Quae</span> <span class='ocrx_word' id='word_1_212' title='bbox 802 1774 901 1812; x_wconf 87' lang='lat' dir='ltr'>sunt</span> <span class='ocrx_word' id='word_1_213' title='bbox 933 1772 1076 1813; x_wconf 89' lang='lat' dir='ltr'>omnia</span> <span class='ocrx_word' id='word_1_214' title='bbox 1107 1773 1196 1814; x_wconf 88' lang='lat' dir='ltr'>eius</span> <span class='ocrx_word' id='word_1_215' title='bbox 1228 1773 1362 1827; x_wconf 89' lang='lat' dir='ltr'>modi,</span> <span class='ocrx_word' id='word_1_216' title='bbox 1395 1777 1443 1815; x_wconf 92' lang='lat' dir='ltr'>ut</span> 
     </span>
     <span class='ocr_line' id='line_1_31' title="bbox 108 1828 1443 1884; baseline 0.004 -16"><span class='ocrx_word' id='word_1_217' title='bbox 108 1828 155 1881; x_wconf 91' lang='lat' dir='ltr'>ii,</span> <span class='ocrx_word' id='word_1_218' title='bbox 193 1828 264 1882; x_wconf 91' lang='lat' dir='ltr'>qui</span> <span class='ocrx_word' id='word_1_219' title='bbox 301 1828 344 1869; x_wconf 92' lang='lat' dir='ltr'>in</span> <span class='ocrx_word' id='word_1_220' title='bbox 383 1829 620 1870; x_wconf 89' lang='lat' dir='ltr'>custodiam</span> <span class='ocrx_word' id='word_1_221' title='bbox 657 1829 913 1871; x_wconf 87' lang='lat' dir='ltr'>nominatim</span> <span class='ocrx_word' id='word_1_222' title='bbox 952 1830 1040 1871; x_wconf 87' lang='lat' dir='ltr'>dati</span> <span class='ocrx_word' id='word_1_223' title='bbox 1074 1834 1190 1884; x_wconf 88' lang='lat' dir='ltr'>sunt,</span> <span class='ocrx_word' id='word_1_224' title='bbox 1229 1832 1320 1874; x_wconf 90' lang='lat' dir='ltr'>sine</span> <span class='ocrx_word' id='word_1_225' title='bbox 1352 1832 1443 1874; x_wconf 87' lang='lat' dir='ltr'>ulla</span> 
     </span>
     <span class='ocr_line' id='line_1_32' title="bbox 55 1885 1187 1931; baseline 0.004 -5"><span class='ocrx_word' id='word_1_226' title='bbox 55 1896 90 1921; x_wconf 82' lang='lat'>30</span> <span class='ocrx_word' id='word_1_227' title='bbox 110 1885 373 1928; x_wconf 80' lang='lat' dir='ltr'>dubitatione</span> <span class='ocrx_word' id='word_1_228' title='bbox 406 1903 429 1928; x_wconf 91' lang='lat' dir='ltr'>a</span> <span class='ocrx_word' id='word_1_229' title='bbox 460 1887 581 1929; x_wconf 84' lang='lat' dir='ltr'>vobis</span> <span class='ocrx_word' id='word_1_230' title='bbox 608 1888 798 1929; x_wconf 88' lang='lat' dir='ltr'>damnati</span> <span class='ocrx_word' id='word_1_231' title='bbox 829 1903 920 1929; x_wconf 89' lang='lat' dir='ltr'>esse</span> <span class='ocrx_word' id='word_1_232' title='bbox 952 1889 1187 1931; x_wconf 88' lang='lat' dir='ltr'>videantur.</span> 
     </span>
    </p>

    <p class='ocr_par' dir='ltr' id='par_1_5' title="bbox 107 1943 1489 2176">
     <span class='ocr_line' id='line_1_33' title="bbox 197 1943 1489 2004; baseline 0.004 -19"><span class='ocrx_word' id='word_1_233' title='bbox 197 1943 278 1985; x_wconf 79' lang='lat' dir='ltr'>Sed</span> <span class='ocrx_word' id='word_1_234' title='bbox 310 1959 389 2000; x_wconf 83' lang='lat' dir='ltr'>ego</span> <span class='ocrx_word' id='word_1_235' title='bbox 421 1946 590 1987; x_wconf 87' lang='lat' dir='ltr'>institui</span> <span class='ocrx_word' id='word_1_236' title='bbox 621 1946 777 1987; x_wconf 85' lang='lat' dir='ltr'>referre</span> <span class='ocrx_word' id='word_1_237' title='bbox 811 1947 864 1987; x_wconf 86' lang='lat' dir='ltr'>ad</span> <span class='ocrx_word' id='word_1_238' title='bbox 894 1961 988 2001; x_wconf 86' lang='lat' dir='ltr'>vos,</span> <span class='ocrx_word' id='word_1_239' title='bbox 1019 1951 1164 2001; x_wconf 86' lang='lat' dir='ltr'>patres</span> <span class='ocrx_word' id='word_1_240' title='bbox 1197 1950 1441 2004; x_wconf 90' lang='lat' dir='ltr'>conscripti,</span> <span class='ocrx_word' id='word_1_241' title='bbox 1468 1960 1489 1990; x_wconf 83' lang='grc'><strong>6</strong></span> 
     </span>
     <span class='ocr_line' id='line_1_34' title="bbox 108 2004 1441 2060; baseline 0.005 -18"><span class='ocrx_word' id='word_1_242' title='bbox 108 2004 327 2057; x_wconf 73' lang='lat' dir='ltr'>tanquam</span> <span class='ocrx_word' id='word_1_243' title='bbox 360 2005 596 2059; x_wconf 87' lang='lat' dir='ltr'>integrum,</span> <span class='ocrx_word' id='word_1_244' title='bbox 635 2008 677 2046; x_wconf 88' lang='lat' dir='ltr'>et</span> <span class='ocrx_word' id='word_1_245' title='bbox 709 2005 758 2046; x_wconf 87' lang='lat' dir='ltr'>de</span> <span class='ocrx_word' id='word_1_246' title='bbox 790 2005 905 2047; x_wconf 83' lang='lat' dir='ltr'>facto</span> <span class='ocrx_word' id='word_1_247' title='bbox 939 2006 1040 2060; x_wconf 90' lang='lat' dir='ltr'>quid</span> <span class='ocrx_word' id='word_1_248' title='bbox 1071 2007 1285 2060; x_wconf 88' lang='lat' dir='ltr'>iudicetis,</span> <span class='ocrx_word' id='word_1_249' title='bbox 1318 2011 1359 2048; x_wconf 91' lang='lat' dir='ltr'>et</span> <span class='ocrx_word' id='word_1_250' title='bbox 1391 2008 1441 2048; x_wconf 85' lang='lat' dir='ltr'>de</span> 
     </span>
     <span class='ocr_line' id='line_1_35' title="bbox 107 2062 1444 2130; baseline 0.004 -30"><span class='ocrx_word' id='word_1_251' title='bbox 107 2074 244 2114; x_wconf 85' lang='lat' dir='ltr'>poena</span> <span class='ocrx_word' id='word_1_252' title='bbox 277 2062 376 2115; x_wconf 90' lang='lat' dir='ltr'>quid</span> <span class='ocrx_word' id='word_1_253' title='bbox 408 2064 628 2105; x_wconf 79' lang='lat' dir='ltr'>censeatis.</span> <span class='ocrx_word' id='word_1_254' title='bbox 678 2062 761 2104; x_wconf 87' lang='lat' dir='ltr'>Illa</span> <span class='ocrx_word' id='word_1_255' title='bbox 791 2064 1043 2118; x_wconf 88' lang='lat' dir='ltr'>praedicam,</span> <span class='ocrx_word' id='word_1_256' title='bbox 1076 2079 1183 2130; x_wconf 79' lang='lat' dir='ltr'>quae</span> <span class='ocrx_word' id='word_1_257' title='bbox 1216 2068 1316 2107; x_wconf 89' lang='lat' dir='ltr'>sunt</span> <span class='ocrx_word' id='word_1_258' title='bbox 1348 2080 1444 2106; x_wconf 91' lang='lat' dir='ltr'>con-</span> 
     </span>
     <span class='ocr_line' id='line_1_36' title="bbox 111 2118 1442 2176; baseline 0.005 -18"><span class='ocrx_word' id='word_1_259' title='bbox 111 2118 226 2159; x_wconf 90' lang='lat' dir='ltr'>sulis.</span> <span class='ocrx_word' id='word_1_260' title='bbox 275 2118 369 2174; x_wconf 88' lang='lat' dir='ltr'>Ego</span> <span class='ocrx_word' id='word_1_261' title='bbox 402 2135 604 2176; x_wconf 85' lang='lat' dir='ltr'>magnum</span> <span class='ocrx_word' id='word_1_262' title='bbox 636 2122 680 2162; x_wconf 91' lang='lat' dir='ltr'>in</span> <span class='ocrx_word' id='word_1_263' title='bbox 712 2136 757 2162; x_wconf 92' lang='lat' dir='ltr'>re</span> <span class='ocrx_word' id='word_1_264' title='bbox 789 2123 960 2175; x_wconf 87' lang='lat' dir='ltr'>publica</span> <span class='ocrx_word' id='word_1_265' title='bbox 990 2124 1153 2164; x_wconf 87' lang='lat' dir='ltr'>versari</span> <span class='ocrx_word' id='word_1_266' title='bbox 1183 2123 1372 2164; x_wconf 78' lang='lat' dir='ltr'>fur·oiem</span> <span class='ocrx_word' id='word_1_267' title='bbox 1399 2126 1442 2165; x_wconf 87' lang='lat' dir='ltr'>et</span> 
     </span>
    </p>

    <p class='ocr_par' dir='ltr' id='par_1_6' title="bbox 55 2178 1441 2281">
     <span class='ocr_line' id='line_1_37' title="bbox 55 2178 1441 2235; baseline 0.005 -19"><span class='ocrx_word' id='word_1_268' title='bbox 55 2186 89 2211; x_wconf 79' lang='lat'>35</span> <span class='ocrx_word' id='word_1_269' title='bbox 109 2191 220 2218; x_wconf 88' lang='lat' dir='ltr'>nova</span> <span class='ocrx_word' id='word_1_270' title='bbox 258 2178 463 2230; x_wconf 88' lang='lat' dir='ltr'>quaedam</span> <span class='ocrx_word' id='word_1_271' title='bbox 502 2180 671 2221; x_wconf 87' lang='lat' dir='ltr'>misceri</span> <span class='ocrx_word' id='word_1_272' title='bbox 704 2183 745 2221; x_wconf 88' lang='lat' dir='ltr'>et</span> <span class='ocrx_word' id='word_1_273' title='bbox 777 2181 982 2222; x_wconf 90' lang='lat' dir='ltr'>concitari</span> <span class='ocrx_word' id='word_1_274' title='bbox 1014 2182 1129 2223; x_wconf 89' lang='lat' dir='ltr'>mala</span> <span class='ocrx_word' id='word_1_275' title='bbox 1159 2182 1244 2222; x_wconf 88' lang='lat' dir='ltr'>iam</span> <span class='ocrx_word' id='word_1_276' title='bbox 1277 2182 1441 2235; x_wconf 70' lang='lat' dir='ltr'>pridem</span> 
     </span>
     <span class='ocr_line' id='line_1_38' title="bbox 109 2234 1442 2292; baseline 0.005 -18"><span class='ocrx_word' id='word_1_277' title='bbox 109 2234 317 2289; x_wconf 85' lang='lat' dir='ltr'>videbam,</span> <span class='ocrx_word' id='word_1_278' title='bbox 349 2237 421 2277; x_wconf 89' lang='lat' dir='ltr'>sed</span> <span class='ocrx_word' id='word_1_279' title='bbox 452 2237 561 2280; x_wconf 88' lang='lat' dir='ltr'>hanc</span> <span class='ocrx_word' id='word_1_280' title='bbox 592 2241 772 2292; x_wconf 81' lang='lat' dir='ltr'>tantam,</span> <span class='ocrx_word' id='word_1_281' title='bbox 804 2242 894 2280; x_wconf 87' lang='lat' dir='ltr'>tam</span> <span class='ocrx_word' id='word_1_282' title='bbox 920 2240 1143 2282; x_wconf 79' lang='lat' dir='ltr'>exitiosam</span> <span class='ocrx_word' id='word_1_283' title='bbox 1170 2240 1319 2280; x_wconf 87' lang='lat' dir='ltr'>haberi</span> <span class='ocrx_word' id='word_1_284' title='bbox 1346 2254 1442 2281; x_wconf 87' lang='lat' dir='ltr'>con·</span> 
     </span>
    </p>
   </div>
   <div class='ocr_carea' id='block_1_5' title="bbox 107 2292 1442 2400">
    <p class='ocr_par' dir='ltr' id='par_1_7' title="bbox 107 2292 1442 2400">
     <span class='ocr_line' id='line_1_39' title="bbox 107 2292 1442 2352; baseline 0.004 -19"><span class='ocrx_word' id='word_1_285' title='bbox 107 2292 362 2335; x_wconf 84' lang='lat' dir='ltr'>iurationem</span> <span class='ocrx_word' id='word_1_286' title='bbox 395 2310 418 2336; x_wconf 91' lang='lat' dir='ltr'>a</span> <span class='ocrx_word' id='word_1_287' title='bbox 444 2295 604 2338; x_wconf 83' lang='lat' dir='ltr'>civibus</span> <span class='ocrx_word' id='word_1_288' title='bbox 631 2311 862 2351; x_wconf 88' lang='lat' dir='ltr'>numquam</span> <span class='ocrx_word' id='word_1_289' title='bbox 888 2299 1046 2352; x_wconf 87' lang='lat' dir='ltr'>putavi.</span> <span class='ocrx_word' id='word_1_290' title='bbox 1090 2298 1214 2340; x_wconf 90' lang='lat' dir='ltr'>Nunc</span> <span class='ocrx_word' id='word_1_291' title='bbox 1242 2298 1442 2352; x_wconf 86' lang='lat' dir='ltr'>quicquid</span> 
     </span>
     <span class='ocr_line' id='line_1_40' title="bbox 177 2367 1199 2400; baseline 0.008 -8"><span class='ocrx_word' id='word_1_292' title='bbox 177 2367 248 2393; x_wconf 80' lang='grc'>010.</span> <span class='ocrx_word' id='word_1_293' title='bbox 269 2368 307 2394; x_wconf 85' lang='grc'>11.</span> <span class='ocrx_word' id='word_1_294' title='bbox 331 2370 355 2394; x_wconf 77' lang='lat'>2.</span> <span class='ocrx_word' id='word_1_295' title='bbox 1158 2369 1199 2400; x_wconf 84' lang='grc'>19</span> 
     </span>
    </p>
   </div>
  </div>
 </body>
</html>
