1619 2542
68 709 102 734 10

68 1002 101 1027 15

68 1295 102 1320 20

70 1588 103 1613 25

71 1880 105 1905 30

72 2170 106 2196 35

555 78 656 113 CAP.
682 81 820 112 23—25
848 80 867 119 s
894 80 1045 113 46-51,
1377 76 1461 116 321

121 173 298 227 amicos3
344 173 678 227 observationes,
722 173 1059 226 testificationes,
1098 171 1367 214 seductiones
1405 173 1465 212 te-

119 233 263 283 stium,
290 233 550 274 secessiones
575 232 915 285 subscriptorum
938 231 1351 280 animadvertebant,
1376 229 1465 283 qui-

123 289 202 329 bus
233 288 361 329 rebus
395 291 512 329 creta
543 288 637 341 ipsa
669 286 995 328 candidatorum
1027 285 1251 326 obscurior
1284 285 1461 326 evadere

123 347 248 401 solet3
281 345 514 388 Catilinam
545 346 710 386 interea
742 345 927 386 alacrem
959 346 1088 397 atque
1120 343 1302 396 laetum,
1331 343 1462 397 stipa-

121 409 213 445 ‘tum
239 403 369 446 choro
395 403 642 458 iuventutis,
668 404 879 445 vallatum
904 403 1115 446 indicibus
1137 406 1265 458 atque
1285 402 1465 456 sicariis,

121 463 318 504 inflatum
355 477 450 504 cum
493 477 566 517 spe
605 462 811 516 militum,
849 465 941 503 tum
974 463 1165 518 collegae
1197 463 1300 515 mei,
1337 475 1464 516 quem

122 521 174 562 ad
218 522 391 562 modum
437 521 606 563 dicebat
648 522 758 576 ipse,
808 521 1049 576 promissis,
1099 521 1464 563 circumfluentem

121 580 372 621 colonorum
422 579 723 621 Arretinorum
780 584 822 621 et
871 579 1209 622 Faesulanorum
1259 580 1465 632 exercitu,

122 654 250 693 quam
295 639 468 680 turbam
513 638 799 680 dissimillimo
846 653 895 679 ex
940 653 1094 694 genere
1139 638 1464 694 distinguebant

121 697 317 739 homines
348 697 535 752 perculsi
567 696 735 738 Sullani
765 698 973 752 temporis
1006 697 1261 739 calamitate.
1304 696 1463 738 Vultus

120 756 255 810 ipsius
289 759 381 797 erat
412 756 563 810 plenus
595 755 770 808 furoris,
809 756 922 797 oculi
953 757 1141 808 sceleris,
1178 770 1318 797 sermo
1351 770 1465 796 arro-

121 815 311 870 gantiae,
356 815 416 856 sic
463 818 510 855 ut
550 814 588 856 ei
625 814 712 856 iam
750 815 997 868 exploratus
1037 818 1079 856 et
1116 815 1231 856 domi
1268 813 1464 856 conditus

120 874 369 915 consulatus
406 873 631 915 videretur.
698 872 925 914 Murenam
967 874 1286 926 contemnebat,
1326 871 1464 927 Sulpi—

121 932 233 973 cium
261 934 550 974 accusatorem
579 947 701 973 suum
720 933 987 986 numerabat,
1012 947 1098 974 non
1119 932 1464 987 competitorem,

123 991 159 1031 ei
196 990 283 1032 vim
322 991 621 1045 denuntiabat,
658 991 721 1032 rei
751 991 949 1045 publicae
982 991 1237 1032 minabatur.
1300 989 1463 1039 Quibus

120 1049 248 1090 rebus
282 1049 353 1103 qui
385 1050 516 1091 timor
546 1050 671 1091 bonis
706 1050 903 1091 omnibus
930 1049 1110 1091 iniectus
1139 1050 1195 1090 sit
1221 1052 1465 1103 quantaque

121 1108 362 1163 desperatio
403 1109 465 1150 rei
501 1108 717 1163 publicae,
756 1108 792 1149 si
829 1108 903 1149 ille
934 1109 1074 1150 factus
1106 1110 1236 1161 esset,
1273 1108 1406 1149 nolite
1439 1123 1464 1149 a

120 1181 187 1207 me
225 1167 486 1208 commoneri
523 1167 652 1219 velle,
690 1171 858 1208 vosmet
898 1167 983 1221 ipsi
1014 1167 1236 1208 vobiscum
1268 1166 1464 1208 recorda-

120 1225 237 1266 mini.
297 1225 556 1267 Meministis
589 1226 714 1279 enim,
746 1240 841 1267 cum
873 1225 990 1267 illius
1021 1225 1177 1266 nefarii
1208 1225 1464 1280 gladiatoris

121 1298 246 1325 voces
284 1284 644 1339 percrebuissent,
689 1298 794 1338 quas
833 1284 1035 1325 habuisse
1073 1285 1118 1324 in
1155 1284 1352 1326 contione
1391 1283 1464 1325 do-

122 1342 301 1386 mestica
333 1342 567 1396 dicebatur,
599 1357 695 1384 cum
721 1343 973 1383 miserorum
999 1342 1168 1383 fidelem
1196 1342 1461 1383 defensorem

121 1404 322 1456 negasset
351 1401 533 1442 inveniri
558 1415 684 1455 posse
710 1401 794 1441 nisi
821 1415 928 1453 eum,
961 1401 1033 1454 qui
1058 1400 1149 1454 ipse
1176 1400 1306 1441 miser
1333 1402 1462 1454 esset3

122 1460 387 1512 integrorum
415 1462 457 1500 et
481 1458 800 1500 fortunatorum
826 1458 1050 1512 promissis
1078 1459 1245 1499 saucios
1273 1461 1316 1499 et
1341 1458 1464 1499 mise·

121 1532 193 1559 ros
214 1517 382 1558 credere
403 1532 488 1558 non
509 1520 722 1571 oportere3
752 1531 898 1570 quare,
919 1517 991 1570 qui
1012 1520 1267 1570 consumpta
1286 1516 1463 1571 replere,

124 1580 272 1630 erepta
302 1590 551 1630 recuperare
584 1576 762 1629 vellent,
795 1578 1052 1630 spectarent,
1084 1575 1185 1629 quid
1215 1575 1306 1629 ipse
1339 1575 1462 1616 debe-

123 1637 201 1687 ret,
233 1634 332 1688 quid
359 1634 608 1688 possideret,
641 1633 740 1688 quid
773 1634 964 1687 auderet3
995 1633 1171 1674 minime
1196 1633 1394 1674 timidum
1421 1637 1463 1675 et

122 1693 247 1734 valde
279 1692 577 1734 calamitosum
611 1706 701 1733 esse
735 1695 932 1746 oportere
965 1706 1072 1745 eum,
1106 1692 1178 1746 qui
1210 1695 1324 1734 esset
1347 1691 1463 1733 futu-

123 1766 195 1792 rus
229 1752 312 1792 dux
344 1754 386 1792 et
419 1750 598 1806 signifer
631 1751 979 1792 calamitosorum
1012 1775 1067 1780 —
1093 1753 1186 1792 tum
1217 1751 1363 1805 igitur,
1394 1750 1461 1792 his

123 1810 250 1851 rebus
284 1809 452 1863 auditis,
485 1809 740 1850 meministis
772 1809 864 1849 fieri
890 1811 1061 1850 senatus
1088 1809 1330 1851 consultum
1355 1809 1463 1850 refe-

124 1872 244 1909 rente
282 1883 367 1922 me,
405 1882 457 1909 ne
495 1871 668 1922 postero
708 1867 773 1908 die
815 1867 989 1908 comitia
1019 1868 1296 1921 haberentur,
1334 1871 1382 1909 ut
1413 1868 1463 1909 de

124 1927 191 1967 his
223 1926 350 1968 rebus
381 1926 426 1967 in
457 1930 608 1967 senatu
642 1940 768 1980 agere
793 1940 1028 1980 possemus.
1078 1926 1228 1981 Itaque
1253 1926 1463 1981 postridie

124 1987 337 2038 frequenti
369 1990 520 2026 senatu
553 1984 784 2025 Catilinam
817 1984 998 2026 excitavi
1030 1987 1157 2039 atque
1190 1999 1287 2026 eum
1319 1984 1368 2025 de
1394 1985 1462 2025 his

126 2044 252 2083 rebus
284 2043 401 2094 iussi,
433 2043 469 2084 si
502 2043 601 2097 quid
633 2043 774 2096 vellet,
806 2057 914 2096 quae
940 2043 994 2084 ad
1019 2058 1085 2084 me
1112 2043 1280 2084 adlatae
1308 2045 1462 2096 essent,

128 2101 275 2142 dicere.
338 2102 482 2155 Atque
513 2102 606 2154 ille,
638 2104 685 2141 ut
718 2115 886 2155 semper
917 2101 999 2142 fuit
1032 2102 1345 2156 apertissimus,
1376 2115 1463 2142 non

128 2174 171 2200 se
210 2159 428 2213 purgavit,
473 2160 545 2200 sed
583 2159 787 2200 indicavit
824 2163 950 2213 atque
987 2160 1138 2202 induit.
1199 2159 1308 2200 Tum
1350 2159 1463 2200 enim

127 2217 234 2257 dixit
271 2217 352 2258 duo
385 2232 565 2272 corpora
597 2232 689 2258 esse
724 2218 787 2258 rei
817 2217 1032 2272 publicae,
1069 2233 1199 2260 unum
1232 2217 1371 2258 debile
1402 2217 1463 2258 in-

125 2275 249 2317 firmo
295 2275 452 2330 capite,
495 2276 678 2317 alterum
720 2276 890 2317 firmum
934 2276 1023 2318 sine
1062 2277 1217 2331 capite3
1266 2275 1380 2327 huic,
1426 2275 1464 2316 si

197 2350 268 2375 cm.
288 2350 329 2375 Η.
350 2351 375 2375 2.
1202 2348 1244 2378 21

1479 965 1535 1007 25

1490 1018 1534 1048 50

1489 1763 1531 1794 51
