1619 2542
538 86 639 121 CAP.
667 90 756 121 7—9
784 89 803 128 ,s
830 89 981 121 20--25.
1350 85 1431 125 109

92 184 241 226 deinde
286 184 427 238 ipsum
465 183 527 224 M.
555 183 736 224 Aurium
775 197 861 224 non
904 195 1062 237 magna
1106 181 1270 223 iactura
1316 180 1433 222 facta

91 243 328 285 tollendum
365 241 788 295 interficiendumque
820 241 997 282 curavit.
1057 239 1130 281 Illi
1163 242 1324 293 autem,
1361 240 1433 293 qui

93 304 215 343 erant
247 303 297 342 ad
330 300 617 355 propinquum
648 299 995 355 investigandum
1021 301 1064 340 et
1096 298 1432 353 recuperandum

93 360 286 415 profecti,
317 360 484 400 litteras
516 358 721 400 Larinum
754 359 807 400 ad
839 358 1008 411 Aurios,
1039 358 1157 399 illius
1191 357 1430 400 adulescem

58 419 150 459 5tis
190 432 372 472 suosque
409 418 690 471 necessarios,
735 417 914 458 mittunt
959 416 1040 457 sibi
1080 415 1299 457 difficilem
1340 430 1431 457 esse

94 476 384 532 investigandi
415 476 644 529 rationem,
687 475 799 530 quod
830 475 1134 530 intellegerent
1163 475 1346 516 indicem
1379 474 1432 515 ab

96 536 331 590 Oppianico
371 549 463 575 esse
502 536 762 588 corruptum.
824 533 938 582 Quas
978 534 1145 575 litteras
1178 533 1229 575 A,
1261 533 1432 587 Aurius,

94 594 158 635 vir
200 594 327 635 fortis
373 596 415 634 et
461 593 680 648 experiens
719 595 762 634 et
800 592 914 634 domi
951 592 1109 634 nobilis
1149 594 1191 633 et
1227 591 1283 633 M.
1316 592 1432 633 illius

96 652 204 694 Auri
228 651 580 707 perpropinquus,
611 652 656 692 in
681 651 776 692 foro
802 651 948 705 palam
974 651 1122 692 multis
1150 650 1434 704 audientibus,

43 724 76 749 10
97 726 191 753 cum
225 711 393 752 adesset
424 710 698 765 Oppianicus,
729 710 882 751 recitat
914 713 957 750 et
988 709 1228 751 clarissima
1254 724 1356 751 voce
1389 723 1434 750 se

95 785 251 812 nomen
282 769 518 824 Oppianici,
550 769 587 810 si
617 769 891 810 interfectum
915 767 970 809 M.
998 768 1180 809 Aurium
1206 782 1298 809 esse
1324 782 1435 809 com·

95 829 288 884 perisset,
321 828 562 869 delaturum
595 842 687 869 esse
719 829 917 868 testatur.
966 826 1144 868 Interim
1177 826 1297 868 brevi
1328 829 1434 867 tem-

42 914 45 916 -
96 902 199 942 pore
242 886 326 940 illi,
377 887 449 941 qui
493 888 614 927 erant
657 886 702 927 in
747 885 936 927 Galliam
986 885 1186 940 profecti,
1230 885 1435 926 Larinum

96 948 386 999 revertuntur3
425 945 699 986 interfectum
737 959 828 986 esse
867 944 924 985 M.
954 943 1138 985 Aurium
1176 944 1435 985 renuntiant.

45 1016 77 1042 15
98 1004 246 1045 Animi
282 1019 370 1045 non
409 1004 549 1045 solum
579 1003 936 1058 propinquorum,
975 1003 1047 1044 sed
1081 1003 1213 1044 etiam
1246 1003 1434 1043 omnium

97 1062 364 1104 Larinatium
396 1063 491 1104 odio
524 1062 749 1117 Oppianici
781 1064 823 1103 et
847 1062 965 1103 illius
998 1061 1283 1102 adulescentis
1311 1061 1435 1102 mise—

98 1122 281 1163 ricordia
312 1124 645 1163 commoventur.
698 1121 850 1175 Itaque
882 1135 976 1162 cum
1008 1120 1059 1161 A.
1091 1120 1262 1171 Aurius,
1294 1120 1330 1160 is
1365 1120 1436 1173 qui

99 1183 224 1221 antea
251 1179 534 1233 denuntiarat,
566 1180 749 1221 clamore
782 1180 997 1220 hominem
1031 1193 1079 1220 ac
1111 1178 1238 1233 minis
1271 1178 1436 1232 insequi

0 1290 1 1297 ἵ
99 1239 326 1293 coepisset,
364 1238 522 1279 Larino
561 1237 755 1293 profugit
794 1240 836 1278 et
875 1252 919 1279 se
958 1239 1003 1278 in
1035 1240 1177 1278 castra
1209 1237 1437 1278 clarissimi

47 1309 81 1334 20
100 1297 198 1350 viri,
237 1297 283 1346 Q.
325 1296 507 1350 Metelli,
546 1297 737 1338 contulit.
804 1296 909 1337 Post
946 1296 1069 1336 illam
1108 1298 1251 1337 autem
1288 1295 1435 1350 fugam

101 1356 272 1397 sceleris
310 1358 353 1396 et
390 1355 672 1397 conscientiae
711 1357 866 1396 testem
902 1369 1136 1408 numquam
1176 1369 1219 1395 56
1258 1354 1436 1405 iudiciis,

100 1428 333 1467 numquam
371 1414 559 1469 legibus,
595 1428 828 1467 numquam
865 1413 1071 1454 inermem
1108 1412 1291 1453 inimicis
1325 1426 1436 1453 com-

102 1472 272 1512 mittere
305 1486 432 1513 ausus
468 1475 544 1526 est,
579 1472 650 1513 sed
676 1487 752 1526 per
782 1472 904 1512 illam
935 1470 980 1511 L.
1014 1469 1158 1511 Sullae
1190 1470 1276 1511 vim
1309 1473 1436 1524 atque

103 1530 326 1571 victoriam
367 1529 570 1571 Larinum
613 1530 657 1570 in
701 1544 867 1570 summo
910 1529 1064 1570 timore
1110 1529 1298 1569 omnium
1343 1543 1437 1570 cum

50 1600 83 1626 25
104 1589 281 1630 armatis
308 1588 543 1641 advolavit3
576 1588 910 1641 quattuorviros,
942 1602 1047 1641 quos
1074 1587 1307 1642 municipes
1332 1587 1439 1628 fece-

103 1650 212 1698 rant,
244 1646 433 1700 sustulit,
469 1661 512 1687 se
545 1661 568 1686 a
595 1646 714 1687 Sulla
746 1648 788 1687 et
818 1648 906 1686 tres
934 1648 1155 1699 praeterea
1180 1646 1318 1687 factos
1346 1660 1438 1686 esse

104 1706 209 1746 dixit
236 1708 278 1746 et
310 1705 361 1746 ab
396 1705 542 1746 eodem
576 1704 656 1745 sibi
688 1718 779 1745 esse
804 1704 1073 1758 imperatum,
1104 1706 1152 1744 ut
1177 1704 1231 1745 A.
1258 1703 1438 1745 Aurium

104 1764 239 1817 illum,
266 1763 338 1817 qui
364 1763 446 1804 sibi
473 1763 729 1804 delationem
755 1762 941 1803 nominis
969 1765 1011 1803 et
1031 1763 1183 1816 capitis
1203 1763 1440 1817 periculum

107 1824 356 1875 ostentarat,
377 1824 418 1862 et
439 1822 620 1862 alterum
640 1821 692 1862 A.
707 1820 886 1861 Aurium
906 1823 949 1861 et
968 1822 1056 1862 eius
1071 1821 1115 1862 L.
1130 1821 1267 1862 filium
1290 1824 1332 1862 et
1347 1820 1439 1862 Sex.

52 1892 88 1917 30
105 1880 294 1934 Vibium,
321 1894 403 1934 quo
430 1882 645 1934 sequestre
671 1881 716 1920 in
740 1879 814 1920 illo
840 1879 978 1920 indice
1003 1879 1311 1934 corrumpendo
1333 1880 1439 1921 dice-

106 1939 235 1980 batur
256 1953 346 1979 esse
366 1953 479 1992 usus,
496 1937 821 1992 proscribendos
842 1937 1239 1992 interficiendosque
1260 1942 1442 1980 curaret.

106 1997 256 2050 Itaque
281 1996 368 2037 illis
395 1997 683 2038 crudelissime
708 1995 945 2037 interfectis
971 2011 1058 2038 non
1082 1996 1283 2038 mediocri
1311 1997 1363 2038 ab
1391 2011 1439 2037 eo

109 2055 237 2096 ceteri
274 2055 596 2109 proscriptionis
628 2057 670 2095 et
703 2054 853 2095 mortis
886 2056 1002 2096 metu
1032 2055 1302 2096 tenebantur.
1360 2055 1440 2095 His

109 2114 196 2154 reb
189 2128 236 2154 us
261 2113 306 2153 in
330 2128 457 2154 causa
480 2113 718 2167 iudicioque
744 2113 971 2167 patefactis
999 2114 1091 2168 quis
1121 2116 1197 2167 est,
1224 2113 1295 2167 qui
1320 2113 1441 2153 illum

1464 1305 1506 1336 25

58 2182 91 2208 35
112 2171 277 2213 absolvi
312 2171 502 2225 potuisse
536 2171 796 2213 arbitretur?
858 2170 999 2225 Atque
1030 2171 1137 2216 haec
1162 2186 1294 2225 parva
1320 2173 1440 2224 sunt3
1467 2172 1491 2212 9

113 2229 356 2284 cognoscite
380 2230 556 2284 reliqua,
581 2232 628 2271 ut
650 2244 735 2271 non
756 2229 982 2283 aliquando
1003 2230 1329 2272 condemnatum
1351 2243 1441 2270 esse

113 2287 404 2343 Oppianicum,
424 2289 496 2329 sed
517 2288 777 2343 aliquamdiu
796 2288 1052 2330 incolumem
1071 2288 1203 2330 fuisse
1218 2287 1442 2328 miremini.
