1687 2533
434 541 496 588 M.
539 541 727 588 TULLI
767 541 1098 590 CICERONIS

334 650 471 705 PRO
511 651 571 708 L.
618 650 884 706 FLACCO
929 650 1199 705 ORATIO.

567 835 957 875 ARGUMENTUM.

189 912 228 946 L.
265 911 436 947 Valerius
479 912 654 955 Flaccus,
703 914 767 956 qui
810 913 849 947 in
893 912 1138 958 opprimenda
1182 911 1437 947 coniuratione

95 959 278 994 Catilinae
316 959 467 1003 eiusque
502 959 686 995 sociorum
723 960 772 994 M.
812 959 1026 995 Ciceronem
1060 959 1250 994 consulem
1288 959 1438 1004 egregie

96 1007 306 1049 adiuverat,
334 1017 429 1041 anno
455 1017 489 1041 u.
516 1017 545 1040 c.
574 1011 640 1041 691
669 1009 768 1042 sorte
794 1009 924 1042 nactus
951 1009 1033 1041 erat
1056 1007 1184 1041 Asiam
1208 1006 1439 1051 provinciam

97 1065 249 1098 eamque
294 1054 523 1098 provinciam
567 1064 664 1088 anno
701 1056 787 1098 post
824 1054 867 1089 D.
906 1054 1009 1089 Iunio
1053 1054 1178 1088 Silano
1217 1054 1257 1088 L.
1295 1053 1437 1088 Licinio

94 1101 249 1135 Murena
275 1111 365 1136 coss
393 1101 484 1135 satis
511 1100 661 1144 quidem
687 1112 797 1135 avare
818 1102 930 1145 atque
949 1101 1099 1144 iniuste,
1124 1102 1167 1135 ut
1191 1101 1348 1143 videtur,
1375 1101 1436 1135 ad-

94 1147 383 1182 ministraverat.
440 1149 548 1182 Anno
591 1149 679 1192 post
711 1159 792 1182 cum
826 1149 859 1182 ei
891 1146 1204 1189 successisset‘Q.
1231 1147 1359 1182 Cicero
1391 1150 1437 1191 (v.

96 1195 168 1231 Cic.
191 1195 238 1229 ad
264 1196 339 1230 Att.
361 1193 378 1228 Ι
405 1199 458 1229 15.
483 1197 529 1238 1),
554 1194 710 1229 Romam
738 1195 859 1230 rediit.
899 1195 970 1229 Hic
995 1194 1257 1240 provinciales,
1283 1205 1439 1239 quorum

95 1241 293 1278 commoda
318 1242 488 1284 laeserat,
514 1243 557 1276 ut
583 1253 687 1276 suam
710 1253 788 1276 rem
816 1244 980 1286 augeret,
1006 1243 1046 1276 L.
1073 1242 1206 1276 Flacco
1234 1241 1439 1276 accusatio-

95 1300 179 1324 nem
212 1289 258 1324 de
288 1289 454 1333 pecuniis
486 1289 701 1333 repetundis
735 1300 867 1333 parare
900 1289 1123 1323 studuerunt
1148 1299 1265 1332 eoque
1291 1287 1438 1322 facilius

95 1337 406 1381 impetraverunt,
451 1337 493 1369 ut
537 1346 618 1369 eam
656 1337 931 1370 accusationem
969 1336 1011 1369 D.
1049 1335 1198 1369 Laelius
1237 1335 1441 1378 susciperet

98 1394 251 1427 eamque
277 1382 543 1426 subscriptores
570 1382 789 1417 adiuvarent
813 1383 853 1417 L.
874 1382 1013 1416 Balbus
1041 1383 1078 1416 et
1102 1382 1307 1426 Appuleius
1333 1381 1439 1416 Deci-

98 1441 206 1472 anus,
246 1430 344 1472 quod
378 1429 418 1463 L.
444 1428 598 1463 Flaccus
632 1430 784 1474 propter
819 1430 982 1473 partium
1022 1428 1186 1462 studium
1222 1427 1439 1462 inimicitias

97 1477 298 1511 multorum
323 1477 559 1510 contraxerat
585 1476 736 1518 eiusque
762 1474 1022 1510 condemnatio
1048 1476 1158 1509 facile
1182 1474 1311 1519 perfici
1330 1485 1438 1519 posse

97 1523 305 1558 videbatur.
358 1522 448 1557 Cum
479 1522 523 1558 D.
549 1523 697 1557 Laelius
736 1522 783 1556 ad
815 1522 1076 1566 investiganda
1108 1522 1262 1556 crimina
1293 1533 1438 1565 compa-

97 1571 305 1614 randasque
337 1568 484 1604 litteras
517 1580 559 1603 ac
589 1569 821 1612 testimonia,
856 1568 988 1612 quibus
1022 1568 1299 1603 accusationem
1325 1568 1438 1603 stabi-

97 1617 202 1659 liret,
234 1617 393 1651 multum
425 1616 496 1650 sibi
527 1616 707 1661 temporis
741 1616 974 1661 sumpsisset,
1007 1615 1189 1650 iudicium
1220 1615 1367 1649 demum
1400 1615 1436 1650 C.

98 1664 193 1699 lulio
215 1664 370 1699 Caesare
390 1663 438 1697 M.
460 1662 658 1707 Calpurnio
678 1662 811 1697 Bibulo
839 1674 929 1698 coss.
957 1673 1053 1697 anno
1072 1674 1106 1696 u.
1123 1666 1191 1697 695
1210 1661 1350 1697 factum
1371 1663 1438 1705 est,

98 1723 170 1756 quo
201 1712 240 1745 in
273 1710 412 1745 iudicio
446 1710 485 1745 L.
512 1708 684 1744 Flaccum
715 1711 862 1755 praeter
895 1709 934 1751 Q.
968 1710 1222 1752 Hortensium,
1256 1710 1358 1744 cuius
1393 1709 1438 1743 de

100 1758 265 1794 oratione
299 1756 510 1792 conferatur
536 1756 721 1791 Ciceronis
754 1757 801 1791 ad
828 1756 992 1790 Atticum
1025 1756 1133 1801 epist.
1160 1755 1194 1789 ΙΙ
1222 1760 1274 1790 15.
1304 1760 1336 1800 1,
1369 1755 1440 1790 hac

98 1816 199 1850 ipsa,
233 1804 334 1839 cuius
368 1804 530 1838 maxima
562 1814 646 1848 pars
677 1803 784 1838 novis
816 1803 1036 1848 fragmentis
1061 1802 1197 1847 Angeli
1221 1802 1298 1836 Mai
1329 1813 1442 1847 opera

100 1853 189 1887 olim
221 1851 383 1886 adaucta
412 1850 512 1885 infra
542 1850 697 1894 legitur,
731 1851 896 1885 oratione
924 1849 1090 1884 defendit
1115 1850 1266 1894 eiusque
1293 1849 1441 1884 absolu-

100 1899 239 1934 tionem
263 1898 431 1943 perfecit.
481 1896 567 1932 Vid.
593 1897 755 1931 Macrob.
788 1897 932 1931 Saturn.
960 1897 994 1931 ΙΙ
1022 1902 1051 1932 1.
1081 1901 1134 1932 13.

191 2097 297 2140 Cum
333 2097 380 2140 in
417 2098 615 2139 maximis
653 2097 852 2152 periculis
889 2097 1015 2138 huius
1056 2096 1175 2138 urbis
1209 2098 1336 2149 atque
1366 2080 1487 2161 inr}

102 2157 229 2212 perii,
261 2156 516 2212 gravissimo
550 2160 679 2211 atque
712 2156 986 2197 acerbissimo
1019 2155 1082 2196 rei
1112 2153 1309 2210 publicae
1342 2168 1441 2194 casu

102 2215 217 2257 socio
252 2218 381 2269 atque
408 2215 601 2256 adiutore
628 2214 903 2256 consiliorum
929 2214 1301 2270 periculorumque
1328 2226 1441 2253 meo-

101 2277 197 2315 rum
237 2273 282 2315 L.
319 2273 473 2315 Flacco
517 2273 688 2315 caedem
732 2288 758 2314 a
794 2273 936 2328 vobis,
979 2272 1252 2327 coniugibus,
1295 2270 1442 2311 liberis

1157 2340 1229 2374 25*
