1687 2533
565 70 666 108 CAP.
691 77 829 107 16—18
856 76 874 113 g
902 77 1051 107 46—52.
1390 73 1475 114 357

134 168 418 222 intellegebat
461 167 571 210 hanc
614 168 739 210 nobis
784 183 809 209 a
852 167 1089 210 maioribus
1136 183 1228 210 esse
1272 168 1478 210 traditam

136 226 426 282 disciplinam,
470 229 518 268 ut
557 227 719 268 nullius
758 226 948 268 amicitia
986 227 1039 268 ad
1075 227 1267 282 pericula
1304 228 1478 283 propul-

137 285 270 327 sanda
308 285 622 340 impediremur.
684 285 742 326 Et
781 288 873 327 erat
910 286 1009 327 huic
1046 286 1202 327 iudicio
1236 287 1362 341 longe
1395 286 1478 327 dis-

137 344 289 385 similis
333 344 411 385 illa
449 344 678 386 contentio.
734 344 841 386 Tum
882 344 1053 386 adflicto
1091 345 1136 386 P.
1170 342 1292 386 Sulla
1331 359 1478 386 consu-

101 414 117 439 5
138 403 252 444 latus
286 403 408 444 vobis
440 403 700 458 pariebatur,
733 403 858 445 sicuti
889 407 1037 459 partus
1070 406 1153 457 est3
1185 403 1360 445 honoris
1387 406 1480 444 erat

138 466 371 516 certamen,
404 464 597 514 ereptum
629 464 820 515 repetere
852 477 929 504 vos
962 463 1264 516 clamitabatis,
1297 465 1345 504 ut
1376 462 1479 504 vieti

136 520 181 561 in
213 535 363 575 campo
396 520 439 561 in
469 520 564 562 foro
596 521 840 573 vinceretis3
880 524 974 562 tum
1006 521 1078 575 qui
1111 523 1259 563 contra
1291 535 1369 563 vos
1401 535 1479 575 pro

136 579 264 620 huius
298 580 436 620 salute
463 580 725 634 pugnabant,
759 580 1009 621 amicissimi
1033 580 1179 634 vestri,
1210 580 1365 634 quibus
1390 594 1478 621 non

136 637 454 691 irascebamini,
511 638 782 679 consulatum
832 639 956 680 vobis
1013 638 1270 692 eripiebant,
1325 638 1479 680 honori

85 708 119 732 10
138 699 283 738 vestro
315 697 626 752 repugnabant,
658 699 701 737 et
731 702 878 738 tamen
904 697 946 738 id
971 697 1182 738 inviolata
1206 699 1350 739 vestra
1377 697 1479 738 ami-

139 755 257 809 citia,
294 755 464 810 integro
504 755 662 808 officio,
699 758 842 796 vetere
881 756 1075 810 exemplo
1114 758 1243 810 atque
1274 756 1478 797 instituto

139 814 292 869 optimi
338 814 538 868 cuiusque
579 814 806 856 faciebant.
876 815 971 870 Ego
1018 829 1114 856 vero
1160 815 1315 869 quibus
1357 801 1548 871 orna—{8

138 874 295 914 mentis
322 872 520 914 adversor
546 873 633 914 tuis
660 875 734 914 aut
760 873 827 914 cui
847 873 1049 928 dignitati
1067 876 1235 915 vestrae
1256 874 1479 928 repugno?
1504 856 1550 886 “⁰

138 931 248 980 Quid
299 934 380 984 est,
431 931 543 986 quod
592 932 679 973 iam
730 932 783 973 ab
833 931 914 974 hoc
958 933 1165 987 expetas?
1231 931 1382 973 Honos
1427 932 1480 973 ad

84 1002 117 1026 15
137 993 325 1045 patrem,
360 990 548 1045 insignia
585 990 761 1032 honoris
800 991 852 1032 ad
889 993 932 1032 te
973 991 1114 1032 delata
1147 994 1258 1032 sunt.
1319 990 1384 1032 Tu
1416 1005 1479 1032 or-

137 1051 265 1090 natus
306 1049 467 1090 exuviis
500 1049 625 1090 huius
658 1049 776 1090 venis
810 1050 861 1090 ad
894 1065 989 1091 eum
1022 1050 1315 1104 lacerandum,
1354 1064 1479 1103 quem

137 1107 407 1162 interemisti,
440 1122 520 1163 ego
546 1108 756 1149 iacentem
784 1111 826 1149 et
852 1109 1084 1163 spoliatum
1113 1108 1291 1149 defendo
1320 1111 1362 1149 et
1388 1122 1479 1162 pro-

136 1169 249 1221 tego.
292 1166 435 1221 Atque
466 1167 536 1208 hic
561 1169 609 1208 tu
635 1169 678 1207 et
703 1167 976 1221 reprehendis
1002 1182 1081 1220 me,
1115 1167 1215 1221 quia
1241 1167 1477 1219 defendam,

137 1228 180 1266 et
217 1225 433 1278 irasceris3
471 1239 550 1280 ego
592 1228 734 1266 autem
772 1240 858 1267 non
895 1226 1020 1268 modo
1062 1226 1143 1267 tibi
1181 1240 1267 1268 non
1305 1226 1479 1278 irascor,

84 1294 118 1318 20
138 1284 211 1325 sed
254 1299 306 1325 ne
347 1284 611 1337 reprehendo
655 1284 822 1338 quidem
866 1285 1028 1326 factum
1066 1287 1200 1325 tuum.
1267 1283 1327 1325 Te
1366 1283 1478 1325 enim

138 1343 335 1384 existimo
381 1342 462 1383 tibi
510 1342 732 1395 statuisse,
779 1342 880 1396 quid
921 1342 1161 1384 faciendum
1201 1345 1392 1396 putares,
1435 1345 1478 1383 et

138 1401 244 1441 satis
274 1401 472 1442 idoneum
506 1401 635 1441 officii
667 1402 729 1441 tui
761 1401 943 1442 iudicem
974 1414 1054 1442 esse
1084 1401 1288 1455 potuisse.

226 1459 286 1500 At
329 1461 500 1500 accusat
538 1458 579 1500 O.
618 1458 791 1500 Corneli
827 1459 960 1512 filius,
1004 1461 1047 1500 et
1083 1459 1126 1499 id
1165 1473 1297 1513 aeque
1335 1459 1476 1500 valere
1503 1472 1545 1503 51

138 1517 281 1569 debet,
327 1532 374 1558 ac
419 1517 455 1557 si
498 1519 622 1571 pater
665 1517 884 1559 indicaret.
952 1516 987 1559 O
1025 1520 1192 1572 patrem
1232 1516 1477 1558 Cornelium

84 1587 117 1611 25
139 1576 394 1630 sapientem,
439 1575 530 1629 qui,
574 1575 686 1629 quod
730 1575 908 1629 praemii
947 1576 1058 1617 solet
1095 1590 1187 1617 esse
1224 1576 1269 1617 in
1306 1575 1477 1630 indicio,

137 1634 378 1689 reliquerit,
422 1634 534 1688 quod
576 1634 854 1688 turpitudinis
898 1634 942 1674 in
987 1634 1271 1688 confessione,
1315 1634 1358 1675 id
1401 1650 1477 1688 per

137 1694 453 1735 accusationem
495 1692 573 1733 filii
617 1692 868 1746 susceperit!
931 1690 1012 1733 Sed
1050 1693 1152 1748 quid
1189 1696 1254 1734 est
1290 1693 1476 1747 tandem,

138 1752 251 1807 quod
281 1751 442 1792 indicat
472 1765 549 1805 per
579 1750 711 1791 istum
742 1765 918 1804 puerum
946 1749 1197 1792 Cornelius?
1255 1750 1299 1793 Si
1332 1754 1476 1793 vetera

137 1810 243 1851 mihi
281 1811 432 1864 ignota
474 1824 567 1851 cum
607 1808 840 1850 Hortensio
885 1810 1214 1863 communicata,
1253 1811 1476 1864 respondit

83 1879 118 1904 30
137 1868 414 1922 Hortensius3
459 1868 543 1921 sin,
586 1870 635 1908 ut
679 1868 759 1917 ais,
802 1868 924 1908 illum
972 1872 1170 1910 conatum
1208 1869 1395 1911 Autroni
1433 1872 1475 1911 et

139 1926 368 1980 Catilinae,
407 1941 502 1968 cum
540 1926 585 1967 in
617 1940 767 1980 campo
800 1927 1095 1969 consularibus
1127 1927 1330 1981 comitiis,
1367 1942 1476 1982 quae

137 2000 162 2026 a
188 2000 255 2026 me
279 1985 430 2027 habita
455 1987 568 2038 sunt,
593 1984 763 2025 caedem
788 1985 925 2026 facere
952 1986 1188 2040 voluerunt,
1214 1985 1475 2027 Autronium

136 2046 228 2084 tum
272 2043 317 2084 in
362 2058 511 2096 campo
553 2043 756 2096 vidimus,
800 2043 874 2084 sed
915 2044 1016 2098 quid
1054 2045 1141 2085 dixi
1178 2044 1334 2086 vidisse
1365 2045 1472 2086 nos?

138 2116 217 2157 ego
255 2102 358 2155 vidi3
401 2116 477 2143 vos
523 2101 635 2143 enim
678 2104 790 2154 tum,
832 2101 1009 2157 iudices,
1052 2103 1160 2144 nihil
1206 2102 1472 2144 laborabatis

82 2170 116 2195 35
136 2174 272 2214 neque
305 2160 652 2214 suspicabamini,
684 2173 763 2214 ego
796 2162 934 2201 tectus
967 2162 1180 2216 praesidio
1212 2161 1336 2202 firmo
1370 2162 1471 2202 ami·
1529 2181 1532 2183 ·

137 2233 283 2259 corum
321 2217 533 2259 Catilinae
573 2222 666 2260 tum
705 2219 747 2258 et
784 2218 971 2260 Autroni
1008 2220 1152 2274 copias
1191 2222 1234 2260 et
1271 2223 1472 2261 conatum

135 2277 332 2331 repressi.
375 2275 490 2317 Num
524 2276 618 2331 quis
652 2278 717 2317 est
748 2276 890 2331 igitur,
923 2278 995 2332 qui
1027 2281 1119 2319 tum
1153 2278 1265 2319 dicat
1290 2277 1335 2318 in
1361 2293 1470 2320 cam-
1497 2290 1543 2321 52·
