1619 2542
549 72 650 109 CAP.
678 76 768 108 5—7
795 76 814 115 ἓ
842 76 990 108 13—20.
1355 71 1436 113 107

99 170 357 213 defendenda
395 170 667 225 adiungerer,
705 183 791 210 non
821 169 1029 223 viderem3
1067 167 1193 210 facile
1231 168 1437 223 intellego
1473 194 1477 197 «

97 245 182 272 non
227 229 354 271 modo
399 229 575 270 reticere
619 228 812 269 homines
858 231 1085 282 parentum
1123 227 1320 280 iniurias,
1366 226 1439 268 sed

98 289 228 330 ctiam
262 288 402 329 animo
430 302 564 342 aequo
596 286 707 328 ferre
740 289 947 341 oportere.
1003 285 1084 327 Sed
1118 300 1197 341 ego
1232 300 1298 339 ea,
1331 300 1438 339 quae

98 348 200 389 ferri
231 349 430 402 possunt,
460 346 645 399 ferenda,
678 360 785 399 quae
817 345 962 399 taceri,
993 345 1174 386 tacenda
1206 359 1297 385 esse
1330 344 1439 385 arbi—

63 410 202 448 5tror.
270 405 390 447 Nihil
434 405 480 446 in
522 404 612 446 vita
655 404 761 445 vidit
805 404 1066 445 calamitatis
1111 402 1161 444 A.
1204 402 1439 452 Cluentius,
1470 412 1509 443 18

98 465 263 507 nullum
288 464 522 519 periculum
550 463 701 504 mortis
729 463 845 517 adiit,
877 463 984 504 nihil
1010 462 1113 504 mali
1138 462 1294 515 timuit,
1327 461 1440 516 quod

98 538 185 565 non
233 526 375 564 totum
420 537 444 563 a
487 524 625 563 matre
670 525 782 562 esset
827 522 1057 563 conflatum
1101 524 1144 562 et
1186 521 1440 575 profectum.

100 582 215 631 Quae
246 582 328 623 hoc
353 584 546 635 tempore
573 581 719 622 sileret
745 581 889 622 omnia
916 583 1043 635 atque
1070 595 1130 633 ea,
1163 580 1199 620 si
1226 579 1440 621 oblivione

98 656 185 683 non
221 643 383 696 posset,
423 643 569 681 tamen
606 639 903 680 taciturnitate
943 654 1020 680 sua
1050 641 1166 680 tecta
1198 653 1288 679 esse
1320 642 1441 693 pate-

47 712 80 737 10
99 704 235 754 retur,
273 699 347 740 sed
386 713 486 740 vero
527 698 586 739 sic
625 698 784 753 agitur,
822 701 870 738 ut
901 712 1077 752 prorsus
1110 697 1288 738 reticere
1319 697 1440 738 nullo

100 759 226 800 modo
252 758 401 813 possit.
442 757 535 798 Hoc
561 757 672 798 enim
693 757 832 810 ipsum
853 757 1066 810 iudicium,
1092 756 1172 797 hoc
1192 756 1442 810 periculum,

100 818 177 858 illa
210 816 461 870 [accusatio]
497 816 634 857 omnis
666 815 843 856 testium
876 816 1016 870 copia,
1048 830 1156 868 quae
1187 815 1334 856 futura
1366 817 1443 868 est,

102 892 126 918 a
157 878 294 917 matre
326 875 450 916 initio
483 877 548 916 est
580 874 806 928 adornata,
840 890 864 915 a
890 877 1027 915 matre
1054 874 1134 915 1100
1160 876 1354 928 tempore
1382 873 1442 914 in-

102 935 283 977 struitur
322 938 449 988 atque
490 933 688 975 omnibus
723 933 810 974 eius
844 933 997 988 opibus
1030 936 1073 974 et
1105 933 1239 987 copiis
1273 947 1441 987 compa-

49 1005 82 1031 15
102 998 238 1047 ratur3
281 993 376 1047 ipsa
413 992 592 1046 denique
629 1007 765 1046 nuper
802 991 960 1033 Larino
1005 991 1130 1032 huius
1174 990 1442 1045 opprimendi

102 1067 229 1095 causa
267 1052 447 1093 Romam
493 1051 724 1105 advolavit,
769 1053 941 1105 praesto
986 1053 1052 1092 est
1094 1050 1249 1091 mulier
1293 1050 1443 1103 audax,

102 1111 341 1167 pecuniosa,
366 1110 562 1162 crudelis,
586 1109 776 1150 instituit
797 1111 1078 1163 accusatores,
1099 1109 1276 1150 instruit
1296 1111 1443 1161 testes,

103 1170 302 1225 squalore
342 1169 467 1210 huius
500 1171 543 1210 et
575 1168 772 1210 sordibus
805 1169 1007 1221 laetatur,
1045 1167 1222 1209 exitium
1255 1169 1442 1223 exoptat,

104 1228 355 1283 sanguinem
389 1242 511 1269 suum
543 1227 798 1281 profundere
831 1241 999 1269 omnem
1027 1226 1156 1281 cupit,
1188 1226 1288 1267 dum
1315 1225 1441 1267 modo

50 1299 84 1323 20
104 1288 326 1343 profusum
357 1287 483 1328 huius
516 1288 614 1327 ante
647 1286 800 1327 videat.
843 1285 961 1327 Haec
991 1285 1076 1326 nisi
1102 1286 1248 1326 omnia
1272 1298 1443 1339 perspe-

103 1346 251 1387 xeritis
282 1346 329 1387 in
361 1360 500 1397 causa,
532 1347 691 1385 temere
724 1359 748 1386 a
779 1345 904 1385 nobis
936 1345 1057 1385 illam
1085 1343 1297 1397 appellari
1322 1345 1443 1396 puta-

103 1407 213 1458 tote3
251 1404 314 1445 sin
355 1406 480 1444 erunt
521 1406 563 1444 et
595 1406 744 1457 aperta
782 1405 825 1444 et
863 1403 1045 1454 nefaria,
1084 1401 1283 1443 Cluentio
1321 1402 1443 1455 igno-

106 1473 221 1504 scere
258 1462 486 1515 debebitis,
525 1462 636 1516 quod
672 1461 776 1502 haec
814 1476 839 1502 a
876 1475 943 1501 me
976 1461 1056 1502 dici
1088 1460 1299 1514 patiatur3
1338 1459 1443 1500 mihi

105 1522 326 1577 ignoscere
356 1535 442 1561 non
475 1520 703 1571 deberetis,
735 1519 771 1560 si
802 1522 999 1560 tacerem.

52 1592 86 1618 25
193 1580 317 1621 Nunc
347 1579 433 1620 iam
467 1578 714 1619 summatim
745 1592 971 1632 exponam,
1004 1577 1158 1631 quibus
1192 1576 1442 1617 criminibus
1461 1562 1502 1644 179

107 1639 366 1693 Oppianicus
394 1638 619 1678 damnatus
647 1637 715 1689 sit,
740 1638 788 1676 ut
815 1639 857 1677 et
884 1636 1172 1677 constantiam
1199 1635 1250 1676 A.
1271 1634 1442 1676 Cluenti

106 1701 149 1739 et
185 1698 396 1738 rationem
434 1695 716 1737 accusationis
748 1695 987 1749 perspicere
1018 1694 1206 1749 possitis
1267 1693 1331 1735 Ac
1362 1694 1445 1747 pri—

106 1771 224 1798 mum
267 1770 394 1797 causa
432 1753 657 1796 accusandi
696 1767 802 1807 quae
839 1753 985 1806 fuerit,
1032 1753 1272 1807 ostendam,
1315 1755 1363 1793 ut
1401 1752 1445 1793 id

106 1815 248 1869 ipsum
279 1815 330 1855 A.
357 1813 601 1855 Cluentium
627 1812 668 1852 vi
701 1826 749 1853 30
779 1812 1035 1853 necessitate
1067 1814 1261 1853 coactum
1292 1811 1443 1852 fecisse

56 1885 90 1911 30
107 1873 302 1914 videatis.
380 1872 486 1914 Cum
544 1870 774 1912 manifesto
824 1885 1033 1911 venenum
1083 1870 1442 1924 deprehendisset,
1470 1880 1513 1910 20

109 1932 221 1986 quod
251 1932 317 1973 vir
348 1931 500 1972 matris
533 1929 793 1984 Oppianicus
826 1929 863 1969 ei
893 1929 1153 1983 paravisset,
1185 1931 1228 1969 et
1259 1943 1326 1969 res
1358 1942 1445 1969 non

108 1991 367 2044 coniectura,
403 1989 475 2030 sed
508 1989 642 2030 oculis
675 2002 723 2029 30
756 1987 952 2028 manibus
984 1990 1201 2028 teneretur
1230 2001 1368 2040 neque
1400 1987 1446 2026 in

108 2063 235 2090 causa
260 2049 351 2089 ulla
377 2048 590 2089 dubitatio
611 2049 758 2101 posset
777 2060 880 2098 esse,
908 2046 1124 2088 accusavit
1142 2045 1444 2099 Oppianicum3

109 2121 236 2161 quam
282 2109 528 2148 constanter
565 2108 608 2147 et
646 2119 774 2159 quam
812 2104 1056 2160 diligenter,
1101 2106 1251 2158 postea
1289 2103 1443 2155 dicam3

55 2176 89 2201 35
111 2179 222 2206 nunc
246 2164 327 2206 hoc
354 2165 460 2206 scire
486 2179 562 2206 vos
589 2164 716 2216 volui,
747 2163 911 2204 nullam
936 2163 1035 2205 huic
1062 2163 1191 2204 aliam
1217 2161 1443 2202 accusandi

109 2237 282 2265 causam
313 2223 457 2273 fuisse,
488 2223 573 2264 nisi
604 2222 669 2263 uti
699 2222 967 2276 propositum
994 2222 1108 2263 vitae
1140 2220 1375 2274 periculum
1401 2222 1446 2260 et

109 2281 344 2323 cotidianas
394 2281 545 2336 capitis
595 2280 774 2322 insidias
817 2280 897 2322 hac
940 2295 1024 2321 una
1067 2280 1232 2321 ratione
1276 2279 1445 2319 vitaret.
