1687 2533
518 64 617 102 CAP.
645 69 781 100 16—19
808 68 827 108 s
854 67 1004 101 38-44.
1356 65 1444 108 405

100 164 161 205 At
179 163 296 205 istud
317 162 512 205 columen
533 161 817 204 accusationis
837 163 951 215 tuae,
969 160 1256 213 Mithridates,
1276 163 1443 215 postea-

101 237 228 277 quam
273 221 449 263 biduum
492 223 685 262 retentus
726 219 851 261 testis
895 234 920 261 a
960 219 1085 261 nobis
1124 219 1290 273 effudit,
1335 234 1442 274 quae

99 280 247 334 voluit,
273 280 428 334 omnia,
453 294 692 335 reprensus,
717 278 935 321 convictus
959 277 1208 333 fractusque
1228 277 1443 333 discessit3

101 340 296 381 ambulat
333 353 428 381 eum
471 339 621 392 lorica;
657 337 812 379 metuit
842 337 971 379 homo
1004 336 1153 379 doctus
1186 339 1228 378 et
1260 338 1442 392 sapiens,

65 410 81 436 5
100 414 152 439 ne
177 398 225 441 L.
244 397 420 440 Flaccus
453 411 564 439 nunc
596 411 640 438 se
673 397 832 438 scelere
859 396 1022 450 alliget,
1053 411 1149 438 cum
1174 396 1261 437 iam
1285 398 1442 437 testem

100 457 224 499 illum
263 457 447 512 effugere
484 470 572 498 non
601 455 757 510 possit,
795 458 855 509 et,
894 455 967 510 qui
998 457 1097 496 ante
1129 453 1290 496 dictum
1321 454 1442 496 testi-

101 516 291 558 monium
330 515 412 557 sibi
450 514 717 569 temperarit,
755 529 851 556 cum
888 516 1034 555 tamen
1071 513 1235 568 aliquid
1273 513 1443 567 assequi

100 580 257 629 posset,
291 574 328 615 is
359 588 472 615 nunc
502 574 546 615 id
578 575 693 629 agat,
724 575 773 614 ut
805 573 858 614 ad
888 572 1048 614 falsum
1081 572 1288 614 avaritiae
1320 572 1442 613 testi-

101 633 294 675 monium
324 647 472 674 verum
503 632 700 673 maleficii
733 632 894 674 crimen
926 631 1142 686 adiungat.
1182 630 1276 684 Sed,
1309 646 1440 685 quon-

52 704 83 730 10
101 692 188 733 iam
215 692 265 733 de
290 692 371 734 hoc
395 693 506 733 teste
530 693 709 745 totoque
729 690 1022 732 Mithridatico
1044 690 1219 731 crimine
1240 689 1442 732 disseruit

104 751 319 793 subtiliter
345 753 389 792 et
413 749 582 805 copiose
611 748 657 798 Q.
678 746 949 803 Hortensius,
973 763 1066 803 nos,
1091 752 1139 790 ut
1163 748 1443 803 instituimus,

102 809 156 852 ad
187 810 353 865 reliqua
383 822 626 864 pergamus.

192 867 332 922 Caput
363 870 429 909 est
460 868 651 909 omnium
684 865 944 909 Graecorum
977 866 1337 919 concitandorum,
1369 866 1442 921 qui
1459 854 1512 936 ξιξ

103 942 199 969 cum
249 926 568 969 accusatoribus
618 925 754 979 sedet,
802 925 1050 967 Heraclides
1094 925 1168 966 ille
1212 925 1443 979 Temnites,

52 998 84 1024 15
104 986 233 1028 homo
277 986 448 1041 ineptus
492 987 534 1027 et
578 985 753 1039 loquaX,
797 984 889 1037 sed,
933 987 982 1025 ut
1026 984 1110 1026 sibi
1153 984 1339 1037 videtur,
1381 984 1444 1025 ita

104 1045 264 1095 doetus,
295 1047 343 1086 ut
374 1044 502 1086 etiam
529 1044 786 1099 magistrum
811 1043 986 1084 illorum
1014 1057 1058 1084 se
1085 1057 1176 1084 esse
1203 1043 1327 1085 dicat.
1371 1042 1444 1096 At,

104 1104 177 1158 qui
212 1103 276 1145 ita
315 1103 372 1144 sit
410 1102 684 1156 ambitiosus,
721 1106 768 1144 ut
807 1102 943 1143 omnis
975 1116 1052 1144 vos
1088 1116 1251 1156 nosque
1289 1101 1444 1143 cotidie

103 1162 352 1217 persalutet,
384 1161 536 1203 Temni
566 1176 700 1216 usque
734 1161 787 1202 ad
818 1161 941 1202 illam
968 1163 1151 1202 aetatem
1177 1161 1222 1202 in
1248 1162 1444 1201 senatum

104 1221 247 1263 venire
277 1235 364 1262 non
394 1219 537 1275 potuit
568 1223 622 1274 et,
655 1220 728 1275 qui
760 1235 804 1261 se
832 1222 969 1261 artem
996 1219 1160 1261 dicendi
1185 1219 1445 1260 traditurum

53 1292 86 1317 20
106 1281 235 1321 etiam
279 1280 431 1321 ceteris
474 1279 745 1334 profiteatur,
795 1279 886 1331 ipse
930 1278 1124 1320 omnibus
1169 1278 1444 1332 turpissumis

105 1338 273 1379 iudiciis
314 1338 452 1380 victus
492 1340 568 1379 est.
630 1337 730 1378 Pari
767 1337 973 1378 felicitate
1012 1337 1179 1392 legatus
1210 1351 1296 1377 una
1327 1335 1445 1377 venit
1470 1347 1514 1377 43

106 1396 379 1450 Nicomedes,
418 1396 489 1450 qui
526 1410 603 1438 nec
640 1396 685 1436 in
724 1398 919 1436 senatum
956 1395 1046 1436 ulla
1078 1395 1323 1436 condicione
1354 1408 1446 1448 per-

107 1455 251 1496 venire
277 1455 418 1508 potuit
444 1456 487 1495 et
512 1453 618 1495 furti
645 1456 688 1495 et
713 1468 790 1508 pro
818 1454 933 1495 socio
961 1454 1188 1494 damnatus
1215 1455 1292 1494 est.
1332 1451 1446 1494 Nam

107 1514 305 1568 princeps
331 1512 574 1568 legationis,
597 1512 795 1566 Lysania,
827 1513 1005 1567 adeptus
1033 1514 1098 1553 est
1118 1512 1309 1553 ordinem
1330 1525 1447 1553 sena-

57 1583 90 1609 25
110 1571 280 1624 torium,
311 1572 385 1613 sed
417 1586 512 1613 cum
542 1585 633 1612 rem
658 1570 875 1624 publicam
899 1570 1079 1612 nimium
1106 1571 1447 1625 amplecteretur,

111 1631 331 1686 peculatus
382 1629 608 1671 damnatus
658 1632 701 1671 et
744 1630 857 1671 bona
900 1633 943 1671 et
985 1630 1249 1671 senatorium
1291 1643 1448 1670 nomen

111 1689 266 1731 amisit.
333 1688 392 1729 Hi
437 1692 524 1730 tres
569 1689 700 1729 etiam
739 1688 892 1729 aerarii
927 1688 1068 1729 nostri
1103 1688 1275 1729 tabulas
1312 1687 1447 1728 falsas

111 1762 202 1789 esse
245 1747 491 1801 voluerunt3
531 1761 633 1788 nam
671 1761 818 1788 servos
854 1761 1008 1788 novem
1046 1761 1090 1788 se
1128 1747 1311 1801 professi
1348 1748 1449 1787 sunt

111 1806 288 1859 habere,
326 1820 420 1847 cum
461 1806 633 1847 omnino
665 1805 755 1846 sine
788 1805 942 1847 comite
975 1806 1202 1847 venissent.
1264 1804 1448 1847 Decreto

61 1876 95 1901 30
115 1864 335 1906 scribendo
384 1864 571 1919 primum
618 1863 741 1905 video
793 1863 979 1905 adfuisse
1027 1863 1274 1918 Lysaniam,
1330 1864 1450 1904 euius

113 1922 260 1964 fratris
308 1922 439 1976 bona,
490 1922 603 1977 quod
653 1922 811 1977 populo
859 1936 946 1964 non
989 1923 1203 1976 solvebat,
1252 1923 1451 1977 praetore

114 1980 266 2022 Flacco
310 1981 480 2035 publice
524 1981 759 2022 venierunt.
830 1980 1059 2023 Praeterea
1101 1981 1328 2036 Philippus
1373 1982 1452 2032 est,

114 2038 328 2092 Lysaniae
355 2053 497 2095 gener,
523 2042 565 2080 et
589 2038 863 2092 Hermobius,
889 2039 1007 2082 cuius
1033 2040 1168 2081 frater
1187 2039 1322 2080 Pollis
1347 2038 1451 2078 item

115 2097 319 2151 pecuniae
349 2098 544 2152 publicae
575 2100 641 2139 est
672 2098 989 2140 condemnatus.
1031 2098 1194 2141 Dicunt
1223 2111 1269 2138 se
1299 2095 1451 2138 Flacco
1469 2096 1522 2137 19

64 2166 99 2192 35
120 2159 163 2197 et
186 2156 252 2208 iis,
279 2156 350 2209 qui
377 2156 505 2197 simul
531 2159 684 2209 essent,
716 2156 1012 2198 drachmarum
1039 2169 1102 2199 XV
1127 2156 1249 2198 milia
1274 2154 1452 2196 dedisse.

120 2212 228 2255 Cum
260 2213 432 2255 civitate
464 2214 570 2256 mihi
595 2228 663 2256 res
691 2217 756 2255 est
781 2215 988 2257 acerrima
1013 2218 1057 2257 et
1081 2213 1455 2257 conficientissima
1479 2212 1532 2252 44⁷

119 2272 381 2326 litterarum,
418 2272 464 2313 in
500 2287 584 2327 qua
614 2287 814 2314 nummus
846 2275 1103 2315 commoveri
1134 2272 1281 2314 nullus
1310 2273 1456 2327 potest
