1619 2542
512 582 574 642 M.
615 595 803 642 Γ11111111
841 594 1166 643 CICERONIS

323 700 464 747 PRO
503 701 558 747 A.
611 700 1004 747 eLUENTio
1055 700 1352 747 HABITO

471 808 721 864 ORATIO
772 809 866 863 AD
916 808 1211 864 IUDICES.

644 1005 1032 1044 ARGUMENTUM.

262 1083 304 1117 A.
339 1081 529 1117 Cluentius
561 1081 719 1116 Habitus
752 1093 771 1116 e
802 1081 1003 1126 municipio
1035 1081 1200 1116 Larinati
1235 1093 1317 1116 cum
1343 1082 1446 1117 Sulla
1470 1085 1509 1117 et

168 1129 345 1174 Pompeio
381 1140 460 1164 coss
505 1139 536 1162 a.
562 1139 597 1172 p.
625 1139 657 1162 u.
686 1140 714 1162 c.
743 1132 809 1163 667
849 1130 1014 1163 mortuus
1053 1131 1167 1172 esset,
1204 1128 1358 1173 reliquit
1391 1129 1508 1164 filium

168 1177 210 1211 A.
245 1176 454 1211 Cluentium
485 1175 663 1209 Habitum
703 1185 818 1209 annos
850 1188 896 1209 xv
926 1176 1072 1218 natum,
1106 1176 1285 1220 grandem
1316 1177 1440 1211 autem
1471 1178 1509 1210 et

168 1223 335 1257 nubilem
359 1222 485 1265 filiam,
513 1232 607 1265 quae
632 1221 742 1266 paulo
767 1223 853 1265 post
877 1221 1004 1266 nupsit
1028 1221 1071 1256 A.
1097 1222 1210 1257 Aurio
1236 1222 1384 1257 Melino.
1436 1222 1508 1257 Sed

170 1282 253 1304 cum
279 1281 355 1304 rem
382 1281 464 1303 cum
490 1279 626 1313 genero
653 1279 717 1302 suo
745 1279 871 1302 socrus
898 1268 1032 1311 Sassia,
1059 1271 1177 1303 mater
1202 1269 1244 1304 A.
1267 1268 1413 1304 Cluenti
1433 1269 1507 1304 Ha-

169 1317 258 1360 biti,
293 1317 430 1350 habere
462 1316 667 1359 videretur,
700 1315 871 1349 discessit
896 1326 918 1349 a
942 1315 1079 1350 Melino
1107 1315 1287 1358 Cluentia,
1320 1319 1357 1350 et
1383 1327 1507 1351 socrus

170 1374 306 1408 genero
332 1362 461 1407 nupsit
485 1362 636 1396 biennio
662 1364 747 1406 post
770 1362 918 1406 nuptias
944 1361 1054 1396 filiae.
1093 1362 1178 1397 Non
1204 1362 1267 1397 diu
1286 1362 1357 1396 fuit
1384 1362 1509 1397 Sassia

171 1422 253 1444 cum
279 1410 426 1445 Melino
477 1409 545 1443 Ille
578 1409 676 1443 enim
702 1420 785 1442 cum
811 1409 1083 1443 accusationem
1108 1409 1147 1443 in
1173 1409 1333 1444 Statium
1358 1409 1508 1443 Albium

172 1457 417 1502 Oppianicum
441 1457 607 1501 pararet,
635 1456 697 1499 qui
723 1456 800 1489 eius
826 1455 1072 1499 propinquum
1099 1456 1277 1491 occidisse
1304 1455 1506 1499 dicebatur,

170 1506 319 1538 auctore
347 1503 564 1548 Oppianico,
591 1503 655 1546 qui
679 1502 718 1535 in
744 1503 864 1536 castra
883 1502 923 1543 Q.
939 1502 1082 1536 Metelli
1107 1503 1255 1547 fugeiat
1280 1504 1318 1538 et
1337 1502 1507 1538 Sullanas

170 1552 295 1603 partes
322 1552 468 1584 secutus
496 1551 585 1593 erat,
613 1550 840 1594 proscriptus
868 1551 905 1583 et
931 1549 1072 1584 occisus
1099 1552 1165 1586 est.
1203 1550 1237 1584 Is
1263 1550 1341 1594 ipse
1371 1549 1505 1594 Oppia-

170 1610 294 1641 nicus,
329 1598 391 1641 qui
423 1578 623 1631 sustulerat
657 1596 733 1630 eius
758 1597 949 1638 maritum,
983 1595 1143 1631 Sassiam
1168 1596 1206 1630 in
1232 1597 1509 1631 matrimonium

171 1645 286 1678 duxit.
338 1645 427 1678 Cum
459 1643 585 1677 multis
618 1642 663 1677 de
698 1642 818 1677 causis
844 1643 886 1676 A
915 1623 1123 1677 Cluentium
1147 1643 1327 1678 Habitum
1350 1643 1448 1678 inter
1472 1645 1510 1677 et

170 1693 328 1725 matrem
355 1690 517 1724 Sassiam
550 1691 701 1733 eiusque
732 1690 907 1723 maritum
933 1690 1179 1734 Oppianicum
1213 1689 1430 1724 inimicitiae
1455 1689 1508 1723 in·

172 1738 412 1779 tercederent,
441 1747 523 1781 spes
545 1738 668 1771 autem
689 1738 796 1780 esset,
824 1736 855 1769 si
875 1737 1053 1771 intestato
1074 1738 1239 1771 mortuus
1260 1737 1358 1770 esset
1377 1736 1507 1771 Cluen-

172 1784 263 1827 tius,
295 1784 468 1818 heredem
500 1784 578 1818 fore
604 1784 779 1826 matrem,
813 1784 1022 1817 statuerunt
1047 1784 1125 1817 eius
1150 1784 1269 1817 mater
1294 1783 1332 1817 et
1356 1783 1507 1817 vitricus

174 1842 258 1865 eum
282 1841 424 1864 veneno
451 1830 593 1864 tollere.
631 1829 735 1871 Quod
762 1840 842 1863 cum
870 1830 994 1865 conati
1014 1831 1137 1865 essent
1155 1830 1274 1863 facere
1294 1839 1362 1863 nec
1382 1830 1508 1863 tamen

173 1888 251 1911 rem
276 1876 533 1921 perfecissent,
561 1877 736 1910 damnato
762 1877 922 1920 primum
948 1876 1189 1919 Scamandro,
1216 1875 1350 1910 liberto
1376 1875 1414 1910 L.
1441 1876 1508 1910 Fa·

173 1923 278 1967 brici,
305 1923 437 1957 deinde
462 1922 501 1958 L.
526 1923 693 1957 Fabricio
719 1923 812 1967 ipso,
839 1924 902 1966 qui
927 1923 1076 1957 auctore
1097 1922 1301 1967 Oppianico
1328 1933 1509 1957 venenum

175 1969 344 2005 Cluentio
378 1970 465 2003 dare
498 1969 622 2004 conati
657 1971 777 2012 erant,
815 1969 1058 2014 Oppianicum
1090 1968 1210 2013 ipsum
1244 1969 1432 2004 Cluentius
1461 1969 1507 2005 de

174 2017 349 2052 veneficio
377 2016 568 2050 accusavit
592 2017 630 2050 et
649 2017 918 2051 condemnavit.
957 2015 1034 2050 Nec
1052 2017 1178 2049 tamen
1197 2015 1291 2049 illud
1317 2016 1507 2060 iudicium,

175 2075 247 2108 quo
274 2062 498 2108 Oppianicus
525 2064 605 2096 erat
629 2063 908 2106 condemnatus,
944 2061 1152 2106 suspicione
1179 2062 1424 2107 corruptionis
1450 2073 1509 2098 ca-

174 2111 261 2145 ruit.
312 2109 411 2151 Quae
444 2109 604 2153 suspicio
640 2120 863 2153 quamquam
894 2119 936 2143 eo
968 2109 1163 2143 videbatur
1187 2110 1366 2143 removeri
1392 2109 1439 2144 ab
1465 2111 1507 2144 A.

177 2157 356 2200 Cluentio,
383 2156 482 2199 quod
509 2156 544 2189 C.
572 2155 698 2189 Aelius
725 2155 895 2190 Staienus
920 2155 1031 2189 iudex
1056 2155 1102 2189 ab
1129 2155 1333 2200 Oppianico
1359 2167 1508 2200 accepe-

176 2206 236 2238 rat
267 2202 463 2248 pecuniam
492 2201 677 2237 iudicibus
709 2201 1016 2244 distribuendam,
1052 2201 1117 2236 sed
1149 2213 1231 2236 cum
1261 2203 1388 2247 paucis
1413 2202 1508 2236 iudi-

177 2251 290 2293 cibus,
316 2250 446 2292 Bulbo,
473 2249 597 2291 Gutta,
624 2248 768 2292 Popilio
789 2248 956 2292 aliisque,
982 2247 1238 2292 interceperat,
1265 2260 1336 2293 quo
1356 2248 1508 2284 crimine

175 2299 308 2342 postea
345 2295 457 2331 etiam
492 2295 729 2330 condemnati
761 2297 862 2338 sunt,
900 2296 1025 2329 tamen
1049 2295 1088 2329 L.
1117 2294 1307 2337 Quinctius
1338 2296 1506 2330 tribunus
