1687 2533
146 243 189 274 30

215 77 302 119 350
610 76 703 112 PRO
729 77 769 112 P.
797 76 952 111 SULLA
979 77 1170 112 ORATIO.

217 174 473 216 sceleratum
510 174 713 228 repressi,
752 173 825 214 sed
865 187 914 215 eo
948 173 1077 215 etiam
1109 173 1266 229 magis,
1307 174 1420 230 quod
1449 175 1559 218 nihil

215 233 301 274 iam
340 248 384 274 se
425 233 564 274 simile
597 247 664 274 me
696 233 793 274 vivo
827 232 972 273 conari
1003 246 1130 287 posse
1162 233 1439 275 arbitrantur.
1499 234 1560 276 At

216 306 316 333 vero
350 291 451 346 quid
484 306 563 347 ego
597 291 738 344 mirer,
771 290 808 331 si
840 290 940 344 quid
973 291 1026 332 ab
1059 291 1268 345 improbis
1301 292 1351 333 de
1384 307 1451 334 me
1482 292 1560 335 im-

215 353 348 404 probe
389 350 560 403 dicitur,
601 365 697 391 cum
728 348 774 390 L.
806 349 1050 404 Torquatus
1087 350 1274 404 primum
1311 350 1379 392 his
1410 350 1559 393 funda-

216 409 372 450 mentis
404 410 496 464 ipse
530 408 843 449 adulescentiae
875 409 1012 463 iactis,
1044 423 1094 449 ea
1120 423 1194 463 spe
1218 409 1444 464 proposita
1470 425 1556 452 am-
1576 421 1594 448 5

216 468 439 522 plissimae
484 467 728 522 dignitatis,
780 467 928 508 deinde
971 466 1018 509 L.
1061 467 1289 523 Torquati,
1331 468 1559 510 fortissimi

218 527 419 576 consulis,
452 526 792 567 constantissimi
818 526 1042 580 senatoris,
1069 541 1237 580 semper
1263 527 1417 582 optimi
1442 527 1560 581 civis,

215 585 349 635 filius,
399 585 615 626 interdum
665 585 867 626 efferatur
915 585 1255 627 inmoderatione
1300 586 1558 628 verborum?

216 643 297 692 Qui
341 659 436 685 cum
481 658 711 699 suppressa
753 658 856 685 voce
897 643 948 685 de
991 644 1150 685 scelere
1187 643 1232 686 P.
1274 643 1465 699 Lentuli,
1508 645 1558 686 de

216 703 393 744 audacia
424 703 746 744 coniuratorum
779 702 970 744 omnium
1003 702 1198 757 dixisset,
1229 705 1399 745 tantum
1430 704 1557 745 modo
1579 716 1612 741 10

215 765 263 802 ut
289 777 378 814 vos,
411 762 483 816 qui
509 776 559 803 ea
582 761 792 817 probatis,
819 761 1017 802 exaudire
1042 762 1242 817 possetis,
1270 762 1320 803 de
1346 762 1556 818 supplicio

217 820 311 873 [,de
350 820 549 872 Lentulo]
560 854 571 874 ,
609 820 660 861 de
698 834 864 862 carcere
896 834 1054 875 magna
1085 822 1128 861 et
1161 821 1426 875 queribunda
1456 836 1558 863 voce

218 879 398 921 dicebat.
459 878 510 920 In
549 893 630 933 quo
662 879 848 933 primum
880 879 989 920 illud
1020 882 1112 920 erat
1145 879 1396 934 absurdum,
1434 879 1558 935 quod,

217 953 313 980 cum
352 953 419 991 ea,
458 952 565 993 quae
597 938 750 978 leviter
783 938 967 991 dixerat,
1003 937 1125 979 vobis
1157 938 1340 992 probare
1371 939 1558 993 volebat,

217 1012 289 1038 eos
322 999 486 1050 autem,
519 996 592 1050 qui
623 996 782 1037 circum
813 996 1015 1037 iudicium
1049 997 1237 1050 stabant,
1270 997 1416 1039 audire
1441 997 1555 1039 nole·
1577 1008 1609 1034 15

216 1056 305 1109 bat,
335 1070 422 1096 non
453 1055 735 1109 intellegebat
767 1069 834 1107 ea,
866 1069 974 1108 quae
1007 1055 1121 1097 clare
1154 1055 1331 1110 diceret,
1362 1056 1425 1098 ita
1456 1056 1557 1098 illos

216 1114 455 1167 audituros,
488 1113 642 1168 quibus
675 1128 719 1154 se
751 1114 1019 1166 venditabat,
1051 1116 1099 1155 ut
1130 1128 1207 1155 vos
1240 1129 1408 1169 quoque
1440 1115 1557 1156 audi-

216 1173 341 1226 retis,
386 1172 459 1226 qui
502 1172 542 1213 id
587 1186 674 1213 non
710 1173 974 1227 probabatis.
1044 1172 1207 1214 Deinde
1247 1173 1431 1214 alterum
1470 1173 1558 1215 iam

217 1231 402 1273 oratoris
422 1231 576 1272 vitium
596 1245 683 1272 non
701 1231 857 1285 videre,
878 1231 979 1285 quid
1001 1246 1191 1286 quaeque
1212 1245 1339 1272 causa
1352 1232 1556 1287 postulet.

216 1290 338 1331 Nihil
382 1292 446 1331 est
479 1290 591 1331 enim
623 1292 713 1331 tam
746 1290 928 1331 alienum
962 1290 1014 1331 ab
1048 1304 1115 1340 eo,
1153 1290 1224 1344 qui
1250 1290 1432 1332 alterum
1464 1305 1558 1332 con·
1578 1303 1613 1328 20

216 1349 441 1391 iurationis
475 1351 661 1403 accuset,
700 1364 827 1403 quam
860 1348 994 1390 videri
1026 1348 1343 1390 coniuratorum
1376 1363 1559 1404 poenam

217 1410 484 1462 mortemque
529 1408 688 1463 lugere.
744 1406 866 1456 Quod
909 1422 1004 1449 cum
1041 1407 1078 1448 is
1116 1407 1312 1449 tribunus
1349 1409 1405 1462 pl.
1444 1407 1559 1459 facit,

219 1467 292 1522 qui
341 1481 448 1508 unus
499 1466 670 1508 videtur
720 1480 770 1507 ex
819 1466 906 1507 illis
957 1466 1010 1507 ad
1059 1466 1266 1521 lugendos
1311 1467 1558 1508 coniuratos

218 1526 412 1577 relictus,
450 1526 611 1566 nemini
644 1525 799 1566 mirum
833 1528 917 1577 est3
955 1524 1129 1565 difficile
1163 1528 1228 1565 est
1260 1524 1557 1578 enimtacere,

218 1599 314 1626 cum
352 1584 514 1637 doleas,
552 1586 613 1636 te,
651 1583 688 1625 si
727 1583 827 1638 quid
865 1583 953 1624 eius
993 1583 1108 1624 modi
1146 1583 1269 1637 facis,
1306 1597 1394 1625 non
1430 1584 1556 1625 modo
1577 1594 1608 1620 2‘

217 1644 351 1684 talem
384 1642 717 1696 adulescentem,
755 1642 829 1683 sed
859 1642 904 1683 in
936 1657 986 1683 ea
1017 1657 1162 1695 causa,
1204 1642 1249 1683 in
1280 1657 1363 1696 qua
1393 1644 1437 1683 te
1468 1643 1557 1684 vin-

220 1701 355 1742 dicem
397 1701 703 1742 coniurationis
745 1701 851 1742 velis
892 1715 1002 1755 esse,
1045 1700 1321 1742 vehementer
1359 1700 1557 1742 admiror.

149 1770 192 1801 32
221 1759 303 1801 Sed
328 1759 591 1813 reprehendo
618 1762 764 1801 tamen
788 1759 896 1800 illud
923 1759 1116 1813 maxime,
1143 1759 1255 1813 quod
1279 1759 1363 1800 isto
1384 1758 1556 1812 ingenio

219 1821 262 1859 et
293 1818 520 1873 prudentia
551 1818 770 1872 praeditus
802 1832 974 1859 causam
1005 1818 1067 1859 rei
1092 1817 1288 1872 publicae
1312 1831 1399 1858 non
1423 1819 1557 1871 tenes,

220 1878 293 1931 qui
318 1876 527 1917 arbitrere
554 1877 669 1930 plebi
688 1876 908 1918 Romanae
934 1891 1000 1917 res
1028 1890 1099 1917 eas
1123 1890 1211 1917 non
1235 1875 1422 1930 probari,
1449 1890 1554 1930 quas
1575 1888 1609 1913 30

219 1950 286 1976 me
313 1934 486 1976 consule
513 1949 657 1976 omnes
683 1935 785 1976 boni
810 1950 887 1990 pro
915 1935 1054 1976 salute
1080 1933 1295 1975 communi
1320 1937 1556 1988 gesserunt.

152 1994 409 2048 llEcquem
440 1996 488 2033 tu
520 1992 684 2047 horum,
717 1993 789 2048 qui
815 1994 981 2047 adsunt,
1012 1992 1165 2046 quibus
1197 1994 1240 2033 te
1271 1995 1421 2034 contra
1445 1993 1557 2048 ipso-

218 2068 313 2094 rum
345 2053 611 2093 voluntatem
642 2052 913 2106 venditabas,
956 2054 1030 2092 aut
1060 2053 1150 2091 tam
1183 2050 1438 2093 sceleratum
1470 2054 1556 2093 sta-

218 2113 304 2153 tuis
342 2111 491 2163 fuisse,
529 2112 577 2150 ut
614 2109 719 2151 haec
757 2111 900 2151 omnia
936 2109 1075 2165 perire
1112 2109 1314 2162 voluerit,
1352 2112 1427 2151 aut
1464 2112 1555 2150 tam

220 2171 440 2219 miserum,
484 2170 532 2208 ut
576 2169 619 2208 et
663 2182 707 2208 se
752 2170 889 2222 perire
927 2170 1098 2222 cuperet
1135 2170 1178 2208 et
1213 2167 1323 2208 nihil
1364 2168 1554 2223 haberet,
1573 2178 1607 2204 35

219 2229 330 2283 quod
363 2228 529 2269 salvum
562 2240 653 2267 esse
679 2227 838 2268 vellet?
883 2226 952 2268 An
977 2240 1074 2267 vero
1107 2225 1392 2267 clarissimum
1418 2226 1554 2268 virum

219 2287 386 2343 generis
412 2284 545 2328 vestri
571 2299 619 2326 ae
644 2285 827 2326 nominis
855 2299 979 2327 nemo
1005 2284 1288 2339 reprehendit,
1322 2285 1394 2339 qui
1418 2285 1555 2326 filium
