1619 2542
526 79 626 115 CAP.
653 84 745 115 2-6
771 83 790 122 g
817 83 943 116 3-13,
1352 79 1405 120 21

63 177 288 232 poscendis
319 177 505 218 testibus
538 191 665 231 quam
698 175 829 217 ceteri
867 175 1110 218 defensores
1147 176 1192 217 in
1223 176 1408 217 refutan-

64 235 140 277 dis.
191 235 423 277 Audaciter
447 235 529 277 hoc
556 235 661 287 dico,
687 234 866 289 iudices,
890 249 978 276 non
1003 237 1164 276 temere
1191 235 1408 277 confirmo.

63 294 239 336 Referta
266 294 411 336 Gallia
441 294 763 349 negotiatorum
796 296 874 346 est,
905 293 1034 347 plena
1067 293 1223 335 civium
1254 293 1409 335 Roma·

63 367 228 395 norum.
283 352 420 394 Nemo
454 351 677 394 Gallorum
709 352 800 394 sine
833 351 923 394 cive
952 352 1146 394 Romano
1181 352 1410 407 quicquam

29 412 228 468 5negotii
267 412 397 467 gerit,
437 425 637 452 nummus
675 411 720 452 in
762 410 905 453 Gallia
939 411 1085 453 nullus
1123 411 1214 452 sine
1253 411 1410 453 civium

65 470 358 512 Romanorum
403 470 567 511 tabulis
612 475 917 511 commovetur.
992 471 1050 523 [2]
1102 469 1276 524 Videte,
1326 484 1408 524 quo
1438 481 1480 513 12

66 529 334 581 descendam,
373 528 551 579 iudices,
584 543 711 583 quam
750 529 878 584 longe
918 528 1066 570 videar
1097 529 1151 570 ab
1189 532 1410 571 consuetu-

65 587 161 629 dine
199 602 294 629 mea
332 590 375 630 et
414 587 612 630 cautione
650 602 698 629 ac
737 587 962 642 diligentia
1001 587 1225 629 discedere.
1291 587 1410 630 Unae

64 646 239 688 tabulae
277 646 571 700 proferantur,
606 646 652 687 in
685 646 838 700 quibus
871 646 1104 702 vestigium
1136 647 1192 688 sit
1224 646 1412 701 aliquod,

11 716 47 741 10
66 706 177 759 quod
210 705 423 761 significet
449 705 675 761 pecuniam
705 705 768 746 M.
794 704 973 746 Fonteio
1008 705 1165 759 datam,
1196 720 1329 747 unum
1360 720 1411 747 ex

65 766 188 805 tanto
214 764 560 820 negotiatorum,
590 764 860 817 colonorum,
891 763 1237 818 publicanorum,
1270 766 1410 806 arato-

65 838 175 875 rum,
206 823 503 878 pecuariorum
535 837 712 864 numero
745 825 901 864 testem
929 822 1182 876 p1·0ducant;
1215 837 1313 864 vere
1345 838 1411 865 ac-

66 884 259 923 cusatum
304 896 396 923 esse
440 882 680 924 concedam.
752 881 837 922 Pro
883 881 925 922 di
968 881 1253 923 immortales!
1304 897 1411 936 quae

64 940 170 982 haec
214 943 280 982 est
324 955 470 994 causa,
513 955 621 995 quae
667 939 887 981 defensio?
949 940 1201 982 Provinciae
1246 940 1411 982 Galliae

13 1009 46 1035 15
66 999 122 1041 M.
158 998 362 1041 Fonteius
400 999 606 1054 praefuit,
645 1013 753 1054 quae
796 1001 967 1040 constat
1004 1013 1054 1040 ex
1091 998 1144 1040 iis
1184 1000 1410 1054 generibus

65 1058 288 1099 hominum
321 1060 365 1100 et
390 1058 627 1112 civitatum,
660 1058 744 1112 qui,
775 1060 825 1099 ut
856 1060 1003 1099 vetera
1036 1058 1219 1112 mittam,
1252 1059 1411 1113 partim

66 1119 216 1159 nostra
248 1118 456 1158 memoria
486 1117 603 1159 bella
634 1131 730 1159 cum
762 1116 923 1172 populo
949 1116 1144 1158 Romano
1178 1118 1332 1158 acerba
1363 1131 1412 1159 ac

69 1175 270 1217 diuturna
302 1179 538 1231 gesserunt,
569 1177 730 1230 partim
756 1176 882 1217 modo
917 1175 969 1216 ab
996 1175 1157 1217 nostris
1183 1176 1412 1231 imperato—

67 1234 185 1276 ribus
219 1235 396 1288 subacti,
428 1235 554 1276 modo
587 1235 702 1275 bello
736 1234 906 1287 domiti,
938 1234 1064 1275 modo
1098 1234 1331 1288 triumphis
1364 1249 1412 1276 ac

15 1303 50 1328 20
68 1294 357 1334 monumentis
389 1293 543 1347 notati,
575 1294 701 1335 modo
735 1294 789 1334 ab
823 1295 974 1334 senatu
1001 1293 1117 1348 agris
1149 1293 1412 1347 urbibusque

70 1352 241 1393 multati
267 1354 379 1406 sunt,
410 1352 569 1405 partim
602 1352 675 1407 qui
704 1367 798 1393 cum
830 1352 924 1406 ipso
957 1351 1012 1393 M.
1039 1351 1217 1393 Fonteio
1249 1351 1408 1393 ferrum

69 1425 116 1451 ac
148 1425 300 1452 manus
327 1411 601 1452 contulerunt
626 1411 848 1464 multoque
881 1410 970 1451 eius
1003 1410 1156 1452 sudore
1190 1424 1239 1452 ao
1264 1410 1411 1451 labore

69 1468 148 1509 sub
181 1469 329 1523 populi
361 1469 544 1510 Romani
575 1470 801 1522 imperium
836 1469 1127 1522 dicionemque
1160 1468 1411 1510 ceciderunt.

71 1528 127 1579 [3]
169 1527 250 1568 Est
285 1527 331 1568 in
371 1528 518 1568 eadem
555 1528 776 1581 provincia
816 1526 965 1568 Narbo
1007 1527 1211 1580 Martius,
1244 1527 1412 1569 colonia
1440 1539 1479 1570 13

19 1595 52 1622 2⁵
71 1589 318 1627 nostrorum
350 1585 526 1639 civium,
564 1586 737 1640 specula
773 1585 923 1640 populi
953 1584 1139 1626 Romani
1171 1600 1220 1628 ac
1256 1600 1412 1641 propu-

72 1645 302 1699 gnaculum
322 1644 417 1685 istis
443 1644 549 1697 ipsis
575 1644 822 1685 nationibus
844 1644 1089 1698 oppositum
1111 1647 1153 1685 et
1179 1644 1411 1699 obiectum3

70 1705 136 1744 est
166 1703 271 1744 item
308 1703 410 1744 urbs
444 1702 656 1757 Massilia,
689 1703 739 1743 de
773 1717 856 1756 qua
888 1705 986 1744 ante
1017 1703 1120 1755 dixi,
1157 1703 1412 1745 fortissimo-

69 1776 164 1803 rum
195 1761 625 1815 fidelissimorumque
658 1762 887 1814 sociorum,
920 1761 993 1816 qui
1026 1760 1290 1804 Gallicorum
1321 1762 1412 1804 bel-

71 1820 211 1861 lorum
235 1820 426 1875 pericula
446 1821 596 1875 populi
615 1819 738 1861 Rom.
764 1820 897 1873 copiis
927 1822 1053 1874 atque
1078 1821 1281 1875 praemiis
1302 1835 1411 1863 com-

20 1887 54 1914 30
71 1881 322 1933 pensarunt3
355 1882 420 1920 est
450 1882 674 1934 piaeterea
704 1892 904 1920 numerus
939 1879 1093 1920 civium
1119 1879 1411 1921 Romanoium

74 1939 199 1991 atque
239 1937 461 1979 hominum
500 1937 914 1979 honestissimorum.
976 1938 1040 1990 [2]
1090 1937 1201 1980 Huic
1240 1939 1409 1992 piovin-
1437 1939 1463 1979 6

72 1995 172 2048 ciae,
198 2010 304 2050 quae
331 2011 380 2037 ex
404 1997 485 2038 hae
511 2010 714 2052 generum
740 1995 949 2037 varietate
974 1998 1203 2050 constaret,
1228 1996 1284 2037 M.
1305 1996 1338 2037 F
1341 2011 1411 2038 on-

73 2054 196 2106 teius,
227 2057 275 2095 ut
307 2055 404 2108 dixi,
437 2055 640 2109 praefuit,
674 2054 746 2108 qui
778 2057 900 2095 erant
926 2054 1091 2109 hostes,
1122 2055 1305 2110 subegit,
1338 2055 1410 2109 qui

73 2113 264 2166 proxime
296 2113 485 2167 fuerant,
520 2128 592 2155 eos
626 2128 676 2154 ex
706 2113 758 2154 iis
792 2113 927 2168 agris,
965 2113 1119 2167 quibus
1151 2115 1273 2154 erant
1305 2113 1411 2154 mul-

21 2179 53 2206 35
73 2171 167 2223 tati,
199 2171 398 2213 decedere
424 2172 577 2227 coegit,
609 2172 773 2222 ceteris,
805 2172 876 2225 qui
901 2171 1057 2214 idcirco
1090 2171 1258 2226 magnis
1284 2185 1410 2225 saepe

74 2232 195 2270 erant.
220 2229 346 2270 bellis
373 2231 575 2284 superati,
606 2233 655 2272 ut
686 2244 854 2283 semper
878 2230 1036 2284 populo
1063 2229 1257 2271 Romano
1290 2243 1410 2283 pare-

73 2290 179 2342 rent,
212 2301 392 2343 magnos
420 2288 635 2343 equitatus
669 2288 721 2329 ad
748 2302 797 2330 ea
827 2288 954 2342 bella,
986 2303 1092 2343 quae
1118 2291 1210 2329 tum
1241 2288 1285 2328 in
1315 2290 1409 2329 toto
