1619 2542
158 129 184 167 6
535 125 629 161 PRO
655 125 703 160 M.
730 126 904 162 TULLIO
932 125 1122 161 ORATIO.

153 222 286 264 habet
325 223 370 263 in
411 237 516 279 agro
559 222 750 264 Thurino
791 222 848 264 M.
890 221 1057 264 Tullius
1097 225 1340 278 paternum,
1383 238 1498 266 recu-

152 284 383 336 peratores,
415 296 539 336 quem
575 296 619 323 se
645 281 804 323 habere
830 295 966 335 usque
992 296 1041 323 eo
1069 296 1151 323 non
1180 282 1360 324 moleste
1385 283 1496 336 tulit,

153 340 285 382 donec
323 340 508 381 vicinum
548 340 638 381 eius
677 340 792 381 modi
829 343 981 381 nactus
1021 343 1102 393 est,
1145 341 1217 395 qui
1258 341 1352 396 agri
1391 342 1495 383 fines

153 399 285 440 armis
319 398 509 453 proferre
546 399 695 440 mallet
727 413 855 453 quam
888 400 978 440 iure
1011 398 1246 441 defendere.
1307 399 1420 441 Nam
1450 399 1495 441 P.

151 456 310 499 Fabius
341 472 476 512 nuper
509 459 612 499 emit
643 471 795 512 agrum
827 457 877 498 de
904 456 949 498 C.
975 456 1153 500 Claudio
1186 461 1394 513 senatore,
1426 459 1493 500 cui
1513 463 1528 489 5

151 516 282 558 fundo
324 520 417 558 erat
455 516 606 558 adfinis
644 516 701 557 M.
739 516 924 570 Tullius,
966 530 1067 557 sane
1105 531 1282 573 magno,
1321 517 1495 559 dimidio

150 576 239 616 fere
283 575 419 630 pluris
463 575 673 616 incultum
723 575 884 616 exustis
933 574 1049 616 villis
1101 576 1317 630 omnibus,
1367 591 1495 630 quam

152 636 300 688 quanti
332 634 551 689 integrum
583 637 711 688 atque
737 633 1059 675 ornatissimum
1086 634 1318 676 carissimis
1344 635 1493 690 pretiis

150 692 242 747 ipse
274 691 477 734 Claudius
511 726 518 734 .
553 726 560 733 .
593 726 601 734 .

527 750 709 803 [Desunt
736 752 920 793 undecim
950 753 1116 804 versus]

82 823 123 854 15
151 811 261 852 clam
302 810 684 865 circumscripsisse
725 810 799 851 isti
841 825 866 851 a
905 811 1119 852 consulari
1160 810 1411 853 Macedonia
1452 815 1548 854 etio

149 869 264 910 Asia.
308 869 455 910 Etiam
486 869 592 910 illud
625 869 789 923 addam,
822 868 935 923 quod
968 869 1021 910 ad
1052 884 1142 911 rem
1174 870 1379 924 pertinet:
1411 870 1493 912 Im—

148 930 347 982 peratore
374 931 543 969 mortuo
568 929 793 982 pecuniam
818 928 961 970 nescio
989 942 1072 982 quo
1099 928 1225 970 modo
1253 929 1492 984 quaesitam

150 986 246 1027 dum
282 987 376 1028 vult
407 987 451 1027 in
483 987 655 1041 praedio
689 1001 865 1041 ponere,
901 1001 987 1028 non
1018 989 1180 1041 posuit,
1220 987 1292 1029 sed
1324 988 1492 1030 abiecit.

148 1044 270 1086 Nihil
304 1045 441 1087 adhuc
473 1060 515 1086 m
547 1078 556 1086 .
590 1078 598 1086 .
632 1079 640 1086 .

554 1104 734 1158 [Desunt
762 1118 898 1146 versus
929 1105 1089 1156 decem]

150 1196 158 1204 .
192 1196 199 1203 .
233 1177 301 1203 am
328 1162 575 1204 calamitate
601 1163 836 1204 vicinorum
871 1163 1069 1218 corrigit,
1103 1166 1146 1204 et
1185 1164 1296 1218 quod
1334 1167 1491 1206 stoma·
1513 1179 1546 1205 15

81 1197 123 1280 1}
150 1221 276 1262 chum
302 1235 426 1262 suum
459 1221 614 1263 damno
647 1221 762 1262 Tulli
794 1221 964 1276 explere
996 1225 1174 1263 conatus
1207 1225 1283 1264 est.
1334 1222 1416 1264 Est
1446 1223 1492 1265 in

150 1294 199 1322 eo
227 1293 330 1335 agro
358 1280 560 1333 centuria,
592 1294 699 1334 quae
720 1279 957 1334 Populiana
983 1280 1242 1334 nominatur,
1274 1295 1492 1336 recupera-

150 1342 282 1392 tores,
315 1353 422 1393 quae
454 1352 622 1393 semper
654 1338 710 1380 M.
742 1337 857 1379 Tulli
888 1338 990 1392 fuit,
1030 1353 1158 1392 quam
1198 1339 1329 1380 etiam
1367 1344 1491 1394 pater

149 1398 388 1452 possederat
417 1431 424 1439 .
458 1430 468 1439 .
498 1431 506 1438 .

528 1455 707 1508 [Desunt
734 1456 917 1497 medecina
947 1458 1113 1508 versus]

148 1514 291 1569 posita
323 1528 415 1556 esse
450 1518 492 1556 et
518 1515 570 1555 ad
595 1514 775 1556 fundum
801 1515 890 1555 eius
918 1515 1153 1556 convenire.
1204 1516 1268 1557 Ac
1292 1517 1489 1571 primum,
1510 1526 1544 1552 20

150 1573 262 1627 quod
295 1588 388 1615 eum
422 1574 587 1629 negotii
617 1574 753 1615 totius
779 1575 822 1614 et
848 1573 1077 1627 emptionis
1104 1588 1206 1615 suae
1231 1575 1491 1629 paenitebat,

148 1631 325 1672 fundum
357 1632 630 1687 proscripsit3
663 1647 757 1673 eum
791 1635 932 1673 autem
964 1635 1156 1687 emptum
1182 1632 1371 1675 habebat
1396 1648 1491 1676 cum

150 1690 264 1732 socio
298 1689 371 1732 Cn.
405 1691 651 1744 Acerronio,
681 1690 774 1732 viro
808 1692 973 1745 optimo.

523 1750 701 1800 [Desunt
728 1750 914 1791 vndeee'nz
943 1750 1110 1802 versus]

81 1819 124 1851 17
150 1807 324 1848 modum
360 1808 675 1862 proscripsisse.
737 1807 968 1849 Hominem
1006 1808 1210 1863 appellat.
1270 1807 1357 1849 Iste
1389 1822 1490 1849 sane

150 1866 419 1921 adroganter,
453 1867 564 1920 quod
596 1866 868 1908 commodum
899 1866 998 1920 fuit,
1030 1866 1261 1920 respondit.
1323 1865 1489 1921 Neque·
1508 1877 1542 1903 25

150 1925 251 1966 dum
282 1924 386 1965 fines
421 1927 566 1966 auctor
599 1926 977 1967 demonstraverat.
1037 1924 1175 1965 Mittit
1207 1924 1259 1965 ad
1291 1939 1489 1979 procura-

149 1986 287 2025 torem
317 1982 484 2024 litteras
517 1986 560 2024 et
592 1983 644 2024 ad
675 1984 850 2025 vilicum
882 1983 1047 2024 Tullius
1081 2016 1089 2024 .
1121 2015 1130 2023 .
1164 2016 1171 2023 .

550 2041 729 2094 [Desunt
757 2043 887 2084 decem
916 2042 1079 2093 versus]

148 2100 361 2142 facturum
376 2100 568 2155 negavit3
589 2100 677 2141 illis
693 2100 942 2142 absentibus
956 2099 1060 2140 fines
1076 2100 1306 2142 Acerronio
1323 2100 1490 2142 demon·

151 2160 306 2200 stravit
324 2173 458 2212 neque
480 2164 624 2199 tamen
643 2158 753 2200 hanc
767 2158 1002 2200 centuriam
1015 2157 1297 2212 Populianam
1313 2173 1488 2200 vacuam

149 2218 339 2259 tradidit.
373 2217 642 2270 Acerronius,
658 2232 740 2271 quo
761 2217 887 2258 modo
906 2216 1061 2271 potuit,
1076 2230 1120 2257 se
1141 2216 1190 2257 de
1210 2221 1303 2259 tota
1322 2232 1367 2259 re
1382 2232 1431 2258 ex
1451 2251 1459 2259 .
1480 2249 1490 2259 .
1509 2228 1543 2253 3⁰

100 2298 125 2338 3
528 2274 706 2327 [Desunt
733 2276 919 2317 undecim
949 2276 1113 2327 versus]

82 2349 124 2379 18
152 2368 159 2376 .
201 2369 208 2376 .
242 2335 354 2375 mine
387 2335 476 2376 eius
508 2333 624 2375 modi
659 2334 950 2375 semustilatus
984 2333 1144 2389 effugit.
1194 2333 1379 2375 Adducit
1409 2335 1490 2374 iste
