1619 2542
128 224 171 254 41

109 1185 160 1226 19

105 1237 149 1267 42

107 2101 152 2132 43

176 118 233 158 32
537 117 632 153 PRO
658 117 705 152 M.
732 117 946 153 FONTEIO
975 117 1165 154 ORATIO.

265 214 347 266 [31]
380 213 533 256 Videte
565 214 711 270 igitur,
743 217 889 255 utrum
922 214 979 255 sit-
1004 214 1179 268 aequius
1205 214 1423 257 hominem
1446 215 1519 257 ho-

173 272 480 326 nestissimum,
511 272 652 314 virum
682 272 982 324 fortissimum,
1014 274 1149 315 civem
1181 273 1391 328 optimum
1424 273 1519 314 dedi

174 331 483 373 inimicissimis
517 335 644 385 atque
677 331 1002 372 immanissimis
1033 332 1282 374 nationibus
1315 347 1369 373 an
1400 332 1519 373 reddi

175 390 336 444 amieis,
367 391 621 444 praesertim
653 405 749 432 cum
775 394 842 431 tot
873 404 941 432 res
975 390 1072 444 sint,
1105 405 1211 446 quae
1242 391 1398 432 vestris
1431 390 1519 432 ani-

175 449 256 490 mis
293 463 371 514 pro
410 449 535 490 huius
576 449 816 490 innocentis
855 449 994 490 salute
1033 449 1291 504 supplicent,
1332 449 1554 515 111-1111111115

176 508 343 573 generis
372 508 618 562 antiquitas,
651 522 778 562 quam
810 507 1006 562 Tusculo,
1040 523 1089 549 ex
1116 508 1354 550 clarissimo
1381 509 1518 549 muni-

176 567 305 620 cipio,
337 567 576 621 profectam
613 567 658 607 in
695 567 982 608 monumentis
1021 581 1163 608 rerum
1202 570 1421 621 gestarum
1458 567 1519 608 111-

175 626 307 666 cisam
335 640 383 666 ac
409 628 605 666 notatam
630 625 835 677 videmus,
860 629 953 666 tum
981 630 1124 667 autem
1148 627 1373 667 continuae
1399 640 1520 681 prae·

174 688 308 737 turae,
342 699 449 738 quae
483 689 524 725 et
556 684 710 726 ceteris
737 684 1001 725 ornamentis
1035 688 1077 725 et
1110 685 1426 726 existimatione
1458 685 1518 725 in·

173 742 397 784 nocentiae
436 743 619 784 maxime
656 743 911 797 floruerunt,
952 742 1101 784 deinde
1132 757 1279 785 recens
1313 744 1518 784 memoria
1539 755 1572 780 1ο

174 803 378 856 parentis,
410 803 528 843 cuius
561 802 768 857 sanguine
800 816 887 843 non
919 802 1060 843 solum
1086 803 1399 844 Asculanorum
1431 816 1518 843 ma-

174 875 268 915 nus,
300 875 325 901 a
351 875 434 914 qua
459 860 710 902 interfectus
737 864 812 914 est,
846 860 919 902 sed
944 863 1085 902 totum
1116 860 1225 902 illud
1251 861 1407 902 sociale
1433 861 1518 902 bel-

174 920 262 960 lum
297 919 465 961 macula
498 919 669 961 sceleris
696 894 910 960 imbiitum
937 922 1014 974 est,
1046 923 1266 972 postremo
1298 920 1391 974 ipse
1424 932 1519 961 cum

174 977 219 1019 in
264 979 462 1019 omnibus
503 979 618 1019 vitae
663 979 859 1032 partibus
904 978 1110 1020 honestus
1161 982 1289 1034 atque
1338 979 1518 1043 integer,

175 1039 268 1078 tum
311 1037 356 1078 in
399 1052 444 1078 re
488 1037 666 1078 militari
712 1052 807 1078 cum
851 1038 1006 1078 summi
1051 1037 1219 1078 consilii
1262 1041 1305 1078 et
1342 1037 1518 1078 maximi
1540 1050 1572 1076 15

176 1095 326 1149 animi,
359 1098 452 1136 tum
484 1110 585 1137 vero
618 1110 697 1137 usu
724 1111 892 1150 quoque
918 1096 1131 1137 bellorum
1159 1096 1443 1151 gerendorum
1474 1095 1519 1136 in

176 1154 326 1206 primis
366 1169 512 1195 eorum
549 1154 790 1208 hominum,
831 1155 903 1209 qui
940 1169 1051 1196 nunc
1089 1158 1208 1208 sunt,
1252 1155 1519 1196 exercitatus.

177 1214 337 1265 [1532]
360 1211 498 1261 Quare
520 1213 556 1254 si
577 1214 705 1254 etiam
726 1213 927 1254 monendi
949 1213 1051 1254 estis
1073 1228 1098 1254 a
1117 1228 1196 1267 me,
1215 1213 1386 1267 iudices,
1408 1213 1520 1267 quod

174 1286 261 1312 non
288 1272 410 1325 estis,
436 1272 583 1313 videor
608 1272 690 1313 hoc
714 1272 867 1313 leviter
893 1286 968 1325 pro
995 1287 1090 1312 mea
1117 1272 1373 1313 auctoritate
1396 1272 1519 1313 vobis

176 1331 419 1385 praecipere
459 1345 603 1384 posse,
634 1334 682 1371 ut
715 1345 764 1371 ex
803 1345 851 1371 eo
891 1344 1045 1385 genere
1085 1330 1298 1384 homines,
1338 1345 1518 1384 quorum
1538 1344 1572 1368 ‘20

176 1390 348 1444 cognita
367 1389 517 1442 virtus,
542 1389 765 1442 industria,
790 1389 974 1430 felicitas
995 1389 1040 1429 in
1065 1404 1110 1430 re
1136 1389 1314 1430 militari
1335 1389 1400 1442 sit,
1427 1389 1519 1430 dili·

179 1450 329 1502 genter
361 1448 483 1489 vobis
510 1449 755 1489 retinendos
783 1448 1052 1489 existimetis.
1112 1447 1212 1488 Fuit
1238 1448 1350 1489 0111111
1383 1448 1519 1489 1113101·

177 1507 330 1548 talium
367 1507 558 1548 virorum
595 1507 641 1547 in
678 1507 758 1548 hac
801 1521 846 1547 re
883 1506 1055 1561 publica
1092 1507 1232 1562 copia3
1277 1521 1385 1561 quae
1423 1521 1519 1548 cum

178 1571 308 1619 esset,
346 1568 492 1606 tamen
524 1580 671 1607 eorum
708 1580 795 1606 non
827 1565 952 1607 modo
986 1565 1133 1619 saluti,
1175 1565 1248 1606 sed
1281 1567 1409 1606 etiam
1446 1566 1519 1607 ho-

176 1624 271 1665 nori
301 1625 613 1666 consulebatur.
667 1624 776 1673 Quid
804 1638 916 1665 nunc
935 1624 1058 1665 vobis
1079 1623 1319 1666 faciendum
1341 1627 1406 1665 est
1432 1627 1518 1665 stu·
1539 1636 1572 1662 25

178 1682 258 1723 diis
291 1683 552 1724 militaribus
586 1684 697 1738 apud
733 1683 999 1724 iuventutem
1032 1683 1251 1736 obsoletis,
1281 1684 1519 1734 fortissimis

179 1744 322 1782 autem
360 1742 607 1783 hominibus
646 1757 694 1783 30
733 1742 910 1783 summis
950 1741 1127 1783 ducibus
1168 1741 1327 1796 partim
1366 1743 1518 1795 aetate,

177 1799 337 1854 partim
376 1800 562 1841 civitatis
596 1801 817 1842 discordiis
856 1815 904 1842 30
936 1800 997 1841 rei
1036 1800 1234 1854 publicae
1271 1799 1519 1841 calamitate

178 1859 456 1912 consumptis,
489 1874 584 1900 cum
610 1863 676 1900 tot
707 1860 824 1900 bella
851 1862 925 1900 aut
958 1874 983 1900 a
1007 1859 1131 1899 nobis
1162 1858 1401 1899 necessario
1429 1873 1519 1900 sus-

179 1916 391 1971 cipiantur
420 1920 495 1958 aut
521 1918 662 1959 subito
690 1922 818 1972 atque
847 1917 1066 1972 inprovisa
1090 1917 1349 1957 nascantur?
1381 1932 1518 1959 nonne
1538 1929 1573 1954 30

179 1978 222 2017 et
264 1976 483 2016 hominem
526 1976 668 2030 ipsum
714 1977 765 2018 ad
811 1977 940 2017 dubia
980 1975 1041 2016 rei
1083 1975 1278 2029 publicae
1322 1978 1519 2030 tempora

179 2033 482 2075 reservandum
522 2038 564 2075 et
603 2038 765 2076 ceteros
804 2035 945 2076 studio
984 2033 1120 2074 laudis
1159 2048 1207 2074 ac
1244 2033 1419 2075 virtutis
1458 2035 1519 2075 in-

180 2093 461 2134 flammandos
494 2093 689 2147 putatis?
742 2095 823 2146 [33]
856 2091 1174 2145 Recordamini,
1213 2107 1317 2146 quos
1351 2093 1519 2146 legatos

179 2166 314 2206 nuper
339 2152 385 2192 in
404 2151 519 2192 bello
540 2150 586 2192 L.
607 2151 752 2205 Iulius,
781 2166 887 2206 quos
908 2151 951 2192 P.
972 2150 1170 2204 Rutilius,
1199 2165 1306 2205 quos
1333 2151 1378 2192 L.
1401 2150 1520 2205 Cato,

180 2225 286 2265 quos
308 2209 382 2252 Cn.
402 2209 633 2264 Pompeius
660 2210 877 2263 habuerit3
905 2209 1047 2250 scietis
1074 2208 1206 2250 fuisse
1232 2213 1325 2250 tum
1344 2209 1400 2252 M.
1421 2209 1520 2251 Cor·
1539 2221 1572 2247 35

179 2271 344 2319 nutum,
369 2268 415 2310 L.
439 2267 630 2321 Cinnam,
649 2267 695 2309 L.
720 2267 895 2322 Sullam,
921 2267 1161 2322 praetorios
1182 2268 1388 2318 homines,
1414 2268 1520 2309 belli

181 2328 356 2382 gerendi
383 2327 685 2382 peritissimos3
717 2329 939 2381 praeterea
965 2324 1011 2367 C.
1036 2325 1233 2380 Marium,
1265 2326 1309 2367 P.
1335 2325 1521 2376 Didium,
