1619 2542
86 450 126 480 41

90 941 141 981 18

86 993 128 1023 42

86 1681 128 1710 43

88 2054 140 2094 19

87 2104 129 2135 44

158 110 212 150 12
533 109 626 145 PRO
652 109 700 145 M.
729 110 903 146 TULLIO
931 109 1118 147 ORATIO.

156 205 324 248 cissime
364 206 544 260 faciant,
589 206 750 249 domini
792 206 1161 262 impudentissime
1199 207 1495 258 confiteantur,

158 265 257 318 quid
290 266 471 307 censetis
503 265 607 320 fore,
634 266 670 307 si
695 268 869 320 praetor
893 265 1052 308 iudicet
1085 265 1173 307 eius
1207 265 1322 307 modi
1347 265 1494 307 caedes

155 323 248 364 fieri
279 323 371 365 iure
403 324 557 378 posse?
607 324 676 365 An
708 324 935 378 quicquam
966 324 1158 378 interest,
1188 327 1334 366 utrum
1360 323 1494 379 magi-

157 384 319 423 stratus
357 385 532 436 peccato
571 382 862 424 defensionem
900 383 1166 424 constituant
1203 397 1258 424 an
1294 382 1496 438 peccandi

154 443 414 495 potestatem
447 441 750 496 licentiamque
775 441 1059 495 permittant?
1110 441 1295 494 Etenim,
1326 455 1495 494 recupe-

155 501 340 552 ratores,
371 514 459 541 non
491 499 646 540 damno
685 502 1007 542 commoventur
1036 500 1335 556 magistratus,
1373 502 1422 541 ut
1451 499 1496 540 in

154 557 260 599 haec
285 557 417 599 verba
449 558 653 601 iudicium
679 558 791 599 dent.
840 557 953 600 Nam
983 559 1021 600 si
1050 559 1093 600 id
1125 562 1250 612 esset,
1279 573 1357 600 nec
1382 572 1496 599 recu-

155 619 376 670 peratores
409 617 553 671 potius
585 617 736 658 darent
768 632 895 671 quam
933 617 1114 659 iudicem
1145 631 1223 660 nec
1253 617 1298 658 in
1328 617 1495 658 univer·

156 689 248 716 sam.
280 675 510 729 familiam,
541 675 615 717 sed
646 676 691 716 in
722 690 835 728 611111,
866 677 1034 729 quicum
1064 676 1322 717 nominatim
1354 689 1495 729 agere-

156 736 238 785 tur,
264 748 341 775 nec
365 734 410 775 in
431 734 727 788 quadruplum,
754 734 826 775 sed
846 735 891 775 in
910 735 1098 789 duplum,
1127 737 1169 775 et
1194 736 1249 776 ad
1267 733 1494 775 ‘DAMNUM'

157 793 383 833 adderetur
415 791 647 834 ‘INIURIA'.
695 792 845 847 Neque
871 793 985 834 enim
1010 794 1059 843 is,
1091 794 1163 848 qui
1188 793 1271 835 1100
1294 792 1496 834 iudicium

158 850 293 904 dedit,
335 851 384 891 de
416 851 568 892 ceteris
600 851 765 892 damnis
804 852 857 893 ab
896 852 992 906 lege
1024 852 1201 906 Aquilia
1238 851 1415 905 recedit,
1451 851 1495 892 in

158 909 311 963 quibus
343 909 451 950 nihil
484 911 628 964 agitur
658 910 741 951 nisi
773 910 993 964 damnum,
1031 925 1114 964 qua
1152 911 1202 952 de
1238 924 1285 952 re
1321 912 1496 965 praetor

159 969 347 1009 animum
379 968 533 1009 debeat
564 969 797 1011 advertere
857 968 908 1010 In
940 969 1020 1011 hoc
1051 968 1206 1010 iudicio
1238 968 1393 1010 videtis
1424 968 1495 1023 agi

156 1026 207 1067 de
238 1027 293 1079 vi,
326 1026 480 1067 videtis
513 1027 583 1082 agi
616 1027 667 1068 de
698 1027 944 1069 hominibus
978 1028 1168 1081 armatis,
1199 1027 1351 1069 videtis
1384 1027 1494 1069 aedi-

155 1085 349 1126 ficiorum
393 1085 754 1141 expugnationes,
803 1087 898 1142 agri
940 1086 1226 1140 vastationes,
1273 1085 1495 1127 hominum

155 1143 479 1197 trucidationeS,
504 1144 711 1198 incendia,
736 1145 921 1199 rapinas,
949 1145 1199 1200 sanguinem
1224 1145 1268 1186 in
1294 1144 1496 1186 iudicium

155 1201 317 1255 venire,
355 1205 398 1243 et
429 1202 645 1243 miramini
677 1203 783 1244 satis
815 1203 1016 1245 habuisse
1049 1218 1139 1257 605,
1177 1203 1249 1258 qui
1280 1203 1361 1245 hoc
1391 1203 1496 1243 iudi-

157 1261 268 1302 cium
296 1260 513 1316 dederunt,
543 1261 586 1302 id
614 1262 773 1315 quaeri,
798 1265 943 1303 utrum
968 1262 1074 1304 haec
1098 1264 1188 1303 tam
1214 1262 1379 1315 acerba,
1404 1263 1494 1302 tam

156 1319 350 1374 indigna,
390 1322 481 1360 tam
520 1320 683 1361 atrocia
720 1320 834 1362 facta
871 1323 1014 1362 essent
1049 1334 1197 1374 necne,
1234 1334 1320 1361 non
1350 1322 1495 1360 utrum

156 1378 246 1419 iure
287 1377 403 1419 facta
443 1393 499 1419 an
538 1378 723 1420 iniuria?
789 1378 890 1421 Non
930 1393 1032 1435 ergo
1070 1382 1291 1434 praetores
1333 1392 1358 1419 a
1400 1378 1495 1433 lege

156 1436 333 1490 Aquilia
364 1439 644 1489 recesserunt,
677 1452 783 1491 quae
815 1437 865 1479 de
897 1438 1052 1478 damno
1085 1440 1162 1491 est,
1193 1437 1265 1478 sed
1298 1437 1348 1477 de
1378 1437 1422 1478 vi
1453 1438 1496 1477 et

157 1495 287 1535 annis
320 1509 514 1537 severum
546 1495 746 1537 iudicium
780 1497 1110 1549 constitueiunt,
1150 1509 1226 1537 nec
1263 1495 1330 1537 ius
1363 1497 1406 1536 et
1436 1495 1496 1536 in-

156 1553 311 1595 iniiam
351 1555 497 1607 quaeii
533 1568 746 1608 nusquam
789 1557 998 1609 putarunt
1041 1558 1254 1609 oportere,
1298 1554 1371 1596 sed
1412 1568 1497 1608 605,

157 1612 236 1677 qui
255 1612 386 1653 aimis
420 1627 548 1666 quam
580 1613 670 1654 11116
702 1627 830 1668 ageie
861 1613 1125 1668 maluissent,
1157 1613 1207 1654 de
1238 1614 1329 1654 iure
1362 1615 1405 1654 et
1434 1612 1494 1653 in·

156 1670 267 1711 iulia
300 1670 518 1724 disputare
549 1671 789 1713 noluerunt.
838 1671 986 1726 Neque
1018 1672 1112 1713 ideo
1145 1671 1195 1713 de
1225 1671 1381 1712 iniuria
1410 1685 1497 1711 non

157 1729 426 1783 addiderunt,
459 1730 571 1783 quod
601 1730 646 1771 in
678 1730 774 1771 aliis
806 1731 933 1772 rebus
965 1745 1050 1772 non
1083 1729 1302 1783 adderent,
1339 1729 1411 1770 sed
1442 1743 1495 1770 ne

155 1787 240 1841 ipsi
271 1786 509 1828 iudicarent
539 1803 664 1842 posse
690 1789 886 1830 homines
915 1803 1059 1831 servos
1085 1789 1175 1829 iure
1201 1802 1320 1830 arma
1345 1801 1495 1840 capere

157 1848 200 1886 et
231 1860 405 1886 manum
437 1860 606 1900 cogere,
643 1861 778 1902 neque
818 1848 931 1901 quod
970 1849 1184 1902 putarent,
1229 1847 1265 1887 si
1303 1845 1494 1887 additum

157 1906 287 1958 esset,
324 1918 449 1958 posse
487 1905 568 1946 hoc
604 1905 766 1947 talibus
804 1906 907 1947 viris
945 1904 1192 1959 persuaderi
1222 1919 1309 1945 non
1340 1904 1495 1945 iniuria

156 1962 336 2015 factum,
377 1962 448 2003 sed
488 1977 540 2003 ne
579 1964 689 2017 quod
728 1967 874 2005 tamen
916 1966 1081 2005 scutum
1120 1963 1219 2003 dare
1256 1963 1302 2004 in
1339 1962 1494 2004 iudicio

156 2021 402 2062 viderentur
438 2020 508 2074 iis,
554 2035 659 2075 quos
701 2026 875 2076 propter
912 2022 1017 2063 haec
1056 2036 1175 2062 arma
1212 2021 1257 2062 in
1292 2021 1495 2063 iudicium

156 2079 438 2121 vocavissent.
517 2079 617 2120 Fuit
672 2080 780 2122 illud
827 2080 1101 2122 interdictum
1150 2079 1263 2133 apud
1312 2080 1494 2121 maiores

155 2141 326 2179 nostros
360 2137 409 2178 de
441 2137 502 2191 vi,
535 2138 647 2191 quod
677 2138 804 2180 hodie
836 2152 1000 2193 quoque
1032 2140 1114 2179 est:
1145 2138 1282 2180 UNDE
1314 2150 1374 2180 'PU
1405 2149 1494 2180 AUT

156 2208 348 2238 FAMILIA
374 2207 464 2237 AUT
489 2207 797 2239 PROCURATOR
821 2208 938 2239 TUUS
970 2208 1113 2238 ILLUM
1144 2208 1233 2238 AUT
1264 2208 1493 2238 FAMILIAM
1513 2208 1527 2232 3

156 2266 247 2296 AUT
290 2265 662 2296 PROCURATOREM
702 2266 851 2297 1LL1Us
893 2266 941 2296 IN
982 2265 1075 2296 Hoc
1116 2266 1241 2296 ANNO
1280 2267 1328 2297 VI
1364 2266 1494 2297 1111111-

156 2324 286 2355 01511,
347 2312 510 2354 Deinde
543 2312 711 2354 additur
742 2313 860 2354 illius
899 2313 985 2354 iam
1022 2312 1103 2355 hoc
1140 2327 1286 2368 causa,
1323 2313 1492 2368 quicum

1514 450 1530 477 5

1516 744 1548 769 10

1516 1036 1548 1062 15

1515 1330 1549 1355 20

1514 1621 1548 1648 25

1514 1915 1548 1941 30
