1619 2542
635 119 737 154 CAP.
765 123 795 162 1,
821 123 841 154 2
867 123 886 162 g
915 123 1014 154 1—4.
1386 119 1471 160 275

132 215 261 269 dicio,
305 218 348 257 et
395 215 509 269 quod
547 215 636 256 sine
675 229 801 256 sensu
839 215 1071 269 nascimur,
1118 229 1213 257 cum
1251 215 1471 270 voluptate

132 288 368 327 servamur,
405 273 614 328 profecto,
653 273 856 328 quoniam
897 273 1039 327 illum,
1078 273 1150 328 qui
1180 273 1291 315 hanc
1321 274 1472 315 urbem

131 332 339 386 condidit,
395 332 448 374 ad
495 332 594 374 deos
643 332 886 373 inmortalis
935 332 1224 374 benivolentia
1271 332 1470 386 famaque

134 391 397 444 sustulimus,
418 405 509 432 esse
530 390 642 446 apud
662 406 736 432 vos
757 393 1037 445 posterosque
1057 395 1224 433 vestros
1243 390 1289 432 in
1308 391 1470 433 honore

97 462 113 487 5
134 450 307 491 debebit
343 450 396 503 is,
435 449 506 503 qui
538 449 714 491 eandem
746 449 857 491 hanc
888 450 1037 491 urbem
1070 450 1285 491 conditam
1318 450 1471 504 ampli-

131 510 387 562 ficatamque
419 508 617 549 servavit.
667 506 781 549 Nam
815 509 899 550 toti
924 509 1033 562 urbi,
1058 508 1245 563 templis,
1271 508 1472 562 delubris,

131 567 258 609 tectis
291 581 341 608 ac
372 567 594 608 moenibus
628 566 840 608 subiectos
872 582 1005 621 prope
1037 567 1122 608 iam
1156 568 1269 622 ignis
1296 567 1471 609 circum-

133 627 342 680 datosque
365 625 653 679 restinximus,
676 625 872 679 idemque
893 626 1059 681 gladios
1079 626 1123 666 in
1142 640 1232 667 rem
1252 626 1470 680 publicam

134 684 362 726 destrictos
405 684 659 725 rettudimus
703 697 1010 738 mucronesque
1055 698 1201 725 eorum
1246 700 1271 726 a
1310 684 1470 739 iugulis

83 755 116 780 10
135 743 290 784 vestris
323 742 560 784 deiecimus.
604 741 719 791 Quae
749 743 949 798 quoniam
976 743 1021 784 in
1048 746 1198 784 senatu
1229 743 1470 795 inlustrata,

133 801 361 857 patefacta,
392 803 611 856 comperta
643 804 743 843 sunt
773 816 849 856 per
879 816 958 855 me,
990 802 1112 843 vobis
1143 802 1229 843 iam
1261 816 1466 856 exponam

132 860 330 912 breviter,
362 858 559 913 Quirites,
590 863 650 914 ut,
682 863 725 901 et
757 863 918 914 quanta
950 862 992 901 et
1019 875 1146 914 quam
1173 860 1403 902 manifesta
1429 865 1472 901 et

133 934 216 973 qua
246 919 413 960 ratione
443 918 706 973 investigata
738 922 780 960 et
811 919 1118 974 comprehensa
1150 919 1248 973 sint,
1279 934 1366 973 vos,
1399 920 1471 974 qui

133 980 177 1019 et
207 977 418 1032 ignoratis
451 979 494 1018 et
526 977 771 1032 expectatis,
803 977 909 1020 scire
941 977 1130 1031 possitis.

82 1048 114 1073 15
221 1035 436 1090 Principio
468 1038 516 1077 ut
543 1035 730 1078 Catilina
760 1036 907 1090 paucis
941 1039 1039 1077 ante
1072 1036 1219 1077 diebus
1253 1036 1394 1091 erupit
1419 1051 1469 1078 ex

133 1094 254 1148 urbe,
298 1109 393 1136 cum
440 1095 612 1136 sceleris
663 1095 728 1136 sui
778 1095 914 1137 socios
955 1094 1145 1137 huiusce
1171 1094 1323 1136 nefarii
1366 1095 1471 1136 belli

133 1153 360 1195 acerrimos
405 1153 530 1195 duces
576 1153 737 1195 Romae
781 1154 1042 1208 reliquisset,
1084 1168 1250 1207 semper
1292 1153 1470 1209 vigilavi

133 1214 176 1253 et
206 1212 384 1266 providi,
415 1211 615 1266 Quirites,
646 1227 771 1267 quem
804 1213 856 1254 ad
883 1212 1055 1253 modum
1080 1212 1126 1253 in
1150 1212 1284 1253 tantis
1312 1215 1354 1253 et
1380 1215 1469 1254 tam

135 1270 396 1312 absconditis
433 1271 597 1312 insidiis
636 1271 744 1312 salvi
783 1285 875 1312 esse
913 1285 1147 1326 possemus
1216 1269 1329 1311 Nam
1367 1273 1469 1323 tum,

81 1341 114 1365 20
133 1344 229 1370 cum
255 1343 304 1370 ex
328 1329 433 1370 urbe
454 1328 684 1370 Catilinam
711 1329 917 1371 eiciebam
943 1327 1046 1383 (non
1073 1329 1186 1370 enim
1210 1330 1294 1370 iam
1320 1343 1468 1370 vereor

132 1387 257 1429 huius
301 1388 419 1429 verbi
462 1388 686 1441 invidiam,
729 1402 822 1429 cum
866 1388 943 1428 illa
988 1388 1126 1442 magis
1171 1388 1228 1428 sit
1267 1388 1469 1438 timenda,

138 1445 250 1500 quod
280 1446 402 1487 vivus
435 1445 620 1501 exierit),
658 1446 731 1487 sed
762 1449 873 1498 tum,
911 1460 1005 1487 cum
1036 1446 1162 1486 illum
1194 1446 1470 1486 exterminari

136 1504 352 1557 volebam,
397 1507 471 1545 aut
511 1504 722 1558 reliquam
766 1504 1083 1545 coniuratorum
1127 1518 1300 1544 manum
1343 1503 1468 1544 simul

135 1562 343 1603 exituram
382 1565 456 1602 aut
492 1577 582 1615 eos,
619 1563 691 1616 qui
730 1562 1008 1615 restitissent,
1044 1561 1237 1603 infirmos
1271 1562 1360 1602 sine
1391 1562 1467 1603 illo

81 1631 114 1657 25
135 1635 183 1662 ac
223 1620 383 1661 debiles
420 1619 511 1661 fore
548 1621 767 1674 putabam.
829 1619 972 1673 Atque
1013 1633 1091 1675 ego
1135 1623 1183 1661 ut
1219 1620 1322 1672 vidi,
1361 1635 1466 1674 quos

134 1679 320 1720 maximo
357 1678 500 1720 furore
539 1680 582 1719 et
618 1679 772 1720 scelere
812 1692 902 1719 esse
939 1678 1228 1719 inflammatos
1268 1678 1467 1732 sciebam,

136 1752 207 1779 eos
239 1737 464 1779 nobiscum
497 1751 588 1778 esse
621 1739 663 1778 et
687 1736 850 1778 Romae
875 1737 1143 1790 remansisse,
1172 1736 1218 1777 in
1244 1751 1292 1777 eo
1319 1751 1466 1778 omnes

135 1796 223 1837 dies
248 1798 480 1850 noctesque
506 1795 763 1850 consumpsi,
793 1797 852 1848 ut,
878 1795 980 1849 quid
1006 1797 1194 1850 agerent,
1221 1795 1320 1849 quid
1347 1796 1467 1837 moli-

133 1857 298 1908 rentur,
348 1854 550 1895 sentirem
594 1869 641 1895 ac
680 1853 884 1907 viderem,
933 1856 998 1907 ut,
1048 1854 1248 1909 quoniam
1293 1854 1466 1895 auribus

82 1924 116 1949 30
135 1913 289 1953 vestris
345 1916 520 1967 propter
568 1912 858 1953 incredibilem
907 1912 1245 1967 magnitudinem
1296 1912 1466 1954 sceleris

135 1971 342 2012 minorem
368 1971 494 2012 fidem
520 1971 678 2012 faceret
705 1971 841 2012 oratio
868 1985 972 2023 mea,
998 1984 1087 2011 rem
1113 1972 1174 2012 ita
1194 1970 1465 2025 comprehen-

136 2028 296 2083 derem,
327 2032 376 2070 ut
405 2033 496 2071 tum
529 2029 697 2070 demum
731 2029 882 2070 animis
916 2029 1045 2070 saluti
1076 2032 1243 2070 vestrae
1275 2029 1465 2082 provide-

134 2087 249 2140 retis,
281 2102 376 2129 cum
408 2088 541 2130 oeulis
574 2087 828 2129 maleficium
858 2088 998 2141 ipsum
1028 2088 1241 2129 videretis.
1303 2087 1465 2140 Itaque,

134 2147 183 2186 ut
222 2147 407 2198 comperi
443 2147 611 2201 legatos
650 2145 932 2199 Allobrogum
971 2146 1073 2187 belli
1111 2145 1385 2199 Transalpini
1423 2147 1465 2185 et

81 2215 115 2240 35
135 2204 344 2244 tumultus
384 2203 538 2246 Gallici
586 2203 797 2246 excitandi
841 2218 968 2245 causa
1011 2219 1036 2245 a
1072 2204 1118 2245 P.
1155 2203 1334 2244 Lentulo
1374 2217 1465 2243 esse

136 2261 406 2315 sollicitatos,
438 2277 591 2317 eosque
620 2262 665 2303 in
691 2262 874 2302 Galliam
900 2262 952 2303 ad
978 2277 1077 2304 suos
1104 2262 1206 2304 civis
1234 2261 1465 2315 eodemque

134 2320 285 2360 itinere
329 2333 423 2361 cum
466 2320 624 2363 litteris
665 2320 960 2375 mandatisque
1001 2321 1054 2362 ad
1095 2319 1325 2362 Catilinam
1372 2333 1464 2360 esse

1184 2387 1252 2421 18*

1496 756 1517 785 3

1496 1273 1522 1313 N)
