1619 2542
30 697 63 722 10

30 990 61 1016 15

29 1285 62 1309 20

29 1577 61 1602 ‘25

521 60 623 97 CAP.
651 65 764 96 s—11
792 65 811 104 ξ
840 66 977 96 18——523
1371 63 1426 104 25

83 171 189 211 opus
223 160 288 198 est
320 157 513 212 sapiente
545 157 700 211 iudice,
733 156 833 211 quid
865 172 999 212 aequo
1033 159 1293 213 quaesitore,
1326 158 1425 214 quid

83 219 253 257 oratore
291 231 379 258 non
420 216 582 257 stulto?
626 216 772 257 dicunt
812 215 925 257 enim
967 215 1102 271 Galli3
1142 231 1299 272 negare
1339 232 1425 259 non

82 289 322 328 possumus.
383 274 464 316 Hic
497 274 533 315 si
564 274 779 330 ingeniosi
812 277 855 315 et
884 275 1015 330 periti
1047 278 1090 317 et
1120 277 1243 331 aequi
1274 276 1424 318 iudicis

81 334 160 375 has
186 338 330 388 partes
357 347 449 374 esse
476 333 746 387 existimatis,
776 335 836 387 ut,
869 334 1069 388 quoniam
1096 335 1266 389 quidem
1292 338 1424 376 testes

83 392 238 445 dicunt,
270 391 359 434 sine
384 392 474 432 ulla
500 392 768 433 dubitatione
794 392 1047 434 credendum
1083 395 1153 447 sit,
1179 391 1303 435 Salus
1330 394 1425 448 ipsa

82 451 272 492 virorum
297 450 476 492 fortium
502 451 791 492 innocentiam
817 451 930 492 tueri
954 466 1039 493 non
1065 454 1227 506 potest3
1261 453 1327 493 sin
1354 468 1423 494 au-

83 513 169 550 tem
195 511 239 550 in
266 510 392 550 rebus
411 509 647 551 iudicandis
673 524 760 550 non
788 509 1008 552 minimam
1028 513 1196 565 partem
1223 512 1275 552 ad
1295 526 1425 552 unam

83 582 294 622 quamque
333 582 423 609 rem
456 568 782 609 existimandam
820 572 1122 623 momentoque
1160 585 1236 611 sno
1271 571 1425 623 ponde-

82 627 261 668 randam
293 627 551 681 sapientiam
582 626 734 668 iudicis
761 660 769 668 .
791 659 799 667 .
821 660 851 680 .,
882 642 935 668 ne
967 629 1104 670 multo
1136 631 1305 670 vestrae
1338 644 1424 670 ma-

81 686 192 727 iores
219 686 521 739 gravioresque
547 688 692 739 partes
719 686 807 726 sint
833 685 886 726 ad
912 686 1186 741 cogitandum
1212 703 1340 742 quam
1373 688 1424 730 ad

82 745 304 786 dicendum
335 759 465 786 meae.
528 745 610 797 [12]
644 743 752 786 Mihi
784 744 898 785 enim
937 760 1104 800 semper
1138 761 1225 787 una
1257 761 1423 801 quaque

82 803 132 844 de
163 818 208 844 re
240 803 365 844 testis
396 817 483 845 non
522 804 662 845 solum
695 803 843 856 semel,
884 818 1030 845 verum
1069 804 1199 846 etiam
1237 805 1425 847 breviter

81 861 411 918 interrogandus
444 865 520 912 est,
554 876 681 915 saepe
714 862 844 903 etiam
876 877 963 904 non
994 863 1341 918 interrogandus,
1372 879 1424 905 ne

82 923 156 962 aut
186 921 298 963 irato
324 921 507 962 facultas
534 921 587 962 ad
616 920 839 962 dicendum
866 921 964 962 data
997 926 1071 963 aut
1097 923 1249 977 cupido
1283 926 1425 965 aucto-

81 980 186 1020 ritas
219 979 438 1021 adtributa
475 994 567 1021 esse
600 980 814 1034 videatur3
855 995 928 1021 vos
961 983 1003 1021 et
1041 981 1209 1035 saepius
1246 982 1425 1023 eandem

80 1053 171 1079 rem
204 1039 357 1079 animis
397 1039 561 1093 agitare
600 1041 643 1080 et
680 1038 839 1080 diutius
870 1053 955 1080 uno
994 1039 1044 1081 de
1082 1043 1193 1082 teste
1231 1042 1424 1096 cogitare

80 1097 263 1152 potestis
302 1100 362 1151 et,
401 1098 436 1138 si
470 1112 596 1151 quem
627 1111 706 1139 nos
745 1097 1011 1151 interrogare
1042 1098 1276 1153 noluimus,
1316 1114 1424 1153 quae

81 1170 209 1197 causa
239 1156 364 1197 nobis
396 1156 567 1197 tacendi
596 1155 738 1210 fuerit,
771 1156 1016 1198 existimare
1050 1157 1224 1199 debetis.
1287 1157 1424 1207 Quam

81 1215 135 1256 ob
176 1230 285 1268 rem,
327 1215 363 1255 si
395 1214 476 1256 hoc
514 1215 644 1256 iudici
683 1215 994 1270 praescriptum
1034 1216 1134 1270 lege
1167 1219 1241 1257 aut
1282 1216 1423 1258 officio

82 1273 258 1326 putatis,
284 1273 469 1314 testibus
495 1273 676 1328 credere,
701 1274 809 1315 nihil
836 1278 913 1327 est,
942 1289 1015 1315 cur
1042 1275 1151 1316 alius
1177 1276 1261 1316 alio
1287 1275 1424 1317 iudice

82 1332 233 1373 melior
264 1334 338 1373 aut
369 1332 604 1386 sapientior
633 1332 914 1376 existimetur.
969 1332 1113 1374 Unum
1146 1336 1211 1375 est
1238 1334 1350 1375 enim
1382 1338 1425 1376 et

83 1390 262 1444 simplex
303 1392 469 1432 aurium
507 1391 710 1433 iudicium
743 1394 785 1432 et
820 1392 1031 1446 promisee
1064 1395 1106 1433 et
1143 1393 1424 1434 communiter

82 1449 228 1490 stultis
257 1464 305 1491 ac
331 1449 596 1504 sapientibus
625 1450 678 1491 ab
704 1452 860 1491 natura
885 1450 1044 1492 datum.
1102 1451 1182 1502 [13]
1217 1449 1327 1499 Quid
1353 1455 1418 1492 est

82 1507 228 1563 igitur,
259 1507 334 1548 ubi
366 1509 530 1549 elucere
563 1508 700 1561 possit
732 1508 970 1561 prudentia,
1002 1508 1076 1549 ubi
1102 1509 1284 1550 discerni
1316 1511 1422 1551 stul-

82 1569 152 1607 tus
192 1566 360 1607 auditor
399 1569 441 1607 et
479 1567 673 1608 credulus
713 1567 766 1607 ab
804 1567 1007 1622 religioso
1054 1570 1096 1608 et
1140 1568 1326 1621 sapienti
1363 1569 1423 1610 iu-

82 1625 200 1666 dice?
262 1623 475 1665 Nimirum
520 1625 646 1678 illud,
689 1625 734 1665 in
771 1639 854 1679 quo
899 1639 965 1679 ea,
1012 1639 1119 1679 quae
1158 1626 1355 1668 dicuntur
1398 1643 1424 1669 a

79 1683 283 1737 testibus,
316 1683 584 1725 coniecturae
616 1686 659 1724 et
690 1683 942 1738 cogitationi
973 1685 1217 1739 traduntur,
1259 1689 1422 1740 quanta

82 1742 357 1796 auctoritate,
403 1745 564 1796 quanta
610 1742 740 1783 animi
779 1742 1011 1796 aequitate,
1050 1746 1211 1797 quanto
1249 1745 1422 1799 pudore,

84 1804 244 1855 quanta
275 1801 374 1854 fide,
419 1803 580 1854 quanta
621 1801 846 1855 religione,
887 1804 1047 1855 quanto
1096 1802 1237 1845 studio
1279 1804 1422 1845 existi-

29 1870 64 1895 30
83 1859 285 1901 mationis
317 1860 468 1913 bonae,
499 1862 661 1913 quanta
691 1874 803 1913 cura,
836 1862 995 1914 quanto
1028 1860 1182 1903 timore
1215 1862 1422 1904 dicantur.

83 1919 146 1970 [7]
173 1918 242 1958 An
261 1932 362 1959 vero
388 1932 464 1959 vos
483 1918 526 1959 id
546 1918 591 1959 in
619 1917 878 1959 testimoniis
897 1918 1118 1960 hominum
1139 1921 1421 1962 barbarorum
1439 1922 1488 1963 11

84 1976 351 2029 dubitabitis,
383 1977 496 2031 quod
522 1991 725 2032 persaepe
751 1979 793 2017 et
822 1980 973 2019 nostra
1002 1981 1044 2019 et
1069 1982 1241 2033 patrum
1267 1994 1424 2021 memo-

83 2035 148 2075 ria
173 2035 481 2088 sapientissimi
505 2035 662 2077 iudices
690 2035 740 2076 de
767 2036 1016 2077 clarissimis
1041 2040 1214 2079 nostrae
1235 2038 1422 2079 civitatis

84 2093 187 2134 viris
219 2093 500 2135 dubitandum
532 2109 619 2136 non
647 2095 935 2149 putaverunt?
967 2095 1039 2149 qui
1071 2094 1146 2137 Cn.
1173 2099 1215 2137 et
1247 2095 1293 2144 Q.
1321 2095 1422 2137 Cae-

32 2162 64 2188 35
85 2151 303 2205 pionibus‚
341 2151 387 2193 L.
419 2156 462 2193 et
493 2151 540 2201 Q.
571 2152 759 2194 Metellis
791 2153 973 2194 testibus
1004 2154 1048 2194 in
1080 2153 1127 2202 Q.
1159 2154 1423 2209 Pompeium,

83 2209 302 2251 hominem
328 2225 499 2264 novum,
527 2226 614 2252 non
640 2210 918 2264 crediderunt,
951 2227 1132 2266 quorum
1158 2212 1322 2265 virtuti,
1354 2227 1424 2268 ge-

84 2268 188 2323 neri,
217 2268 345 2310 rebus
380 2269 514 2324 gestis
546 2269 671 2311 fidem
705 2272 747 2311 et
773 2270 1074 2312 auctoritatem
1106 2271 1149 2311 in
1175 2271 1422 2313 testimonio

1452 758 1493 788 22

1447 1463 1490 1494 23
