1687 2533
159 567 223 597 116

158 1610 213 1650 45

162 1882 225 1911 117

228 106 314 147 500
422 105 484 140 DE
511 105 647 140 DOMO
675 105 766 140 SUA
789 105 854 139 AD
882 105 1162 140 PONTIFICES
1189 104 1375 140 ORATIO.

227 205 423 256 negaret,
460 202 598 256 primo
638 216 682 242 se
720 201 954 242 luminibus
993 201 1082 242 eius
1121 216 1212 242 esse
1246 202 1564 244 obstructurum

228 261 484 302 minabatur.
524 260 795 301 Adfirmabat
815 259 1046 301 Postumus
1068 274 1111 300 se
1132 260 1229 301 vivo
1249 260 1369 302 illam
1390 261 1564 303 domum

227 320 352 361 istius
377 334 611 373 numquam
638 319 838 359 futuram.
889 318 1052 360 Acutus
1080 318 1326 360 adulescens
1354 334 1404 361 ex
1428 320 1563 374 ipsius

228 393 422 420 sermone
471 377 706 431 intellexit,
762 377 862 431 quid
912 377 1005 418 fieri
1055 380 1290 432 oporteret3
1346 378 1563 420 hominem

228 452 389 478 veneno
423 436 688 491 apertissime
722 436 911 489 sustulit3
944 436 1047 477 emit
1079 437 1251 477 domum
1277 437 1563 479 licitatoribus
1583 452 1599 477 5

228 496 476 550 defatigatis
514 509 646 549 prope
680 495 854 535 dimidio
887 495 1044 549 carius,
1083 510 1209 549 quam
1243 496 1565 538 aestimabatur.

228 553 439 603 Quorsum
482 554 615 609 igitur
658 553 762 595 haec
807 554 945 595 oratio
989 554 1206 608 pertinet?
1279 553 1444 596 Domus
1488 555 1564 596 illa

227 628 322 654 mea
359 627 491 667 prope
529 615 623 653 tota
654 627 787 654 vacua
819 615 900 666 est3
939 612 1009 653 vix
1041 627 1140 666 pars
1174 613 1341 654 aedium
1372 628 1564 655 mearum

226 672 390 713 decima
427 671 480 712 ad
511 670 656 712 Catuli
692 671 906 725 porticum
945 671 1135 713 accessit.
1196 670 1336 713 Causa
1366 672 1448 713 fuit
1479 687 1565 713 am-

227 730 391 772 bulatio
430 732 472 770 et
510 732 834 771 monumentum
877 732 918 770 et
953 730 1038 771 ista
1069 729 1320 785 Tanagraea
1359 745 1618 785 oppressam

228 790 428 830 libertate
460 788 670 830 Libertas.
732 788 782 829 In
813 788 983 830 Palatio
1015 789 1303 842 pulcherrimo
1335 793 1564 844 prospectu

227 848 440 902 porticum
486 862 580 888 curn
625 847 898 889 conclavibus
943 848 1282 901 pavimentatam
1325 850 1563 889 trecentum

226 907 382 961 pedum
423 906 713 960 concupierat,
758 906 1070 960 amplissimum
1107 907 1378 961 peristylum,
1421 909 1562 948 cetera

228 966 316 1006 eius
362 965 494 1018 modi,
536 965 664 1006 facile
707 968 754 1006 ut
799 964 987 1005 omnium
1032 964 1179 1006 domos
1223 968 1266 1006 et
1304 965 1482 1007 laxitate
1521 968 1564 1007 et

228 1024 437 1078 dignitate
481 1026 714 1078 superaifflet
782 1023 838 1064 Et
883 1024 1009 1064 homo
1048 1023 1276 1079 religiosus
1314 1039 1409 1065 cum
1447 1024 1616 1065 aed1s15

228 1097 343 1124 meas
392 1082 504 1123 idem
554 1085 711 1122 emeret
762 1084 803 1122 et
846 1081 1064 1136 venderet,
1112 1086 1257 1124 tamen
1300 1082 1385 1124 illis
1430 1084 1563 1124 tantis

227 1141 415 1182 tenebris
460 1155 548 1181 non
598 1143 662 1181 est
708 1155 834 1181 ausus
879 1155 1003 1181 suum
1046 1155 1203 1182 nomen
1247 1141 1454 1195 emptioni
1496 1142 1563 1182 illi

228 1199 478 1240 adscribere.
522 1198 673 1240 Posuit
704 1197 928 1240 Scatonem
959 1199 1095 1252 illum,
1126 1199 1342 1240 hominem
1376 1215 1452 1241 sua
1484 1200 1562 1241 vir-

227 1261 318 1299 tute
362 1261 576 1312 egentem,
620 1260 667 1298 ut
704 1258 758 1310 is,
803 1258 874 1311 qui
915 1259 959 1298 in
996 1257 1168 1308 Marsis,
1211 1258 1284 1299 ubi
1321 1261 1447 1299 natus
1487 1262 1563 1312 est,

228 1319 402 1370 tectum,
434 1330 517 1370 quo
550 1317 699 1357 imbris
732 1316 896 1357 vitandi
923 1331 1050 1357 causa
1077 1317 1330 1370 succederet,
1360 1317 1446 1358 iam
1470 1318 1562 1358 nul·
1582 1332 1616 1357 20

227 1376 316 1416 lum
347 1375 543 1427 haberet,
585 1375 699 1416 aedis
733 1376 777 1416 in
807 1374 976 1416 Palatio
1008 1375 1300 1417 nobilissimas
1333 1376 1485 1417 emisse
1518 1390 1562 1418 se

228 1434 397 1475 diceret.
469 1433 723 1475 Inferiorem
769 1433 935 1475 aedium
978 1437 1145 1488 partem
1190 1434 1434 1489 adsignavit
1476 1449 1563 1476 non

229 1507 329 1534 suae
356 1492 475 1547 genti
500 1492 717 1546 Fonteiae,
751 1492 823 1532 sed
850 1491 1035 1546 Clodiae,
1068 1508 1193 1547 quarn
1220 1493 1405 1547 reliquit,
1437 1508 1562 1559 quern

227 1551 271 1592 in
302 1565 525 1592 numerum
558 1566 608 1592 ex
640 1551 787 1591 multis
814 1550 975 1592 Clodiis
1006 1566 1131 1593 nemo
1157 1566 1312 1593 nomen
1338 1552 1452 1592 dedit
1477 1552 1560 1593 nisi

229 1612 303 1651 aut
330 1612 521 1664 egestate
548 1612 622 1650 aut
648 1610 801 1651 scelere
827 1610 1030 1664 perditus.
1068 1610 1189 1651 Hanc
1215 1625 1302 1663 vos,
1326 1610 1561 1675 pontifices,
1581 1624 1614 1649 25

228 1671 414 1721 tantam,
464 1672 554 1709 tam
598 1668 780 1722 valiam,
830 1671 920 1709 tam
964 1683 1118 1710 novam
1162 1669 1206 1710 in
1249 1669 1365 1710 omni
1409 1683 1561 1724 genere

228 1727 512 1779 voluntatem,
544 1727 847 1781 inpudentiam,
880 1727 1111 1782 audaciam,
1143 1727 1420 1781 cupiditatem
1451 1742 1562 1769 com-

248 1785 517 1838 probabitis?

161 1830 243 1874 (45)
335 1842 576 1897 ‘Pontifex’,
615 1844 771 1898 inquit,
816 1844 995 1886 ‘adfuit'
1056 1844 1155 1886 Non
1196 1847 1239 1886 te
1276 1844 1423 1899 pudet,
1466 1860 1561 1887 cum

231 1902 342 1956 apud
379 1902 602 1955 pontifices
640 1917 705 1943 res
745 1905 915 1958 agatur,
951 1903 1195 1957 pontificem
1234 1903 1370 1945 dicere
1403 1906 1445 1944 et
1475 1918 1561 1946 non
1580 1917 1614 1943 30

229 1960 460 2014 collegium
485 1961 732 2013 pontificum
754 1961 950 2011 adfuisse,
977 1961 1228 2016 praesertim
1250 1977 1344 2003 cum
1364 1963 1560 2003 tribunus

230 2020 286 2074 pl.
324 2019 391 2060 vel
429 2018 677 2060 denuntiare
713 2020 902 2073 potueris
940 2020 1008 2061 vel
1047 2021 1174 2061 etiam
1212 2021 1392 2074 cogere?
1440 2020 1562 2075 Esto,

230 2077 460 2132 collegium
490 2091 577 2118 non
608 2077 859 2131 adhibuisti3
894 2079 1022 2132 quid?
1055 2079 1104 2119 de
1136 2079 1318 2134 collegio
1351 2079 1445 2133 quis
1471 2082 1561 2120 tan-

231 2136 326 2176 dem
359 2135 522 2177 adfuit?
573 2134 689 2190 Opus
723 2140 814 2178 erat
846 2137 956 2177 enim
990 2137 1256 2191 auctoritate,
1289 2152 1395 2191 quae
1427 2138 1562 2179 estin

231 2195 298 2236 his
325 2194 535 2249 omnibus,
563 2194 636 2235 sed
661 2198 805 2235 tamen
831 2198 959 2248 auget
985 2198 1027 2236 et
1053 2199 1170 2236 aetas
1197 2199 1240 2236 et
1265 2196 1399 2238 honos
1427 2196 1560 2251 digni·
1579 2208 1613 2234 35

232 2256 384 2305 tatem3
417 2267 522 2307 opus
556 2255 647 2293 erat
680 2253 809 2293 etiam
842 2253 1028 2307 scientia,
1061 2269 1187 2308 quam
1219 2254 1256 2295 si
1287 2269 1433 2296 omnes
1464 2269 1562 2296 con·

165 2311 369 2353 118secuti
395 2314 506 2365 sunt,
531 2314 676 2353 tamen
702 2315 814 2353 certe
840 2312 1064 2366 peritiores
1090 2315 1281 2354 vetustas
1306 2313 1420 2354 facit.
1458 2312 1561 2362 Quis
