1619 2542
73 1101 114 1134 17

136 92 222 133 306
507 92 603 128 PRO
628 91 667 127 L.
694 90 899 126 MURENA
925 89 1113 126 ORATIO.

137 187 362 243 nobilitas,
395 186 482 229 Ser.
504 187 682 242 Sulpici,
714 186 891 228 tametsi
923 200 1090 228 summa
1121 188 1199 241 est,
1229 188 1375 228 tamen
1404 186 1479 228 ho·

138 246 326 288 minibus
359 246 563 288 litteratis
596 248 639 287 et
664 245 881 287 historicis
914 247 979 286 est
1008 244 1164 299 notior,
1195 246 1354 300 populo
1379 260 1479 288 vero

139 308 181 347 et
213 305 572 360 suffragatoribus
607 304 838 346 obscurior.
882 302 1009 345 Pater
1042 304 1154 344 enim
1184 303 1269 344 fuit
1294 304 1480 359 equestri

138 364 246 418 loco,
279 378 382 405 avus
414 364 535 405 nulla
566 363 741 404 inlustri
772 361 896 404 laude
923 362 1173 404 celebratus.
1215 361 1367 417 Itaque
1392 377 1480 404 non

139 437 189 464 ex
221 437 417 464 sermone
449 422 673 463 hominum
705 421 884 476 recenti,
921 421 996 462 sed
1028 435 1078 462 ex
1110 421 1330 463 annalium
1360 425 1479 463 vetu—
1515 431 1533 458 5

140 484 250 522 state
295 481 480 522 eruenda
530 480 738 522 memoria
779 482 845 521 est
880 479 1124 521 nobilitatis
1162 482 1271 521 tuae.
1340 479 1480 529 Quare

140 554 221 595 ego
253 542 296 581 te
329 554 495 594 semper
527 539 572 580 in
603 541 799 580 nostrum
830 552 1055 580 numerum
1087 537 1323 594 adgregare
1350 539 1481 593 soleo,

141 598 253 652 quod
291 598 448 639 virtute
486 597 781 652 industriaque
819 596 1056 652 perfecisti,
1094 600 1157 650 ut,
1196 611 1292 639 cum
1324 596 1479 652 equitis

138 657 323 698 Romani
355 671 469 698 esses
494 656 623 709 filius,
655 670 821 697 summa
845 658 991 697 tamen
1017 655 1300 709 amplitudine
1326 655 1480 711 dignus

138 718 346 770 putarere.
408 714 498 757 Nec
541 714 647 756 mihi
684 729 887 769 umquam
925 714 1065 755 minus
1104 715 1149 756 in
1186 714 1234 764 Q.
1264 713 1481 769 Pompeio,
1500 724 1534 750 1⁰

138 789 248 816 novo
286 774 460 815 homine
501 775 543 815 et
580 773 819 815 fortissimo
857 773 968 828 viro,
1004 773 1178 814 virtutis
1216 786 1309 815 esse
1340 773 1481 815 visum

140 835 205 874 est
237 847 365 886 quam
396 832 441 873 in
471 832 645 873 homine
676 832 958 885 nobilissimo,
988 831 1045 873 M.
1066 831 1263 873 Aemilio.
1306 830 1481 873 Etenim

141 891 328 933 eiusdem
368 891 500 932 animi
538 893 666 945 atque
703 890 866 946 ingenii
904 892 970 932 est
1006 890 1191 945 posteris
1224 890 1330 945 suis,
1368 890 1480 945 quod

140 950 370 1004 Pompeius
420 949 541 1003 fecit,
590 949 917 1003 amplitudinem
962 948 1166 1002 nominis,
1217 963 1346 1003 quam
1394 963 1481 991 non

142 1008 370 1062 acceperit,
415 1007 584 1049 tradere
623 1010 682 1061 et,
725 1010 774 1049 ut
813 1007 1011 1062 Scaurus,
1051 1007 1304 1049 memoriam
1346 1021 1481 1062 prope
1499 1017 1534 1047 15

141 1067 471 1108 intermortuam
515 1066 683 1121 generis
728 1080 805 1107 sua
848 1066 1006 1107 virtute
1046 1080 1262 1107 renovare.
1330 1065 1482 1114 Quam·

143 1140 271 1179 quam
304 1137 384 1178 ego
417 1125 502 1165 iam
534 1124 754 1179 putabam,
784 1124 955 1178 iudices,
987 1124 1134 1165 multis
1166 1124 1270 1165 viris
1295 1123 1481 1166 fortibus

140 1198 193 1224 ne
243 1183 495 1237 ignobilitas
539 1183 706 1237 generis
752 1183 1009 1235 obiceretur,
1059 1197 1154 1223 meo
1198 1182 1345 1224 labore
1389 1197 1481 1224 esse

141 1241 389 1297 perfectum,
421 1241 493 1295 qui
524 1256 610 1282 non
635 1241 761 1282 modo
789 1240 941 1294 Curiis,
973 1239 1221 1294 Catonibus,
1252 1240 1482 1295 Pompeiis,

144 1300 333 1354 antiquis
364 1300 453 1341 illis
484 1299 734 1341 fortissimis
760 1299 882 1353 viris,
921 1299 1061 1352 [novis
1093 1299 1374 1353 hominibus,]
1408 1299 1481 1341 sed
1500 1311 1534 1337 20

142 1359 208 1400 his
242 1358 500 1412 recentibus,
526 1357 676 1399 Mariis
709 1360 752 1399 et
782 1357 920 1399 Didiis
954 1360 997 1399 et
1029 1356 1198 1411 Caeliis,
1229 1371 1482 1400 commemo-

142 1417 288 1458 randis
320 1417 529 1459 iacebant.
581 1415 689 1458 Cum
720 1431 821 1458 vero
854 1430 932 1471 ego
965 1418 1088 1458 tanto
1119 1416 1344 1458 intervallo
1372 1417 1484 1458 clau-

144 1479 234 1517 stra
272 1476 356 1517 ista
393 1476 632 1517 nobilitatis
672 1475 964 1530 refregissem,
1000 1477 1049 1516 ut
1079 1475 1219 1516 aditus
1252 1474 1305 1516 ad
1336 1489 1483 1517 consu-

143 1535 281 1576 latum
312 1534 513 1588 posthac,
555 1534 664 1576 sicut
703 1534 815 1589 apud
852 1533 1035 1575 maiores
1067 1536 1239 1575 nostros
1269 1532 1364 1588 fuit,
1395 1548 1483 1575 non

142 1593 281 1648 magis
314 1593 533 1634 nobilitati
565 1607 692 1647 quam
724 1592 875 1634 virtuti
906 1594 1085 1646 pateret,
1114 1606 1203 1633 non
1229 1592 1483 1647 arbitrabar,
1501 1602 1535 1629 25

144 1666 239 1692 cum
282 1665 332 1691 ex
369 1650 538 1692 familia
576 1654 718 1692 vetere
757 1653 799 1692 et
835 1651 1009 1692 inlustri
1047 1650 1194 1692 consul
1234 1650 1482 1705 designatus

145 1709 198 1750 ab
235 1709 389 1762 equitis
416 1709 601 1751 Romani
625 1709 714 1750 filio
747 1710 919 1751 consule
946 1708 1251 1762 defenderetur,
1283 1708 1333 1750 de
1359 1722 1482 1764 gene-

143 1767 202 1808 ris
242 1767 435 1808 novitate
474 1770 741 1809 accusatores
780 1782 872 1809 esse
911 1767 1110 1809 dicturos.
1170 1767 1344 1808 Etenim
1375 1765 1482 1807 mihi

144 1825 228 1880 ipsi
260 1825 425 1878 accidit,
455 1829 504 1867 ut
535 1841 631 1867 cum
663 1826 827 1868 duobus
859 1825 1064 1880 patriciis,
1096 1826 1231 1866 altero
1256 1825 1482 1880 improbis-

147 1884 254 1925 simo
300 1885 427 1937 atque
473 1884 775 1938 audacissimo,
819 1884 955 1926 altero
999 1883 1315 1925 modestissimo
1355 1885 1534 1937 atquesso

147 1942 310 1997 optimo
349 1941 461 1995 viro,
498 1945 705 1997 peterem3
745 1942 943 1997 superavi
979 1944 1124 1983 tamen
1160 1941 1369 1996 dignitate
1402 1941 1481 1983 Oa-

145 2000 332 2051 tilinam,
376 2000 516 2054 gratia
560 2000 754 2042 Galbam.
828 1999 989 2049 Quodsi
1029 1999 1072 2040 id
1116 1999 1275 2041 crimen
1317 1999 1482 2042 homini

146 2074 258 2101 novo
291 2072 384 2099 esse
416 2058 600 2113 deberet,
632 2059 826 2113 profecto
859 2058 966 2100 mihi
996 2072 1132 2112 neque
1157 2058 1320 2100 inimici
1343 2072 1480 2113 neque

78 2129 121 2160 18
146 2117 279 2159 invidi
311 2115 555 2158 defuissent.
606 2116 867 2159 Omittamus
898 2117 1031 2172 igitur
1062 2115 1113 2157 de
1145 2130 1298 2171 genere
1331 2116 1480 2171 dicere,

148 2176 265 2218 cuius
298 2177 363 2216 est
387 2188 546 2229 magna
571 2174 615 2216 in
639 2178 822 2230 utroque
849 2175 1051 2230 dignitas3
1083 2174 1301 2216 videamus
1327 2177 1478 2217 cetera.
1498 2184 1532 2211 35

238 2232 535 2282 ‘Quaesturam
567 2247 650 2274 una
681 2234 819 2288 petiit,
855 2235 897 2274 et
927 2247 1022 2274 sum
1054 2246 1132 2287 ego
1163 2233 1303 2275 factus
1334 2231 1478 2287 prior?

147 2292 246 2335 Non
272 2294 338 2334 est
357 2290 698 2347 respondendum
719 2292 771 2333 ad
792 2291 945 2333 omnia.
988 2290 1137 2347 Neque
1157 2291 1269 2333 enim
1288 2294 1479 2334 vestrum
