1687 2533
541 84 643 121 CAP.
672 89 809 120 18-20
835 89 855 127 ξ
881 88 1031 119 52—57.
1377 83 1462 125 359

116 183 311 234 invidiae,
334 183 407 224 sed
428 196 660 237 aequorum
682 181 990 236 exspectationi
1011 181 1117 222 satis
1138 180 1278 222 facere
1298 181 1462 234 posset!

117 243 415 298 ‘Pi-operatum
474 241 748 282 vehementer
807 242 889 294 est,
951 254 1046 281 cum
1105 240 1234 294 longe
1292 242 1462 293 tempus

118 302 305 343 muneris
345 299 540 342 abesset?
603 298 736 348 Quasi
766 313 867 340 vero
907 302 1076 353 tempus
1116 298 1243 339 dandi
1274 298 1462 339 muneris

119 376 205 402 11011
231 360 353 401 valde
380 358 755 413 appropinquaret.
801 357 905 398 ‘Neo
932 358 1134 410 opinante
1160 356 1334 410 Fausto,
1367 371 1462 398 011111

85 431 100 455 ῡ
120 420 156 460 is
195 433 331 473 neque
370 418 497 459 sciret
535 431 672 471 neque
703 416 852 470 vellet,
889 415 1055 457 familia
1087 418 1153 457 est
1185 415 1462 470 comparata.9

70 724 102 748 10

71 1018 104 1043 15

72 1312 107 1336 20

79 1895 114 1920 30

82 2186 116 2211 35

121 479 180 518 At
217 478 387 518 litterae
426 478 525 518 sunt
562 475 727 528 Fausti,
765 489 841 529 per
880 489 984 529 quas
1024 475 1097 516 ille
1128 475 1328 529 precibus
1361 489 1386 515 a
1417 474 1463 515 P.

122 536 239 578 Sulla
271 536 392 590 petit,
423 538 471 576 ut
497 537 610 575 emat
636 534 910 589 gladiatores,
944 536 986 574 et
1012 537 1060 574 ut
1085 533 1164 574 hos
1190 533 1309 587 ipsos
1337 535 1465 587 emat,

120 610 256 649 neque
289 595 428 636 solum
461 593 513 634 ad
545 591 709 633 Sullam
742 593 916 646 missae,
956 592 1029 633 sed
1061 592 1114 633 ad
1146 591 1191 633 L.
1224 591 1465 645 Caesarem,

122 654 170 703 Q.
213 653 482 708 Pompeium,
530 650 575 693 C.
618 651 885 704 Memmium,
930 666 1110 705 quorum
1152 651 1202 692 de
1250 651 1466 692 sententia

122 715 217 754 tota
248 727 315 753 res
349 714 472 767 gesta
505 714 581 752 est.
632 709 708 750 eAt
740 709 926 764 praefuit
956 709 1176 750 familiae?
1227 709 1321 750 Iam
1353 709 1389 750 si
1421 709 1467 750 in

122 771 313 826 paranda
355 770 522 811 familia
564 769 685 810 nulla
729 769 915 823 suspicio
960 771 1042 821 est,
1087 769 1180 822 quis
1219 767 1466 822 praefuerit,

122 830 233 871 nihil
266 829 319 871 ad
350 843 438 870 rem
470 828 674 883 pertinet3
715 827 788 868 sed
820 830 964 868 tamen
997 842 1171 868 munere
1204 825 1360 868 Servili
1393 826 1466 867 ob-

123 889 225 930 tulit
272 902 316 929 se
367 887 420 929 ad
465 887 726 928 ferramenta
770 886 1089 941 prospicienda,
1131 885 1320 940 praefuit
1366 899 1466 926 vero

123 962 370 1001 numquam,
396 960 528 1001 eaque
553 960 621 986 res
649 945 765 986 omni
790 947 984 999 tempore
1011 959 1087 1000 per
1107 944 1291 998 Bellum,
1317 943 1468 985 Fausti

124 1007 345 1059 libertum,
377 1005 679 1046 administrata
711 1006 787 1046 est.

212 1065 272 1105 At
310 1064 422 1105 enim
454 1062 606 1104 Sittius
646 1065 712 1104 est
749 1063 804 1104 ab
841 1063 923 1104 1100
954 1062 999 1103 111
1030 1062 1283 1118 ulteriorem
1313 1061 1467 1116 Hispa-

123 1123 239 1165 niam
267 1123 435 1175 missus,
460 1126 509 1163 ut
535 1136 628 1163 eam
653 1121 919 1175 provinciam
946 1121 1233 1175 perturbaret.
1276 1120 1468 1161 Primum

125 1180 296 1235 Sittius,
345 1181 525 1234 iudices,
569 1179 614 1222 L.
651 1179 762 1221 Iulio
803 1179 846 1221 C.
884 1179 1039 1234 Figulo
1084 1179 1331 1220 consulibus
1375 1193 1469 1233 pro-

124 1240 262 1282 fectus
301 1243 366 1281 est
407 1240 628 1294 aliquanto
663 1241 762 1280 ante
793 1239 982 1279 furorem
1016 1237 1228 1279 Catilinae
1261 1240 1303 1278 et
1336 1237 1470 1291 suspi-

127 1300 293 1340 cionem
331 1299 457 1340 huius
490 1297 817 1350 coniurationis3
857 1296 1006 1338 deinde
1038 1299 1104 1338 est
1134 1295 1352 1350 profectus
1383 1310 1471 1336 non

127 1361 218 1398 tum
258 1357 462 1412 primum,
503 1356 575 1397 sed
607 1371 702 1397 cum
733 1356 779 1396 in
809 1355 945 1395 isdem
978 1354 1083 1395 locis
1117 1355 1337 1408 aliquanto
1372 1356 1470 1394 ante

128 1416 276 1457 eadem
320 1415 370 1456 de
408 1430 536 1456 causa
575 1414 740 1468 aliquot
779 1427 913 1454 annos
951 1412 1123 1466 fuisset,
1166 1427 1214 1453 30
1248 1411 1467 1466 profectus

129 1478 194 1516 est
230 1488 319 1515 non
351 1473 476 1514 modo
510 1473 564 1514 ob
597 1487 787 1525 causam,
827 1471 900 1512 sed
933 1471 1064 1512 etiam
1097 1471 1150 1511 ob
1183 1470 1469 1511 necessariam

129 1547 320 1586 causam,
364 1546 521 1586 magna
565 1531 732 1572 ratione
777 1544 873 1571 011111
906 1529 1200 1570 Mauretaniae
1234 1542 1335 1584 rege
1375 1543 1470 1569 con-

76 1604 90 1628 ·2
129 1593 281 1632 tracta.
342 1589 451 1631 Tum
490 1592 650 1639 autem,
687 1589 764 1630 illo
802 1587 1014 1642 profecto,
1054 1586 1174 1628 Sulla
1211 1589 1469 1641 procurante

130 1650 219 1691 eius
252 1664 343 1690 rem
375 1652 418 1689 et
444 1650 618 1703 gerente
649 1646 847 1702 plurimis
881 1649 923 1687 et
954 1645 1256 1700 pulcherrimis
1288 1644 1336 1687 P.
1369 1644 1471 1686 Sitti

130 1708 316 1763 praediis
348 1707 531 1748 venditis
565 1719 636 1747 aes
669 1706 856 1746 alienum
889 1705 1076 1745 eiusdem
1098 1706 1174 1745 est
1201 1704 1470 1756 dissolutum,

130 1770 196 1820 ut,
234 1781 342 1821 quae
382 1780 509 1807 causa
547 1767 710 1806 ceteros
748 1763 801 1804 ad
831 1763 996 1804 facinus
1027 1762 1217 1817 impulit,
1259 1762 1471 1817 cupiditas

132 1825 379 1866 retinendae
417 1822 721 1879 possessionis,
761 1836 810 1863 ea
842 1820 970 1862 Sittio
1007 1836 1095 1862 non
1126 1821 1254 1862 fuerit
1285 1821 1471 1876 praediis

134 1883 373 1924 deminutis.
440 1882 533 1923 Iam
570 1895 671 1922 vero
718 1880 826 1921 illud
865 1894 992 1934 quam
1029 1880 1297 1933 incredibile,
1344 1894 1472 1933 quam

134 1942 378 1994 absurdum,
410 1941 482 1996 qui
513 1940 675 1981 Romae
707 1938 877 1980 caedem
907 1938 1058 1992 facere,
1090 1938 1162 1993 qui
1187 1939 1297 1979 hanc
1324 1938 1474 1979 urbem

134 1999 400 2041 inflammare
420 2000 563 2051 vellet,
590 2013 685 2039 eum
704 1997 1094 2038 familiarissimum
1114 2011 1238 2038 suum
1258 1996 1473 2036 dimittere

136 2059 189 2099 ab
231 2073 275 2099 se
316 2061 358 2099 et
403 2057 632 2098 amandare
676 2056 720 2097 in
758 2055 933 2096 ultimas
971 2057 1126 2097 terras!
1193 2054 1353 2096 Utrum
1391 2067 1473 2107 quo

136 2116 304 2157 facilius
342 2115 503 2157 Romae
547 2130 613 2170 ea,
658 2129 764 2168 quae
810 2115 1063 2169 conabatur,
1106 2113 1311 2165 efficeret,
1355 2112 1392 2153 si
1429 2112 1473 2152 in

135 2174 347 2229 Hispania
384 2175 606 2216 turbatum
646 2172 785 2214 esset‘?
847 2172 908 2213 At-
938 2172 1043 2214 11300
1074 2173 1169 2226 ipsa
1200 2186 1274 2225 per
1306 2185 1350 2211 se
1384 2170 1474 2211 sine

136 2233 227 2274 ulla
261 2233 557 2274 coniunctione
591 2232 841 2287 agebantur.
885 2231 955 2271 An
981 2232 1026 2272 in
1051 2231 1185 2272 tantis
1212 2229 1352 2281 rebus,
1384 2231 1475 2269 tam

136 2291 259 2332 novis
277 2291 478 2341 consiliis,
494 2295 582 2332 tam
598 2290 860 2345 periculosis,
879 2291 968 2330 tam
983 2289 1243 2330 turbulentis
1258 2287 1476 2328 hominem

1493 487 1529 495 ›-

1490 497 1534 516 Οἱ)

1482 1047 1540 1088 20

1496 1099 1539 1129 56

1499 1890 1542 1920 57
