<?xml version="1.0" encoding="UTF-8"?>
<!DOCTYPE html PUBLIC "-//W3C//DTD XHTML 1.0 Transitional//EN"
    "http://www.w3.org/TR/xhtml1/DTD/xhtml1-transitional.dtd">
<html xmlns="http://www.w3.org/1999/xhtml" xml:lang="en" lang="en">
 <head>
  <title>
</title>
<meta http-equiv="Content-Type" content="text/html;charset=utf-8" />
  <meta name='ocr-system' content='tesseract 3.04.00' />
  <meta name='ocr-capabilities' content='ocr_page ocr_carea ocr_par ocr_line ocrx_word'/>
</head>
<body>
  <div class='ocr_page' id='page_1' title='image "./p2scriptaquaemanse02ciceuoft_0013.png"; bbox 0 0 1619 2542; ppageno 0'>
   <div class='ocr_carea' id='block_1_1' title="bbox 523 90 1433 127">
    <p class='ocr_par' dir='ltr' id='par_1_1' title="bbox 523 90 1433 127">
     <span class='ocr_line' id='line_1_1' title="bbox 523 90 1433 127; baseline -0.001 -2"><span class='ocrx_word' id='word_1_1' title='bbox 523 90 804 127; x_wconf 87' lang='lat' dir='ltr'>ADNOTATIO</span> <span class='ocrx_word' id='word_1_2' title='bbox 832 90 1029 126; x_wconf 85' lang='lat' dir='ltr'>CRITICA.</span> <span class='ocrx_word' id='word_1_3' title='bbox 1401 90 1433 124; x_wconf 88' lang='lat' dir='ltr'>V</span> 
     </span>
    </p>
   </div>
   <div class='ocr_carea' id='block_1_2' title="bbox 100 183 1438 1542">
    <p class='ocr_par' dir='ltr' id='par_1_2' title="bbox 100 183 1438 1542">
     <span class='ocr_line' id='line_1_2' title="bbox 103 183 1433 228; baseline 0.002 -11"><span class='ocrx_word' id='word_1_4' title='bbox 103 204 145 209; x_wconf 90' lang='lat'>—</span> <span class='ocrx_word' id='word_1_5' title='bbox 166 183 205 219; x_wconf 90' lang='lat' dir='ltr'>P.</span> <span class='ocrx_word' id='word_1_6' title='bbox 228 188 280 218; x_wconf 87' lang='lat'>13.</span> <span class='ocrx_word' id='word_1_7' title='bbox 305 187 347 219; x_wconf 89' lang='lat'>14</span> <span class='ocrx_word' id='word_1_8' title='bbox 373 185 447 220; x_wconf 77' lang='lat' dir='ltr'>luci</span> <span class='ocrx_word' id='word_1_9' title='bbox 471 184 550 219; x_wconf 90' lang='lat' dir='ltr'>cod.</span> <span class='ocrx_word' id='word_1_10' title='bbox 571 185 612 227; x_wconf 89' lang='lat' dir='ltr'>T,</span> <span class='ocrx_word' id='word_1_11' title='bbox 638 186 713 220; x_wconf 75' lang='lat' dir='ltr'>luce</span> <span class='ocrx_word' id='word_1_12' title='bbox 732 186 773 219; x_wconf 91' lang='lat' dir='ltr'>ut</span> <span class='ocrx_word' id='word_1_13' title='bbox 791 197 825 221; x_wconf 83' lang='lat' dir='ltr'>v.</span> <span class='ocrx_word' id='word_1_14' title='bbox 846 189 887 219; x_wconf 92' lang='lat'>21</span> <span class='ocrx_word' id='word_1_15' title='bbox 911 186 948 219; x_wconf 80' lang='lat' dir='ltr'>et</span> <span class='ocrx_word' id='word_1_16' title='bbox 967 189 1011 220; x_wconf 90' lang='lat'>35</span> <span class='ocrx_word' id='word_1_17' title='bbox 1031 184 1138 228; x_wconf 72' lang='lat' dir='ltr'>Bait,</span> <span class='ocrx_word' id='word_1_18' title='bbox 1165 184 1287 227; x_wconf 63' lang='lat' dir='ltr'>Kays„</span> <span class='ocrx_word' id='word_1_19' title='bbox 1314 183 1433 220; x_wconf 85' lang='lat' dir='ltr'>Klotz.</span> 
     </span>
     <span class='ocr_line' id='line_1_3' title="bbox 102 230 1433 275; baseline 0 -10"><span class='ocrx_word' id='word_1_20' title='bbox 102 251 144 255; x_wconf 98' lang='lat'><strong>—</strong></span> <span class='ocrx_word' id='word_1_21' title='bbox 165 230 203 265; x_wconf 90' lang='lat' dir='ltr'>P.</span> <span class='ocrx_word' id='word_1_22' title='bbox 227 234 278 265; x_wconf 90' lang='lat'>13.</span> <span class='ocrx_word' id='word_1_23' title='bbox 301 236 345 266; x_wconf 88' lang='grc'>36</span> <span class='ocrx_word' id='word_1_24' title='bbox 371 232 541 274; x_wconf 74' lang='lat' dir='ltr'><em>defendit</em></span> <span class='ocrx_word' id='word_1_25' title='bbox 567 232 645 268; x_wconf 88' lang='lat' dir='ltr'>cod.</span> <span class='ocrx_word' id='word_1_26' title='bbox 674 233 714 275; x_wconf 89' lang='lat' dir='ltr'>T,</span> <span class='ocrx_word' id='word_1_27' title='bbox 741 231 847 275; x_wconf 68' lang='lat' dir='ltr'>Bait,</span> <span class='ocrx_word' id='word_1_28' title='bbox 874 231 1007 275; x_wconf 64' lang='lat' dir='ltr'>Klotz„</span> <span class='ocrx_word' id='word_1_29' title='bbox 1033 233 1194 275; x_wconf 72' lang='lat' dir='ltr'>defendet</span> <span class='ocrx_word' id='word_1_30' title='bbox 1219 231 1314 267; x_wconf 83' lang='lat' dir='ltr'>Bait.</span> <span class='ocrx_word' id='word_1_31' title='bbox 1337 233 1433 266; x_wconf 87' lang='lat' dir='ltr'>auct.</span> 
     </span>
     <span class='ocr_line' id='line_1_4' title="bbox 101 277 1435 323; baseline 0.002 -12"><span class='ocrx_word' id='word_1_32' title='bbox 101 277 228 321; x_wconf 82' lang='lat' dir='ltr'>Kays.;</span> <span class='ocrx_word' id='word_1_33' title='bbox 256 277 300 311; x_wconf 85' lang='lat' dir='ltr'>cf.</span> <span class='ocrx_word' id='word_1_34' title='bbox 327 290 360 322; x_wconf 88' lang='lat' dir='ltr'>p.</span> <span class='ocrx_word' id='word_1_35' title='bbox 385 282 437 314; x_wconf 89' lang='lat'>14.</span> <span class='ocrx_word' id='word_1_36' title='bbox 458 282 497 321; x_wconf 86' lang='lat'>2,</span> <span class='ocrx_word' id='word_1_37' title='bbox 523 283 601 314; x_wconf 84' lang='lat'>216.</span> <span class='ocrx_word' id='word_1_38' title='bbox 625 283 656 320; x_wconf 90' lang='grc'>3,</span> <span class='ocrx_word' id='word_1_39' title='bbox 683 283 760 315; x_wconf 83' lang='grc'>264.</span> <span class='ocrx_word' id='word_1_40' title='bbox 786 283 838 322; x_wconf 88' lang='grc'>18,</span> <span class='ocrx_word' id='word_1_41' title='bbox 865 283 942 314; x_wconf 88' lang='grc'>289.</span> <span class='ocrx_word' id='word_1_42' title='bbox 971 282 991 313; x_wconf 88' lang='grc'>5</span> <span class='ocrx_word' id='word_1_43' title='bbox 1019 280 1267 323; x_wconf 72' lang='lat' dir='ltr'>(provideritis</span> <span class='ocrx_word' id='word_1_44' title='bbox 1292 278 1435 322; x_wconf 85' lang='lat' dir='ltr'>aliquot</span> 
     </span>
     <span class='ocr_line' id='line_1_5' title="bbox 102 324 1433 369; baseline 0.002 -10"><span class='ocrx_word' id='word_1_45' title='bbox 102 324 235 368; x_wconf 59' lang='lat' dir='ltr'>codd),</span> <span class='ocrx_word' id='word_1_46' title='bbox 256 328 333 360; x_wconf 86' lang='lat'>371.</span> <span class='ocrx_word' id='word_1_47' title='bbox 356 329 409 368; x_wconf 92' lang='lat'>11,</span> <span class='ocrx_word' id='word_1_48' title='bbox 430 329 508 360; x_wconf 81' lang='lat'>428.</span> <span class='ocrx_word' id='word_1_49' title='bbox 533 330 586 369; x_wconf 89' lang='lat'>10,</span> <span class='ocrx_word' id='word_1_50' title='bbox 607 330 684 361; x_wconf 88' lang='lat'>454.</span> <span class='ocrx_word' id='word_1_51' title='bbox 707 330 750 360; x_wconf 83' lang='lat'>37</span> <span class='ocrx_word' id='word_1_52' title='bbox 772 337 835 369; x_wconf 86' lang='lat' dir='ltr'>sq.,</span> <span class='ocrx_word' id='word_1_53' title='bbox 855 330 934 361; x_wconf 85' lang='lat'>458.</span> <span class='ocrx_word' id='word_1_54' title='bbox 956 330 1011 368; x_wconf 82' lang='lat'>21,</span> <span class='ocrx_word' id='word_1_55' title='bbox 1032 330 1109 361; x_wconf 84' lang='lat'>474.</span> <span class='ocrx_word' id='word_1_56' title='bbox 1132 330 1187 369; x_wconf 78' lang='lat'>32,</span> <span class='ocrx_word' id='word_1_57' title='bbox 1208 326 1255 360; x_wconf 75' lang='lat' dir='ltr'>acl</span> <span class='ocrx_word' id='word_1_58' title='bbox 1275 325 1307 360; x_wconf 84' lang='lat' dir='ltr'>S.</span> <span class='ocrx_word' id='word_1_59' title='bbox 1329 325 1433 361; x_wconf 79' lang='lat' dir='ltr'>Rosc.</span> 
     </span>
     <span class='ocr_line' id='line_1_6' title="bbox 100 370 1435 417; baseline 0.001 -12"><span class='ocrx_word' id='word_1_60' title='bbox 100 383 136 416; x_wconf 90' lang='lat' dir='ltr'>p.</span> <span class='ocrx_word' id='word_1_61' title='bbox 164 375 217 406; x_wconf 88' lang='lat'>76.</span> <span class='ocrx_word' id='word_1_62' title='bbox 244 376 277 414; x_wconf 82' lang='lat'>4,</span> <span class='ocrx_word' id='word_1_63' title='bbox 304 370 371 406; x_wconf 87' lang='lat' dir='ltr'>Off.</span> <span class='ocrx_word' id='word_1_64' title='bbox 397 372 453 407; x_wconf 84' lang='lat' dir='ltr'>ed..</span> <span class='ocrx_word' id='word_1_65' title='bbox 483 376 571 408; x_wconf 83' lang='lat'>1882</span> <span class='ocrx_word' id='word_1_66' title='bbox 598 385 632 417; x_wconf 90' lang='lat' dir='ltr'>p.</span> <span class='ocrx_word' id='word_1_67' title='bbox 659 377 713 408; x_wconf 95' lang='lat'>66.</span> <span class='ocrx_word' id='word_1_68' title='bbox 735 377 766 408; x_wconf 90' lang='grc'>8.</span> <span class='ocrx_word' id='word_1_69' title='bbox 787 393 830 398; x_wconf 90' lang='grc'>-</span> <span class='ocrx_word' id='word_1_70' title='bbox 851 373 889 408; x_wconf 87' lang='lat' dir='ltr'>P.</span> <span class='ocrx_word' id='word_1_71' title='bbox 912 376 965 407; x_wconf 90' lang='lat'>14.</span> <span class='ocrx_word' id='word_1_72' title='bbox 989 377 1032 408; x_wconf 89' lang='lat'>14</span> <span class='ocrx_word' id='word_1_73' title='bbox 1057 374 1120 417; x_wconf 76' lang='lat' dir='ltr'>qni</span> <span class='ocrx_word' id='word_1_74' title='bbox 1143 372 1273 413; x_wconf 84' lang='lat' dir='ltr'>Rufin,</span> <span class='ocrx_word' id='word_1_75' title='bbox 1301 372 1435 415; x_wconf 88' lang='lat' dir='ltr'>Klotz.‚</span> 
     </span>
     <span class='ocr_line' id='line_1_7' title="bbox 101 418 1434 464; baseline 0.002 -12"><span class='ocrx_word' id='word_1_76' title='bbox 101 419 180 463; x_wconf 77' lang='lat' dir='ltr'>quis</span> <span class='ocrx_word' id='word_1_77' title='bbox 204 418 310 462; x_wconf 72' lang='lat' dir='ltr'>Bait,</span> <span class='ocrx_word' id='word_1_78' title='bbox 336 418 444 464; x_wconf 70' lang='lat' dir='ltr'>Kays.</span> <span class='ocrx_word' id='word_1_79' title='bbox 466 439 508 444; x_wconf 93' lang='lat'>—</span> <span class='ocrx_word' id='word_1_80' title='bbox 531 419 569 455; x_wconf 94' lang='lat' dir='ltr'>P.</span> <span class='ocrx_word' id='word_1_81' title='bbox 593 424 645 456; x_wconf 90' lang='lat'>14.</span> <span class='ocrx_word' id='word_1_82' title='bbox 666 424 709 454; x_wconf 86' lang='lat'>23</span> <span class='ocrx_word' id='word_1_83' title='bbox 736 421 972 462; x_wconf 69' lang='lat' dir='ltr'>iudicaretur,</span> <span class='ocrx_word' id='word_1_84' title='bbox 998 424 1038 454; x_wconf 76' lang='lat' dir='ltr'>tu</span> <span class='ocrx_word' id='word_1_85' title='bbox 1056 420 1166 464; x_wconf 84' lang='lat' dir='ltr'>Kays.</span> <span class='ocrx_word' id='word_1_86' title='bbox 1189 440 1232 445; x_wconf 88' lang='lat'>—</span> <span class='ocrx_word' id='word_1_87' title='bbox 1252 419 1290 454; x_wconf 93' lang='lat' dir='ltr'>P.</span> <span class='ocrx_word' id='word_1_88' title='bbox 1315 423 1369 453; x_wconf 89' lang='lat'>14.</span> <span class='ocrx_word' id='word_1_89' title='bbox 1391 424 1434 454; x_wconf 88' lang='lat'>33</span> 
     </span>
     <span class='ocr_line' id='line_1_8' title="bbox 102 464 1434 511; baseline 0 -11"><span class='ocrx_word' id='word_1_90' title='bbox 102 464 215 500; x_wconf 55' lang='lat' dir='ltr'>tuis?</span> <span class='ocrx_word' id='word_1_91' title='bbox 247 466 300 499; x_wconf 78' lang='lat' dir='ltr'>‘at</span> <span class='ocrx_word' id='word_1_92' title='bbox 325 464 434 510; x_wconf 67' lang='lat' dir='ltr'>Kays</span> <span class='ocrx_word' id='word_1_93' title='bbox 463 487 506 491; x_wconf 91' lang='lat'><strong>—</strong></span> <span class='ocrx_word' id='word_1_94' title='bbox 532 466 570 501; x_wconf 88' lang='lat' dir='ltr'>P.</span> <span class='ocrx_word' id='word_1_95' title='bbox 593 471 645 501; x_wconf 87' lang='lat'>15.</span> <span class='ocrx_word' id='word_1_96' title='bbox 669 471 686 501; x_wconf 89' lang='lat'>1</span> <span class='ocrx_word' id='word_1_97' title='bbox 713 467 905 509; x_wconf 78' lang='lat' dir='ltr'>familiam</span> <span class='ocrx_word' id='word_1_98' title='bbox 930 466 969 502; x_wconf 81' lang='lat' dir='ltr'>G.</span> <span class='ocrx_word' id='word_1_99' title='bbox 991 466 1156 501; x_wconf 82' lang='lat' dir='ltr'>Mueller.</span> <span class='ocrx_word' id='word_1_100' title='bbox 1177 477 1299 511; x_wconf 84' lang='lat' dir='ltr'>progr.</span> <span class='ocrx_word' id='word_1_101' title='bbox 1322 466 1434 501; x_wconf 86' lang='lat' dir='ltr'>Goer-</span> 
     </span>
     <span class='ocr_line' id='line_1_9' title="bbox 101 511 1433 558; baseline 0.001 -12"><span class='ocrx_word' id='word_1_102' title='bbox 101 511 176 547; x_wconf 71' lang='lat' dir='ltr'>litz.</span> <span class='ocrx_word' id='word_1_103' title='bbox 211 515 299 546; x_wconf 90' lang='lat'>1878</span> <span class='ocrx_word' id='word_1_104' title='bbox 330 524 365 557; x_wconf 88' lang='lat' dir='ltr'>p.</span> <span class='ocrx_word' id='word_1_105' title='bbox 394 517 436 548; x_wconf 92' lang='lat'>13</span> <span class='ocrx_word' id='word_1_106' title='bbox 462 525 495 547; x_wconf 92' lang='lat' dir='ltr'>n.</span> <span class='ocrx_word' id='word_1_107' title='bbox 525 517 579 557; x_wconf 93' lang='lat'>10,</span> <span class='ocrx_word' id='word_1_108' title='bbox 604 514 784 556; x_wconf 76' lang='lat' dir='ltr'>familiam</span> <span class='ocrx_word' id='word_1_109' title='bbox 813 515 929 549; x_wconf 70' lang='lat' dir='ltr'><em>Tullii</em></span> <span class='ocrx_word' id='word_1_110' title='bbox 953 514 1075 548; x_wconf 83' lang='lat' dir='ltr'>Madv.</span> <span class='ocrx_word' id='word_1_111' title='bbox 1102 514 1195 548; x_wconf 85' lang='lat' dir='ltr'>Adv.</span> <span class='ocrx_word' id='word_1_112' title='bbox 1221 513 1272 547; x_wconf 90' lang='grc' dir='ltr'>ΠΙ</span> <span class='ocrx_word' id='word_1_113' title='bbox 1298 525 1333 558; x_wconf 86' lang='lat' dir='ltr'>p.</span> <span class='ocrx_word' id='word_1_114' title='bbox 1357 517 1433 557; x_wconf 87' lang='lat'>113,</span> 
     </span>
     <span class='ocr_line' id='line_1_10' title="bbox 100 559 1434 605; baseline 0.001 -12"><span class='ocrx_word' id='word_1_115' title='bbox 100 560 243 602; x_wconf 79' lang='lat' dir='ltr'>familia</span> <span class='ocrx_word' id='word_1_116' title='bbox 270 559 350 594; x_wconf 88' lang='lat' dir='ltr'>cod.</span> <span class='ocrx_word' id='word_1_117' title='bbox 377 561 415 594; x_wconf 85' lang='lat' dir='ltr'>et</span> <span class='ocrx_word' id='word_1_118' title='bbox 445 559 525 594; x_wconf 89' lang='lat' dir='ltr'>edd.</span> <span class='ocrx_word' id='word_1_119' title='bbox 549 581 592 585; x_wconf 90' lang='lat'><strong>—</strong></span> <span class='ocrx_word' id='word_1_120' title='bbox 613 560 653 594; x_wconf 89' lang='lat' dir='ltr'>P.</span> <span class='ocrx_word' id='word_1_121' title='bbox 681 565 734 595; x_wconf 92' lang='lat'>15.</span> <span class='ocrx_word' id='word_1_122' title='bbox 761 565 782 595; x_wconf 89' lang='lat'>4</span> <span class='ocrx_word' id='word_1_123' title='bbox 808 562 932 597; x_wconf 72' lang='lat' dir='ltr'>cotid.</span> <span class='ocrx_word' id='word_1_124' title='bbox 959 561 1037 597; x_wconf 89' lang='lat' dir='ltr'>cod.</span> <span class='ocrx_word' id='word_1_125' title='bbox 1064 561 1109 605; x_wconf 92' lang='lat' dir='ltr'>T,</span> <span class='ocrx_word' id='word_1_126' title='bbox 1141 560 1271 605; x_wconf 64' lang='lat' dir='ltr'>Kays,</span> <span class='ocrx_word' id='word_1_127' title='bbox 1304 560 1434 604; x_wconf 56' lang='lat' dir='ltr'>Klotz,</span> 
     </span>
     <span class='ocr_line' id='line_1_11' title="bbox 101 605 1435 652; baseline 0 -10"><span class='ocrx_word' id='word_1_128' title='bbox 101 607 234 651; x_wconf 72' lang='lat' dir='ltr'>quotid.</span> <span class='ocrx_word' id='word_1_129' title='bbox 260 605 397 642; x_wconf 86' lang='lat' dir='ltr'>Baiter.</span> <span class='ocrx_word' id='word_1_130' title='bbox 425 608 462 641; x_wconf 87' lang='lat' dir='ltr'>et</span> <span class='ocrx_word' id='word_1_131' title='bbox 486 606 606 642; x_wconf 88' lang='lat' dir='ltr'>Halm.</span> <span class='ocrx_word' id='word_1_132' title='bbox 633 607 672 641; x_wconf 81' lang='lat' dir='ltr'>in</span> <span class='ocrx_word' id='word_1_133' title='bbox 698 607 753 642; x_wconf 87' lang='lat' dir='ltr'>ed.</span> <span class='ocrx_word' id='word_1_134' title='bbox 781 608 840 642; x_wconf 89' lang='lat' dir='ltr'>Or.</span> <span class='ocrx_word' id='word_1_135' title='bbox 867 608 901 641; x_wconf 91' lang='lat' dir='ltr'>II</span> <span class='ocrx_word' id='word_1_136' title='bbox 927 619 1081 652; x_wconf 82' lang='lat' dir='ltr'>semper.</span> <span class='ocrx_word' id='word_1_137' title='bbox 1135 608 1249 643; x_wconf 81' lang='lat' dir='ltr'>Cotid.</span> <span class='ocrx_word' id='word_1_138' title='bbox 1277 609 1342 642; x_wconf 87' lang='lat' dir='ltr'>aut</span> <span class='ocrx_word' id='word_1_139' title='bbox 1366 612 1435 642; x_wconf 78' lang='lat' dir='ltr'>cot-</span> 
     </span>
     <span class='ocr_line' id='line_1_12' title="bbox 101 653 1436 699; baseline 0.001 -12"><span class='ocrx_word' id='word_1_140' title='bbox 101 654 164 688; x_wconf 67' lang='lat' dir='ltr'>tid.</span> <span class='ocrx_word' id='word_1_141' title='bbox 193 663 303 698; x_wconf 83' lang='lat' dir='ltr'>saepe</span> <span class='ocrx_word' id='word_1_142' title='bbox 329 653 499 688; x_wconf 86' lang='lat' dir='ltr'>meliores</span> <span class='ocrx_word' id='word_1_143' title='bbox 526 653 631 688; x_wconf 87' lang='lat' dir='ltr'>codd.</span> <span class='ocrx_word' id='word_1_144' title='bbox 657 655 696 688; x_wconf 92' lang='lat' dir='ltr'>in</span> <span class='ocrx_word' id='word_1_145' title='bbox 721 654 778 688; x_wconf 90' lang='lat' dir='ltr'>his</span> <span class='ocrx_word' id='word_1_146' title='bbox 806 656 912 690; x_wconf 79' lang='lat' dir='ltr'>oratt.</span> <span class='ocrx_word' id='word_1_147' title='bbox 940 655 1075 689; x_wconf 83' lang='lat' dir='ltr'>habere</span> <span class='ocrx_word' id='word_1_148' title='bbox 1102 654 1291 697; x_wconf 85' lang='lat' dir='ltr'>dicuntur,</span> <span class='ocrx_word' id='word_1_149' title='bbox 1325 665 1436 699; x_wconf 87' lang='lat' dir='ltr'>saepe</span> 
     </span>
     <span class='ocr_line' id='line_1_13' title="bbox 101 699 1435 746; baseline 0.001 -13"><span class='ocrx_word' id='word_1_150' title='bbox 101 699 194 734; x_wconf 85' lang='lat' dir='ltr'>falso</span> <span class='ocrx_word' id='word_1_151' title='bbox 219 711 293 734; x_wconf 89' lang='lat' dir='ltr'>non</span> <span class='ocrx_word' id='word_1_152' title='bbox 319 699 501 744; x_wconf 86' lang='lat' dir='ltr'>dicuntur,</span> <span class='ocrx_word' id='word_1_153' title='bbox 528 701 631 735; x_wconf 88' lang='lat' dir='ltr'>velut</span> <span class='ocrx_word' id='word_1_154' title='bbox 655 712 720 746; x_wconf 87' lang='lat' dir='ltr'>pro</span> <span class='ocrx_word' id='word_1_155' title='bbox 742 701 884 737; x_wconf 85' lang='lat' dir='ltr'>Cluent.</span> <span class='ocrx_word' id='word_1_156' title='bbox 906 702 1068 746; x_wconf 86' lang='lat' dir='ltr'>septiens</span> <span class='ocrx_word' id='word_1_157' title='bbox 1089 702 1134 736; x_wconf 89' lang='lat' dir='ltr'>de</span> <span class='ocrx_word' id='word_1_158' title='bbox 1155 702 1259 738; x_wconf 84' lang='lat' dir='ltr'>codd.</span> <span class='ocrx_word' id='word_1_159' title='bbox 1279 703 1435 745; x_wconf 83' lang='lat' dir='ltr'>tacetur,</span> 
     </span>
     <span class='ocr_line' id='line_1_14' title="bbox 102 746 1438 791; baseline 0.001 -10"><span class='ocrx_word' id='word_1_160' title='bbox 102 746 215 781; x_wconf 83' lang='lat' dir='ltr'>semel</span> <span class='ocrx_word' id='word_1_161' title='bbox 245 759 279 791; x_wconf 62' lang='lat' dir='ltr'>p,</span> <span class='ocrx_word' id='word_1_162' title='bbox 316 751 392 782; x_wconf 86' lang='lat'>104.</span> <span class='ocrx_word' id='word_1_163' title='bbox 420 751 463 782; x_wconf 87' lang='lat'>35</span> <span class='ocrx_word' id='word_1_164' title='bbox 496 758 539 782; x_wconf 86' lang='lat' dir='ltr'>ex</span> <span class='ocrx_word' id='word_1_165' title='bbox 569 758 641 782; x_wconf 90' lang='lat' dir='ltr'>uno</span> <span class='ocrx_word' id='word_1_166' title='bbox 674 748 753 784; x_wconf 87' lang='lat' dir='ltr'>cod.</span> <span class='ocrx_word' id='word_1_167' title='bbox 781 748 910 783; x_wconf 85' lang='lat' dir='ltr'>Salisb.</span> <span class='ocrx_word' id='word_1_168' title='bbox 945 748 1095 783; x_wconf 83' lang='lat' dir='ltr'>affertur</span> <span class='ocrx_word' id='word_1_169' title='bbox 1126 750 1336 790; x_wconf 74' lang='lat' dir='ltr'>cotidianis,</span> <span class='ocrx_word' id='word_1_170' title='bbox 1371 749 1438 783; x_wconf 86' lang='lat' dir='ltr'>sed</span> 
     </span>
     <span class='ocr_line' id='line_1_15' title="bbox 100 794 1436 840; baseline 0.001 -12"><span class='ocrx_word' id='word_1_171' title='bbox 100 805 135 838; x_wconf 89' lang='lat' dir='ltr'>p.</span> <span class='ocrx_word' id='word_1_172' title='bbox 165 799 239 829; x_wconf 92' lang='lat'>116.</span> <span class='ocrx_word' id='word_1_173' title='bbox 262 798 306 828; x_wconf 91' lang='grc'>30</span> <span class='ocrx_word' id='word_1_174' title='bbox 331 794 443 829; x_wconf 64' lang='lat' dir='ltr'>Bait:</span> <span class='ocrx_word' id='word_1_175' title='bbox 473 795 615 830; x_wconf 74' lang='lat' dir='ltr'>‘cotidie</span> <span class='ocrx_word' id='word_1_176' title='bbox 641 795 664 829; x_wconf 82' lang='lat' dir='ltr'>S</span> <span class='ocrx_word' id='word_1_177' title='bbox 690 795 854 839; x_wconf 89' lang='lat' dir='ltr'>ubique&#39;,</span> <span class='ocrx_word' id='word_1_178' title='bbox 880 807 946 840; x_wconf 84' lang='lat' dir='ltr'>pro</span> <span class='ocrx_word' id='word_1_179' title='bbox 975 795 1078 831; x_wconf 87' lang='lat' dir='ltr'>Caec.</span> <span class='ocrx_word' id='word_1_180' title='bbox 1098 797 1272 840; x_wconf 85' lang='lat' dir='ltr'>Tegerns.</span> <span class='ocrx_word' id='word_1_181' title='bbox 1296 797 1347 839; x_wconf 88' lang='lat' dir='ltr'>(et</span> <span class='ocrx_word' id='word_1_182' title='bbox 1372 807 1436 840; x_wconf 87' lang='lat' dir='ltr'>pa·</span> 
     </span>
     <span class='ocr_line' id='line_1_16' title="bbox 101 840 1436 887; baseline 0.001 -13"><span class='ocrx_word' id='word_1_183' title='bbox 101 840 222 886; x_wconf 88' lang='lat' dir='ltr'>limps.</span> <span class='ocrx_word' id='word_1_184' title='bbox 248 840 369 886; x_wconf 88' lang='lat' dir='ltr'>Taur.)</span> <span class='ocrx_word' id='word_1_185' title='bbox 404 852 478 876; x_wconf 87' lang='lat' dir='ltr'>non</span> <span class='ocrx_word' id='word_1_186' title='bbox 509 842 628 876; x_wconf 83' lang='lat' dir='ltr'>solum</span> <span class='ocrx_word' id='word_1_187' title='bbox 652 855 687 887; x_wconf 91' lang='lat' dir='ltr'>p.</span> <span class='ocrx_word' id='word_1_188' title='bbox 715 847 770 877; x_wconf 94' lang='lat'>42.</span> <span class='ocrx_word' id='word_1_189' title='bbox 797 847 834 885; x_wconf 90' lang='lat'>2,</span> <span class='ocrx_word' id='word_1_190' title='bbox 868 846 922 878; x_wconf 88' lang='lat'>55.</span> <span class='ocrx_word' id='word_1_191' title='bbox 949 847 987 885; x_wconf 87' lang='lat'>2,</span> <span class='ocrx_word' id='word_1_192' title='bbox 1021 847 1074 877; x_wconf 89' lang='lat'>68.</span> <span class='ocrx_word' id='word_1_193' title='bbox 1102 847 1145 877; x_wconf 89' lang='lat'>35</span> <span class='ocrx_word' id='word_1_194' title='bbox 1178 844 1282 878; x_wconf 78' lang='lat' dir='ltr'>cotid.</span> <span class='ocrx_word' id='word_1_195' title='bbox 1308 843 1436 886; x_wconf 82' lang='lat' dir='ltr'>habet,</span> 
     </span>
     <span class='ocr_line' id='line_1_17' title="bbox 103 887 1434 934; baseline 0.002 -12"><span class='ocrx_word' id='word_1_196' title='bbox 103 888 167 922; x_wconf 89' lang='lat' dir='ltr'>sed</span> <span class='ocrx_word' id='word_1_197' title='bbox 200 887 312 922; x_wconf 84' lang='lat' dir='ltr'>etiam</span> <span class='ocrx_word' id='word_1_198' title='bbox 342 901 377 933; x_wconf 91' lang='lat' dir='ltr'>p.</span> <span class='ocrx_word' id='word_1_199' title='bbox 405 892 458 923; x_wconf 89' lang='lat'>68.</span> <span class='ocrx_word' id='word_1_200' title='bbox 486 893 547 932; x_wconf 88' lang='lat'>20,</span> <span class='ocrx_word' id='word_1_201' title='bbox 583 889 627 924; x_wconf 87' lang='lat' dir='ltr'>de</span> <span class='ocrx_word' id='word_1_202' title='bbox 658 889 744 934; x_wconf 86' lang='lat' dir='ltr'>imp.</span> <span class='ocrx_word' id='word_1_203' title='bbox 773 889 836 924; x_wconf 89' lang='lat' dir='ltr'>Cn.</span> <span class='ocrx_word' id='word_1_204' title='bbox 863 889 902 924; x_wconf 91' lang='lat' dir='ltr'>P.</span> <span class='ocrx_word' id='word_1_205' title='bbox 929 889 1009 925; x_wconf 85' lang='lat' dir='ltr'>eod.</span> <span class='ocrx_word' id='word_1_206' title='bbox 1036 889 1206 924; x_wconf 89' lang='lat' dir='ltr'>Hildesh.</span> <span class='ocrx_word' id='word_1_207' title='bbox 1233 891 1285 934; x_wconf 90' lang='lat' dir='ltr'>(et</span> <span class='ocrx_word' id='word_1_208' title='bbox 1315 890 1434 925; x_wconf 86' lang='lat' dir='ltr'>Palat.</span> 
     </span>
     <span class='ocr_line' id='line_1_18' title="bbox 104 935 1434 981; baseline 0.002 -12"><span class='ocrx_word' id='word_1_209' title='bbox 104 938 205 977; x_wconf 85' lang='lat'>1525)</span> <span class='ocrx_word' id='word_1_210' title='bbox 236 946 313 968; x_wconf 86' lang='lat' dir='ltr'>non</span> <span class='ocrx_word' id='word_1_211' title='bbox 344 935 462 970; x_wconf 86' lang='lat' dir='ltr'>solum</span> <span class='ocrx_word' id='word_1_212' title='bbox 493 947 528 980; x_wconf 90' lang='lat' dir='ltr'>p.</span> <span class='ocrx_word' id='word_1_213' title='bbox 557 940 610 971; x_wconf 90' lang='lat'>75.</span> <span class='ocrx_word' id='word_1_214' title='bbox 641 939 683 970; x_wconf 88' lang='lat'>18</span> <span class='ocrx_word' id='word_1_215' title='bbox 710 938 747 971; x_wconf 88' lang='lat' dir='ltr'>et</span> <span class='ocrx_word' id='word_1_216' title='bbox 772 941 834 979; x_wconf 88' lang='lat'>37,</span> <span class='ocrx_word' id='word_1_217' title='bbox 868 936 933 971; x_wconf 88' lang='lat' dir='ltr'>sed</span> <span class='ocrx_word' id='word_1_218' title='bbox 958 937 1071 971; x_wconf 80' lang='lat' dir='ltr'>etiam</span> <span class='ocrx_word' id='word_1_219' title='bbox 1097 941 1151 971; x_wconf 91' lang='lat'>88.</span> <span class='ocrx_word' id='word_1_220' title='bbox 1179 940 1216 980; x_wconf 88' lang='grc'>5,</span> <span class='ocrx_word' id='word_1_221' title='bbox 1249 948 1316 981; x_wconf 88' lang='lat' dir='ltr'>pro</span> <span class='ocrx_word' id='word_1_222' title='bbox 1342 937 1434 971; x_wconf 88' lang='lat' dir='ltr'>Mur.</span> 
     </span>
     <span class='ocr_line' id='line_1_19' title="bbox 102 981 1437 1028; baseline 0.001 -12"><span class='ocrx_word' id='word_1_223' title='bbox 102 983 205 1017; x_wconf 73' lang='lat' dir='ltr'>cotid.</span> <span class='ocrx_word' id='word_1_224' title='bbox 232 981 354 1017; x_wconf 89' lang='lat' dir='ltr'>Halm.</span> <span class='ocrx_word' id='word_1_225' title='bbox 382 982 560 1027; x_wconf 85' lang='lat' dir='ltr'>scriptum</span> <span class='ocrx_word' id='word_1_226' title='bbox 592 983 645 1017; x_wconf 86' lang='lat' dir='ltr'>ait</span> <span class='ocrx_word' id='word_1_227' title='bbox 669 983 708 1017; x_wconf 88' lang='lat' dir='ltr'>in</span> <span class='ocrx_word' id='word_1_228' title='bbox 734 983 916 1018; x_wconf 84' lang='lat' dir='ltr'>Guelferb.</span> <span class='ocrx_word' id='word_1_229' title='bbox 943 988 1011 1018; x_wconf 91' lang='lat'>305</span> <span class='ocrx_word' id='word_1_230' title='bbox 1037 995 1071 1028; x_wconf 89' lang='lat' dir='ltr'>p.</span> <span class='ocrx_word' id='word_1_231' title='bbox 1099 987 1176 1018; x_wconf 87' lang='lat'>308.</span> <span class='ocrx_word' id='word_1_232' title='bbox 1204 987 1241 1025; x_wconf 89' lang='lat'>5,</span> <span class='ocrx_word' id='word_1_233' title='bbox 1275 988 1353 1018; x_wconf 88' lang='lat'>318.</span> <span class='ocrx_word' id='word_1_234' title='bbox 1380 988 1437 1027; x_wconf 88' lang='grc'>23,</span> 
     </span>
     <span class='ocr_line' id='line_1_20' title="bbox 102 1029 1437 1075; baseline 0.001 -12"><span class='ocrx_word' id='word_1_235' title='bbox 102 1033 180 1063; x_wconf 88' lang='grc'>323.</span> <span class='ocrx_word' id='word_1_236' title='bbox 207 1033 244 1071; x_wconf 87' lang='grc'>9,</span> <span class='ocrx_word' id='word_1_237' title='bbox 283 1033 361 1064; x_wconf 87' lang='grc'>333.</span> <span class='ocrx_word' id='word_1_238' title='bbox 389 1034 448 1072; x_wconf 87' lang='grc'>35,</span> <span class='ocrx_word' id='word_1_239' title='bbox 479 1041 553 1064; x_wconf 91' lang='lat' dir='ltr'>non</span> <span class='ocrx_word' id='word_1_240' title='bbox 585 1029 639 1064; x_wconf 87' lang='lat' dir='ltr'>ait</span> <span class='ocrx_word' id='word_1_241' title='bbox 669 1042 703 1075; x_wconf 89' lang='lat' dir='ltr'>p.</span> <span class='ocrx_word' id='word_1_242' title='bbox 731 1035 808 1065; x_wconf 90' lang='lat'>331.</span> <span class='ocrx_word' id='word_1_243' title='bbox 840 1035 899 1075; x_wconf 89' lang='grc'>16,</span> <span class='ocrx_word' id='word_1_244' title='bbox 931 1030 1094 1075; x_wconf 65' lang='lat' dir='ltr'>Zumpt:</span> <span class='ocrx_word' id='word_1_245' title='bbox 1129 1031 1276 1074; x_wconf 54' lang='grc' dir='ltr'>εςμιοιῒίᾱ.</span> <span class='ocrx_word' id='word_1_246' title='bbox 1310 1041 1437 1065; x_wconf 85' lang='lat' dir='ltr'>omnes</span> 
     </span>
     <span class='ocr_line' id='line_1_21' title="bbox 103 1076 1437 1122; baseline 0.002 -13"><span class='ocrx_word' id='word_1_247' title='bbox 103 1076 205 1110; x_wconf 86' lang='lat' dir='ltr'>codd.</span> <span class='ocrx_word' id='word_1_248' title='bbox 232 1077 378 1120; x_wconf 85' lang='lat' dir='ltr'>praeter</span> <span class='ocrx_word' id='word_1_249' title='bbox 403 1080 447 1110; x_wconf 90' lang='grc'>25</span> <span class='ocrx_word' id='word_1_250' title='bbox 472 1088 519 1110; x_wconf 91' lang='lat' dir='ltr'>m.</span> <span class='ocrx_word' id='word_1_251' title='bbox 545 1088 600 1121; x_wconf 85' lang='lat' dir='ltr'>pr.</span> <span class='ocrx_word' id='word_1_252' title='bbox 627 1078 664 1111; x_wconf 85' lang='lat' dir='ltr'>et</span> <span class='ocrx_word' id='word_1_253' title='bbox 689 1078 760 1112; x_wconf 87' lang='lat'>26.&#39;</span> <span class='ocrx_word' id='word_1_254' title='bbox 812 1077 895 1112; x_wconf 88' lang='lat' dir='ltr'>Non</span> <span class='ocrx_word' id='word_1_255' title='bbox 927 1077 1110 1111; x_wconf 86' lang='lat' dir='ltr'>credimus</span> <span class='ocrx_word' id='word_1_256' title='bbox 1140 1077 1256 1122; x_wconf 82' lang='lat' dir='ltr'>igitur</span> <span class='ocrx_word' id='word_1_257' title='bbox 1287 1088 1355 1112; x_wconf 88' lang='lat' dir='ltr'>nec</span> <span class='ocrx_word' id='word_1_258' title='bbox 1380 1078 1437 1112; x_wconf 80' lang='lat' dir='ltr'>bis</span> 
     </span>
     <span class='ocr_line' id='line_1_22' title="bbox 102 1122 1436 1169; baseline 0.001 -12"><span class='ocrx_word' id='word_1_259' title='bbox 102 1123 140 1157; x_wconf 86' lang='lat' dir='ltr'>in</span> <span class='ocrx_word' id='word_1_260' title='bbox 166 1122 286 1166; x_wconf 67' lang='lat' dir='ltr'>Catil„</span> <span class='ocrx_word' id='word_1_261' title='bbox 306 1135 339 1168; x_wconf 91' lang='lat' dir='ltr'>p.</span> <span class='ocrx_word' id='word_1_262' title='bbox 361 1127 439 1158; x_wconf 81' lang='lat'>264.</span> <span class='ocrx_word' id='word_1_263' title='bbox 461 1128 479 1158; x_wconf 85' lang='lat'>9</span> <span class='ocrx_word' id='word_1_264' title='bbox 502 1124 539 1157; x_wconf 89' lang='lat' dir='ltr'>et</span> <span class='ocrx_word' id='word_1_265' title='bbox 564 1127 642 1158; x_wconf 87' lang='grc'>295.</span> <span class='ocrx_word' id='word_1_266' title='bbox 664 1128 720 1165; x_wconf 87' lang='grc'>20,</span> <span class='ocrx_word' id='word_1_267' title='bbox 746 1134 872 1158; x_wconf 83' lang='lat' dir='ltr'>omnes</span> <span class='ocrx_word' id='word_1_268' title='bbox 898 1124 1004 1161; x_wconf 89' lang='lat' dir='ltr'>codd.</span> <span class='ocrx_word' id='word_1_269' title='bbox 1025 1124 1160 1159; x_wconf 82' lang='lat' dir='ltr'>habere</span> <span class='ocrx_word' id='word_1_270' title='bbox 1186 1126 1321 1169; x_wconf 75' lang='lat' dir='ltr'>quote&#39;d.</span> <span class='ocrx_word' id='word_1_271' title='bbox 1341 1125 1436 1167; x_wconf 88' lang='lat' dir='ltr'>(cod.</span> 
     </span>
     <span class='ocr_line' id='line_1_23' title="bbox 103 1169 1437 1214; baseline 0.001 -11"><span class='ocrx_word' id='word_1_272' title='bbox 103 1181 124 1204; x_wconf 88' lang='lat' dir='ltr'>a</span> <span class='ocrx_word' id='word_1_273' title='bbox 148 1169 314 1214; x_wconf 85' lang='lat' dir='ltr'>profecto</span> <span class='ocrx_word' id='word_1_274' title='bbox 339 1181 413 1204; x_wconf 87' lang='lat' dir='ltr'>non</span> <span class='ocrx_word' id='word_1_275' title='bbox 438 1170 567 1214; x_wconf 85' lang='lat' dir='ltr'>habet,</span> <span class='ocrx_word' id='word_1_276' title='bbox 600 1170 678 1205; x_wconf 82' lang='lat' dir='ltr'>cod.</span> <span class='ocrx_word' id='word_1_277' title='bbox 706 1173 737 1204; x_wconf 95' lang='lat' dir='ltr'>A</span> <span class='ocrx_word' id='word_1_278' title='bbox 765 1172 863 1206; x_wconf 84' lang='lat' dir='ltr'>certe</span> <span class='ocrx_word' id='word_1_279' title='bbox 890 1171 1006 1205; x_wconf 80' lang='lat' dir='ltr'>altero</span> <span class='ocrx_word' id='word_1_280' title='bbox 1033 1171 1114 1206; x_wconf 83' lang='lat' dir='ltr'>loco</span> <span class='ocrx_word' id='word_1_281' title='bbox 1140 1172 1245 1206; x_wconf 77' lang='lat' dir='ltr'>cotid.</span> <span class='ocrx_word' id='word_1_282' title='bbox 1271 1173 1313 1206; x_wconf 88' lang='lat' dir='ltr'>ut</span> <span class='ocrx_word' id='word_1_283' title='bbox 1337 1173 1437 1205; x_wconf 87' lang='lat' dir='ltr'>uter-</span> 
     </span>
     <span class='ocr_line' id='line_1_24' title="bbox 102 1217 1435 1263; baseline 0.002 -13"><span class='ocrx_word' id='word_1_284' title='bbox 102 1228 171 1260; x_wconf 88' lang='lat' dir='ltr'>que</span> <span class='ocrx_word' id='word_1_285' title='bbox 196 1229 231 1260; x_wconf 90' lang='lat' dir='ltr'>p.</span> <span class='ocrx_word' id='word_1_286' title='bbox 259 1220 336 1251; x_wconf 89' lang='lat'>250.</span> <span class='ocrx_word' id='word_1_287' title='bbox 364 1218 423 1261; x_wconf 87' lang='lat'>27)</span> <span class='ocrx_word' id='word_1_288' title='bbox 448 1228 516 1252; x_wconf 84' lang='lat' dir='ltr'>nec</span> <span class='ocrx_word' id='word_1_289' title='bbox 541 1217 655 1252; x_wconf 83' lang='lat' dir='ltr'>semel</span> <span class='ocrx_word' id='word_1_290' title='bbox 680 1228 746 1262; x_wconf 83' lang='lat' dir='ltr'>pro</span> <span class='ocrx_word' id='word_1_291' title='bbox 772 1218 905 1253; x_wconf 81' lang='lat' dir='ltr'>Flacco</span> <span class='ocrx_word' id='word_1_292' title='bbox 931 1231 966 1263; x_wconf 87' lang='lat' dir='ltr'>p.</span> <span class='ocrx_word' id='word_1_293' title='bbox 993 1222 1072 1253; x_wconf 88' lang='lat'>403.</span> <span class='ocrx_word' id='word_1_294' title='bbox 1096 1222 1149 1257; x_wconf 81' lang='lat'>18,</span> <span class='ocrx_word' id='word_1_295' title='bbox 1176 1217 1240 1252; x_wconf 89' lang='lat' dir='ltr'>ubi</span> <span class='ocrx_word' id='word_1_296' title='bbox 1264 1219 1312 1252; x_wconf 91' lang='lat' dir='ltr'>W</span> <span class='ocrx_word' id='word_1_297' title='bbox 1331 1219 1435 1253; x_wconf 79' lang='lat' dir='ltr'>cotid.</span> 
     </span>
     <span class='ocr_line' id='line_1_25' title="bbox 101 1263 1438 1310; baseline 0.003 -14"><span class='ocrx_word' id='word_1_298' title='bbox 101 1263 161 1297; x_wconf 85' lang='lat' dir='ltr'>Ad</span> <span class='ocrx_word' id='word_1_299' title='bbox 187 1263 329 1305; x_wconf 82' lang='lat' dir='ltr'>Quinot.</span> <span class='ocrx_word' id='word_1_300' title='bbox 355 1275 389 1307; x_wconf 89' lang='lat' dir='ltr'>p.</span> <span class='ocrx_word' id='word_1_301' title='bbox 417 1268 448 1298; x_wconf 87' lang='lat'>6.</span> <span class='ocrx_word' id='word_1_302' title='bbox 474 1268 506 1298; x_wconf 90' lang='lat'>3.</span> <span class='ocrx_word' id='word_1_303' title='bbox 533 1285 576 1289; x_wconf 94' lang='lat'>—</span> <span class='ocrx_word' id='word_1_304' title='bbox 603 1264 640 1299; x_wconf 88' lang='lat' dir='ltr'>P.</span> <span class='ocrx_word' id='word_1_305' title='bbox 670 1269 713 1299; x_wconf 92' lang='lat'>15</span> <span class='ocrx_word' id='word_1_306' title='bbox 738 1264 846 1310; x_wconf 82' lang='lat' dir='ltr'>frgm.</span> <span class='ocrx_word' id='word_1_307' title='bbox 875 1269 892 1298; x_wconf 95' lang='lat'>1</span> <span class='ocrx_word' id='word_1_308' title='bbox 919 1265 1105 1299; x_wconf 72' lang='lat' dir='ltr'>Victorini</span> <span class='ocrx_word' id='word_1_309' title='bbox 1130 1265 1267 1300; x_wconf 84' lang='lat' dir='ltr'>Baiter.</span> <span class='ocrx_word' id='word_1_310' title='bbox 1294 1278 1329 1310; x_wconf 88' lang='lat' dir='ltr'>p.</span> <span class='ocrx_word' id='word_1_311' title='bbox 1360 1270 1438 1309; x_wconf 83' lang='lat'>102,</span> 
     </span>
     <span class='ocr_line' id='line_1_26' title="bbox 101 1309 1437 1356; baseline 0.002 -13"><span class='ocrx_word' id='word_1_312' title='bbox 101 1309 173 1344; x_wconf 89' lang='lat' dir='ltr'>Iuli</span> <span class='ocrx_word' id='word_1_313' title='bbox 197 1309 371 1353; x_wconf 76' lang='lat' dir='ltr'>Victoris,</span> <span class='ocrx_word' id='word_1_314' title='bbox 398 1310 504 1346; x_wconf 84' lang='lat' dir='ltr'>Mart.</span> <span class='ocrx_word' id='word_1_315' title='bbox 532 1311 617 1355; x_wconf 86' lang='lat' dir='ltr'>Cap.</span> <span class='ocrx_word' id='word_1_316' title='bbox 644 1323 678 1356; x_wconf 92' lang='lat' dir='ltr'>p.</span> <span class='ocrx_word' id='word_1_317' title='bbox 707 1316 760 1346; x_wconf 87' lang='lat'>94.</span> <span class='ocrx_word' id='word_1_318' title='bbox 790 1316 832 1346; x_wconf 87' lang='lat'>19</span> <span class='ocrx_word' id='word_1_319' title='bbox 863 1311 1014 1355; x_wconf 81' lang='lat' dir='ltr'>Kayser.</span> <span class='ocrx_word' id='word_1_320' title='bbox 1050 1312 1095 1346; x_wconf 88' lang='lat' dir='ltr'>ab</span> <span class='ocrx_word' id='word_1_321' title='bbox 1128 1312 1319 1346; x_wconf 71' lang='lat' dir='ltr'>Huschkio</span> <span class='ocrx_word' id='word_1_322' title='bbox 1353 1323 1437 1346; x_wconf 86' lang='lat' dir='ltr'>con-</span> 
     </span>
     <span class='ocr_line' id='line_1_27' title="bbox 102 1356 1436 1403; baseline 0.002 -13"><span class='ocrx_word' id='word_1_323' title='bbox 102 1356 190 1392; x_wconf 87' lang='lat' dir='ltr'>flata</span> <span class='ocrx_word' id='word_1_324' title='bbox 220 1357 258 1391; x_wconf 86' lang='lat' dir='ltr'>in</span> <span class='ocrx_word' id='word_1_325' title='bbox 288 1356 370 1401; x_wconf 88' lang='lat' dir='ltr'>ipsa</span> <span class='ocrx_word' id='word_1_326' title='bbox 401 1361 492 1392; x_wconf 85' lang='lat' dir='ltr'>orat.</span> <span class='ocrx_word' id='word_1_327' title='bbox 519 1362 552 1392; x_wconf 87' lang='lat'>9.</span> <span class='ocrx_word' id='word_1_328' title='bbox 579 1362 640 1399; x_wconf 76' lang='lat'>233</span> <span class='ocrx_word' id='word_1_329' title='bbox 672 1358 781 1394; x_wconf 79' lang='lat' dir='ltr'>Grilli</span> <span class='ocrx_word' id='word_1_330' title='bbox 814 1359 936 1393; x_wconf 84' lang='lat' dir='ltr'>locum</span> <span class='ocrx_word' id='word_1_331' title='bbox 961 1358 1069 1402; x_wconf 81' lang='lat' dir='ltr'>Kays.</span> <span class='ocrx_word' id='word_1_332' title='bbox 1096 1359 1168 1394; x_wconf 89' lang='lat' dir='ltr'>vol.</span> <span class='ocrx_word' id='word_1_333' title='bbox 1196 1358 1246 1392; x_wconf 82' lang='lat' dir='ltr'>XI</span> <span class='ocrx_word' id='word_1_334' title='bbox 1271 1371 1305 1403; x_wconf 90' lang='lat' dir='ltr'>p.</span> <span class='ocrx_word' id='word_1_335' title='bbox 1335 1363 1366 1393; x_wconf 92' lang='lat'>1.</span> <span class='ocrx_word' id='word_1_336' title='bbox 1393 1379 1436 1385; x_wconf 98' lang='lat'><strong>—</strong></span> 
     </span>
     <span class='ocr_line' id='line_1_28' title="bbox 102 1404 1436 1449; baseline 0.001 -11"><span class='ocrx_word' id='word_1_337' title='bbox 102 1404 141 1438; x_wconf 89' lang='lat' dir='ltr'>P.</span> <span class='ocrx_word' id='word_1_338' title='bbox 170 1407 223 1438; x_wconf 88' lang='lat'>15.</span> <span class='ocrx_word' id='word_1_339' title='bbox 246 1407 288 1438; x_wconf 88' lang='lat'>31</span> <span class='ocrx_word' id='word_1_340' title='bbox 315 1415 368 1447; x_wconf 83' lang='lat' dir='ltr'>sq.</span> <span class='ocrx_word' id='word_1_341' title='bbox 394 1405 464 1439; x_wconf 81' lang='lat' dir='ltr'>vim</span> <span class='ocrx_word' id='word_1_342' title='bbox 494 1405 582 1440; x_wconf 82' lang='lat' dir='ltr'>hom.</span> <span class='ocrx_word' id='word_1_343' title='bbox 610 1417 698 1440; x_wconf 74' lang='lat' dir='ltr'>arm.</span> <span class='ocrx_word' id='word_1_344' title='bbox 723 1406 859 1448; x_wconf 77' lang='lat' dir='ltr'>factam</span> <span class='ocrx_word' id='word_1_345' title='bbox 884 1405 979 1442; x_wconf 89' lang='lat' dir='ltr'>Bait.</span> <span class='ocrx_word' id='word_1_346' title='bbox 1001 1427 1044 1430; x_wconf 97' lang='lat'><strong>—</strong></span> <span class='ocrx_word' id='word_1_347' title='bbox 1065 1406 1103 1440; x_wconf 90' lang='lat' dir='ltr'>P.</span> <span class='ocrx_word' id='word_1_348' title='bbox 1127 1410 1180 1440; x_wconf 89' lang='lat'>16.</span> <span class='ocrx_word' id='word_1_349' title='bbox 1203 1409 1221 1439; x_wconf 91' lang='lat'>7</span> <span class='ocrx_word' id='word_1_350' title='bbox 1249 1418 1298 1440; x_wconf 74' lang='lat' dir='ltr'>an</span> <span class='ocrx_word' id='word_1_351' title='bbox 1324 1405 1436 1449; x_wconf 68' lang='lat' dir='ltr'>vulg,</span> 
     </span>
     <span class='ocr_line' id='line_1_29' title="bbox 103 1449 1437 1496; baseline 0.004 -13"><span class='ocrx_word' id='word_1_352' title='bbox 103 1449 224 1494; x_wconf 69' lang='lat' dir='ltr'>Kays,</span> <span class='ocrx_word' id='word_1_353' title='bbox 250 1452 323 1485; x_wconf 80' lang='lat' dir='ltr'>iam</span> <span class='ocrx_word' id='word_1_354' title='bbox 349 1450 539 1495; x_wconf 64' lang='lat' dir='ltr'>Eyssenh„</span> <span class='ocrx_word' id='word_1_355' title='bbox 564 1451 685 1486; x_wconf 84' lang='lat' dir='ltr'>Halm.</span> <span class='ocrx_word' id='word_1_356' title='bbox 702 1452 903 1496; x_wconf 74' lang='lat' dir='ltr'>—Fragm</span> <span class='ocrx_word' id='word_1_357' title='bbox 931 1457 950 1486; x_wconf 88' lang='lat'>2</span> <span class='ocrx_word' id='word_1_358' title='bbox 978 1454 1015 1486; x_wconf 87' lang='lat' dir='ltr'>et</span> <span class='ocrx_word' id='word_1_359' title='bbox 1041 1457 1061 1486; x_wconf 89' lang='grc'>3</span> <span class='ocrx_word' id='word_1_360' title='bbox 1089 1463 1158 1486; x_wconf 89' lang='lat' dir='ltr'>om.</span> <span class='ocrx_word' id='word_1_361' title='bbox 1180 1452 1302 1496; x_wconf 86' lang='lat' dir='ltr'>Kays.,</span> <span class='ocrx_word' id='word_1_362' title='bbox 1328 1452 1437 1496; x_wconf 83' lang='lat' dir='ltr'>frgm.</span> 
     </span>
     <span class='ocr_line' id='line_1_30' title="bbox 104 1496 710 1542; baseline 0.005 -12"><span class='ocrx_word' id='word_1_363' title='bbox 104 1501 124 1530; x_wconf 88' lang='lat'>4</span> <span class='ocrx_word' id='word_1_364' title='bbox 149 1496 264 1531; x_wconf 88' lang='lat' dir='ltr'>habet</span> <span class='ocrx_word' id='word_1_365' title='bbox 287 1497 359 1532; x_wconf 91' lang='lat' dir='ltr'>vol.</span> <span class='ocrx_word' id='word_1_366' title='bbox 386 1497 436 1531; x_wconf 88' lang='lat' dir='ltr'>XI</span> <span class='ocrx_word' id='word_1_367' title='bbox 460 1511 494 1542; x_wconf 91' lang='lat' dir='ltr'>p.</span> <span class='ocrx_word' id='word_1_368' title='bbox 522 1502 564 1532; x_wconf 88' lang='lat'>37</span> <span class='ocrx_word' id='word_1_369' title='bbox 591 1510 627 1533; x_wconf 90' lang='lat' dir='ltr'>n.</span> <span class='ocrx_word' id='word_1_370' title='bbox 654 1503 710 1534; x_wconf 90' lang='lat'>31.</span> 
     </span>
    </p>
   </div>
   <div class='ocr_carea' id='block_1_3' title="bbox 65 1588 1439 2338">
    <p class='ocr_par' dir='ltr' id='par_1_3' title="bbox 103 1588 1438 1777">
     <span class='ocr_line' id='line_1_31' title="bbox 196 1588 1437 1637; baseline 0.003 -14"><span class='ocrx_word' id='word_1_371' title='bbox 196 1588 296 1624; x_wconf 88' lang='lat' dir='ltr'>Inter</span> <span class='ocrx_word' id='word_1_372' title='bbox 322 1590 497 1624; x_wconf 83' lang='lat' dir='ltr'>orationis</span> <span class='ocrx_word' id='word_1_373' title='bbox 530 1602 609 1635; x_wconf 77' lang='lat' dir='ltr'>pro</span> <span class='ocrx_word' id='word_1_374' title='bbox 635 1591 831 1626; x_wconf 84' lang='lat' dir='ltr'>Fonteio</span> <span class='ocrx_word' id='word_1_375' title='bbox 856 1603 963 1627; x_wconf 78' lang='lat' dir='ltr'>mser.</span> <span class='ocrx_word' id='word_1_376' title='bbox 990 1591 1105 1627; x_wconf 84' lang='lat' dir='ltr'>libros</span> <span class='ocrx_word' id='word_1_377' title='bbox 1133 1592 1296 1637; x_wconf 82' lang='lat' dir='ltr'>exceptis</span> <span class='ocrx_word' id='word_1_378' title='bbox 1322 1592 1437 1637; x_wconf 81' lang='lat' dir='ltr'>parti-</span> 
     </span>
     <span class='ocr_line' id='line_1_32' title="bbox 106 1635 1438 1683; baseline 0.003 -13"><span class='ocrx_word' id='word_1_379' title='bbox 106 1635 197 1671; x_wconf 86' lang='lat' dir='ltr'>cuh&#39;s</span> <span class='ocrx_word' id='word_1_380' title='bbox 222 1636 455 1681; x_wconf 79' lang='lat' dir='ltr'>palimpsesti</span> <span class='ocrx_word' id='word_1_381' title='bbox 473 1637 593 1671; x_wconf 82' lang='lat' dir='ltr'>Vatie.</span> <span class='ocrx_word' id='word_1_382' title='bbox 614 1649 707 1672; x_wconf 86' lang='lat' dir='ltr'>unus</span> <span class='ocrx_word' id='word_1_383' title='bbox 733 1639 788 1672; x_wconf 88' lang='lat' dir='ltr'>ita</span> <span class='ocrx_word' id='word_1_384' title='bbox 812 1638 961 1672; x_wconf 82' lang='lat' dir='ltr'>excellit</span> <span class='ocrx_word' id='word_1_385' title='bbox 979 1638 1137 1683; x_wconf 59' lang='lat' dir='ltr'>Vatic„</span> <span class='ocrx_word' id='word_1_386' title='bbox 1163 1641 1206 1673; x_wconf 89' lang='grc'>1113</span> <span class='ocrx_word' id='word_1_387' title='bbox 1233 1641 1438 1674; x_wconf 83' lang='lat' dir='ltr'>ceterorum</span> 
     </span>
     <span class='ocr_line' id='line_1_33' title="bbox 103 1682 1438 1721; baseline 0.003 -4"><span class='ocrx_word' id='word_1_388' title='bbox 103 1683 208 1717; x_wconf 87' lang='lat' dir='ltr'>nulla</span> <span class='ocrx_word' id='word_1_389' title='bbox 233 1682 281 1718; x_wconf 88' lang='lat' dir='ltr'>sit</span> <span class='ocrx_word' id='word_1_390' title='bbox 306 1684 517 1719; x_wconf 80' lang='lat' dir='ltr'>auctoritas,</span> <span class='ocrx_word' id='word_1_391' title='bbox 554 1684 647 1718; x_wconf 87' lang='lat' dir='ltr'>Eum</span> <span class='ocrx_word' id='word_1_392' title='bbox 671 1685 807 1718; x_wconf 88' lang='lat' dir='ltr'>librum</span> <span class='ocrx_word' id='word_1_393' title='bbox 831 1685 1107 1720; x_wconf 84' lang='lat' dir='ltr'>Reifferscheid.</span> <span class='ocrx_word' id='word_1_394' title='bbox 1129 1687 1249 1720; x_wconf 89' lang='lat' dir='ltr'>denuo</span> <span class='ocrx_word' id='word_1_395' title='bbox 1275 1688 1438 1721; x_wconf 82' lang='lat' dir='ltr'>excussit</span> 
     </span>
     <span class='ocr_line' id='line_1_34' title="bbox 105 1730 1436 1777; baseline 0.002 -13"><span class='ocrx_word' id='word_1_396' title='bbox 105 1740 243 1773; x_wconf 84' lang='lat' dir='ltr'>suaque</span> <span class='ocrx_word' id='word_1_397' title='bbox 258 1740 369 1775; x_wconf 89' lang='lat' dir='ltr'>opera</span> <span class='ocrx_word' id='word_1_398' title='bbox 382 1734 422 1765; x_wconf 85' lang='lat' dir='ltr'>ut</span> <span class='ocrx_word' id='word_1_399' title='bbox 435 1732 558 1765; x_wconf 85' lang='lat' dir='ltr'>uterer</span> <span class='ocrx_word' id='word_1_400' title='bbox 570 1730 828 1767; x_wconf 87' lang='lat' dir='ltr'>liberalissime</span> <span class='ocrx_word' id='word_1_401' title='bbox 841 1732 1070 1777; x_wconf 84' lang='lat' dir='ltr'>permisit.V.</span> <span class='ocrx_word' id='word_1_402' title='bbox 1082 1745 1116 1777; x_wconf 89' lang='lat' dir='ltr'>p.</span> <span class='ocrx_word' id='word_1_403' title='bbox 1127 1737 1181 1768; x_wconf 83' lang='lat'>24.</span> <span class='ocrx_word' id='word_1_404' title='bbox 1200 1737 1229 1776; x_wconf 91' lang='lat'>1,</span> <span class='ocrx_word' id='word_1_405' title='bbox 1247 1738 1301 1777; x_wconf 91' lang='lat'>10,</span> <span class='ocrx_word' id='word_1_406' title='bbox 1316 1738 1436 1777; x_wconf 89' lang='lat'>27.16,</span> 
     </span>
    </p>

    <p class='ocr_par' dir='ltr' id='par_1_4' title="bbox 65 1824 1439 2338">
     <span class='ocr_line' id='line_1_35' title="bbox 197 1824 1437 1872; baseline 0.003 -15"><span class='ocrx_word' id='word_1_407' title='bbox 197 1824 421 1868; x_wconf 74' lang='lat' dir='ltr'>Fragmenta</span> <span class='ocrx_word' id='word_1_408' title='bbox 451 1824 636 1869; x_wconf 83' lang='lat' dir='ltr'>disposuit</span> <span class='ocrx_word' id='word_1_409' title='bbox 660 1824 703 1861; x_wconf 87' lang='lat' dir='ltr'>A.</span> <span class='ocrx_word' id='word_1_410' title='bbox 729 1826 771 1859; x_wconf 89' lang='lat' dir='ltr'>R.</span> <span class='ocrx_word' id='word_1_411' title='bbox 799 1825 1046 1861; x_wconf 80' lang='lat' dir='ltr'>Schneider</span> <span class='ocrx_word' id='word_1_412' title='bbox 1077 1826 1165 1860; x_wconf 82' lang='lat' dir='ltr'>diss.</span> <span class='ocrx_word' id='word_1_413' title='bbox 1200 1827 1297 1872; x_wconf 87' lang='lat' dir='ltr'>Lips.</span> <span class='ocrx_word' id='word_1_414' title='bbox 1329 1831 1437 1863; x_wconf 85' lang='lat'>1876:</span> 
     </span>
     <span class='ocr_line' id='line_1_36' title="bbox 108 1869 1439 1918; baseline 0.003 -14"><span class='ocrx_word' id='word_1_415' title='bbox 108 1869 386 1911; x_wconf 71' lang='lat' dir='ltr'>‘Quaestionum</span> <span class='ocrx_word' id='word_1_416' title='bbox 404 1871 443 1905; x_wconf 88' lang='lat' dir='ltr'>in</span> <span class='ocrx_word' id='word_1_417' title='bbox 463 1871 534 1907; x_wconf 87' lang='lat' dir='ltr'>Cic.</span> <span class='ocrx_word' id='word_1_418' title='bbox 555 1883 620 1916; x_wconf 86' lang='lat' dir='ltr'>pro</span> <span class='ocrx_word' id='word_1_419' title='bbox 640 1871 744 1907; x_wconf 87' lang='lat' dir='ltr'>Font.</span> <span class='ocrx_word' id='word_1_420' title='bbox 766 1873 859 1907; x_wconf 90' lang='lat' dir='ltr'>orat.</span> <span class='ocrx_word' id='word_1_421' title='bbox 879 1873 1004 1918; x_wconf 85' lang='lat' dir='ltr'>capita</span> <span class='ocrx_word' id='word_1_422' title='bbox 1021 1873 1100 1908; x_wconf 86' lang='lat' dir='ltr'>IV’.</span> <span class='ocrx_word' id='word_1_423' title='bbox 1122 1873 1267 1917; x_wconf 81' lang='lat' dir='ltr'>Fragm.</span> <span class='ocrx_word' id='word_1_424' title='bbox 1284 1878 1301 1908; x_wconf 93' lang='lat'>1</span> <span class='ocrx_word' id='word_1_425' title='bbox 1323 1873 1439 1908; x_wconf 88' lang='lat' dir='ltr'>habet</span> 
     </span>
     <span class='ocr_line' id='line_1_37' title="bbox 105 1916 1436 1965; baseline 0.003 -14"><span class='ocrx_word' id='word_1_426' title='bbox 105 1916 214 1960; x_wconf 83' lang='lat' dir='ltr'>Kays.</span> <span class='ocrx_word' id='word_1_427' title='bbox 240 1917 310 1951; x_wconf 85' lang='lat' dir='ltr'>vol.</span> <span class='ocrx_word' id='word_1_428' title='bbox 337 1917 387 1951; x_wconf 88' lang='lat' dir='ltr'>XI</span> <span class='ocrx_word' id='word_1_429' title='bbox 412 1930 446 1963; x_wconf 91' lang='lat' dir='ltr'>p.</span> <span class='ocrx_word' id='word_1_430' title='bbox 473 1922 493 1952; x_wconf 89' lang='lat'>2</span> <span class='ocrx_word' id='word_1_431' title='bbox 519 1930 553 1953; x_wconf 86' lang='lat' dir='ltr'>n.</span> <span class='ocrx_word' id='word_1_432' title='bbox 582 1923 641 1958; x_wconf 88' lang='grc'>18,</span> <span class='ocrx_word' id='word_1_433' title='bbox 673 1919 779 1962; x_wconf 86' lang='lat' dir='ltr'>frgm.</span> <span class='ocrx_word' id='word_1_434' title='bbox 808 1923 827 1953; x_wconf 88' lang='lat'>2</span> <span class='ocrx_word' id='word_1_435' title='bbox 855 1920 968 1964; x_wconf 85' lang='lat' dir='ltr'>(quod</span> <span class='ocrx_word' id='word_1_436' title='bbox 1000 1921 1145 1965; x_wconf 84' lang='lat' dir='ltr'>spectat</span> <span class='ocrx_word' id='word_1_437' title='bbox 1176 1921 1224 1954; x_wconf 86' lang='lat' dir='ltr'>ad</span> <span class='ocrx_word' id='word_1_438' title='bbox 1249 1924 1268 1962; x_wconf 59' lang='grc' dir='ltr'>ζ)</span> <span class='ocrx_word' id='word_1_439' title='bbox 1296 1924 1354 1960; x_wconf 86' lang='grc'>17)</span> <span class='ocrx_word' id='word_1_440' title='bbox 1387 1920 1436 1955; x_wconf 85' lang='lat' dir='ltr'>ib.</span> 
     </span>
     <span class='ocr_line' id='line_1_38' title="bbox 105 1964 1436 2011; baseline 0.003 -13"><span class='ocrx_word' id='word_1_441' title='bbox 105 1975 139 1998; x_wconf 87' lang='lat' dir='ltr'>n.</span> <span class='ocrx_word' id='word_1_442' title='bbox 169 1968 226 2007; x_wconf 87' lang='lat'>19,</span> <span class='ocrx_word' id='word_1_443' title='bbox 257 1964 364 2008; x_wconf 83' lang='lat' dir='ltr'>frgm.</span> <span class='ocrx_word' id='word_1_444' title='bbox 391 1969 411 1999; x_wconf 95' lang='lat'>3</span> <span class='ocrx_word' id='word_1_445' title='bbox 439 1964 560 2009; x_wconf 88' lang='lat' dir='ltr'>(huius</span> <span class='ocrx_word' id='word_1_446' title='bbox 585 1965 673 2001; x_wconf 87' lang='lat' dir='ltr'>edit.</span> <span class='ocrx_word' id='word_1_447' title='bbox 700 1966 738 1999; x_wconf 89' lang='lat' dir='ltr'>P.</span> <span class='ocrx_word' id='word_1_448' title='bbox 764 1965 815 1999; x_wconf 92' lang='grc' dir='ltr'>ΠΙ</span> <span class='ocrx_word' id='word_1_449' title='bbox 840 1966 911 2002; x_wconf 87' lang='lat' dir='ltr'>vol.</span> <span class='ocrx_word' id='word_1_450' title='bbox 938 1965 990 2000; x_wconf 92' lang='lat' dir='ltr'>III</span> <span class='ocrx_word' id='word_1_451' title='bbox 1013 1979 1048 2011; x_wconf 90' lang='lat' dir='ltr'>p.</span> <span class='ocrx_word' id='word_1_452' title='bbox 1075 1970 1143 2002; x_wconf 88' lang='lat'>345</span> <span class='ocrx_word' id='word_1_453' title='bbox 1168 1980 1202 2002; x_wconf 90' lang='lat' dir='ltr'>n.</span> <span class='ocrx_word' id='word_1_454' title='bbox 1232 1971 1290 2009; x_wconf 84' lang='lat'>17,</span> <span class='ocrx_word' id='word_1_455' title='bbox 1322 1967 1436 2010; x_wconf 86' lang='lat' dir='ltr'>Kays.</span> 
     </span>
     <span class='ocr_line' id='line_1_39' title="bbox 106 2009 1435 2058; baseline 0.003 -14"><span class='ocrx_word' id='word_1_456' title='bbox 106 2009 157 2044; x_wconf 92' lang='lat' dir='ltr'>XI</span> <span class='ocrx_word' id='word_1_457' title='bbox 187 2022 222 2055; x_wconf 90' lang='lat' dir='ltr'>p.</span> <span class='ocrx_word' id='word_1_458' title='bbox 250 2015 293 2046; x_wconf 90' lang='lat'>86</span> <span class='ocrx_word' id='word_1_459' title='bbox 319 2022 354 2045; x_wconf 86' lang='grc'>11.</span> <span class='ocrx_word' id='word_1_460' title='bbox 383 2014 439 2055; x_wconf 91' lang='grc'>16)</span> <span class='ocrx_word' id='word_1_461' title='bbox 464 2023 499 2047; x_wconf 89' lang='lat' dir='ltr'>n.</span> <span class='ocrx_word' id='word_1_462' title='bbox 525 2016 570 2046; x_wconf 88' lang='lat'>23</span> <span class='ocrx_word' id='word_1_463' title='bbox 596 2016 633 2047; x_wconf 84' lang='lat' dir='ltr'>et</span> <span class='ocrx_word' id='word_1_464' title='bbox 659 2013 700 2046; x_wconf 85' lang='lat' dir='ltr'>ut</span> <span class='ocrx_word' id='word_1_465' title='bbox 724 2012 843 2047; x_wconf 84' lang='lat' dir='ltr'>Halm.</span> <span class='ocrx_word' id='word_1_466' title='bbox 871 2015 909 2047; x_wconf 87' lang='lat' dir='ltr'>et</span> <span class='ocrx_word' id='word_1_467' title='bbox 932 2013 1051 2057; x_wconf 70' lang='lat' dir='ltr'>Klotz.</span> <span class='ocrx_word' id='word_1_468' title='bbox 1077 2014 1116 2048; x_wconf 91' lang='lat' dir='ltr'>in</span> <span class='ocrx_word' id='word_1_469' title='bbox 1142 2013 1223 2058; x_wconf 87' lang='lat' dir='ltr'>ipsa</span> <span class='ocrx_word' id='word_1_470' title='bbox 1249 2025 1299 2048; x_wconf 90' lang='lat' dir='ltr'>or.</span> <span class='ocrx_word' id='word_1_471' title='bbox 1326 2019 1357 2048; x_wconf 87' lang='lat'>4.</span> <span class='ocrx_word' id='word_1_472' title='bbox 1382 2019 1435 2057; x_wconf 94' lang='lat'>10,</span> 
     </span>
     <span class='ocr_line' id='line_1_40' title="bbox 105 2055 1436 2103; baseline 0.004 -13"><span class='ocrx_word' id='word_1_473' title='bbox 105 2055 313 2101; x_wconf 85' lang='lat' dir='ltr'>fragmenta</span> <span class='ocrx_word' id='word_1_474' title='bbox 339 2057 484 2092; x_wconf 86' lang='lat' dir='ltr'>Cusana</span> <span class='ocrx_word' id='word_1_475' title='bbox 507 2060 655 2103; x_wconf 85' lang='lat' dir='ltr'>sumpta</span> <span class='ocrx_word' id='word_1_476' title='bbox 680 2070 702 2093; x_wconf 86' lang='lat' dir='ltr'>a</span> <span class='ocrx_word' id='word_1_477' title='bbox 726 2059 796 2095; x_wconf 82' lang='lat' dir='ltr'>Ios.</span> <span class='ocrx_word' id='word_1_478' title='bbox 815 2059 961 2094; x_wconf 86' lang='lat' dir='ltr'>Kleim&#39;o</span> <span class='ocrx_word' id='word_1_479' title='bbox 985 2059 1099 2094; x_wconf 83' lang='lat' dir='ltr'>‘Uber</span> <span class='ocrx_word' id='word_1_480' title='bbox 1124 2061 1204 2095; x_wconf 87' lang='lat' dir='ltr'>eine</span> <span class='ocrx_word' id='word_1_481' title='bbox 1230 2060 1436 2096; x_wconf 84' lang='lat' dir='ltr'>Handschr.</span> 
     </span>
     <span class='ocr_line' id='line_1_41' title="bbox 107 2102 1436 2152; baseline 0.005 -16"><span class='ocrx_word' id='word_1_482' title='bbox 107 2102 171 2137; x_wconf 89' lang='lat' dir='ltr'>des</span> <span class='ocrx_word' id='word_1_483' title='bbox 201 2103 375 2139; x_wconf 82' lang='lat' dir='ltr'>Nicolaus</span> <span class='ocrx_word' id='word_1_484' title='bbox 406 2115 478 2139; x_wconf 79' lang='lat' dir='ltr'>von</span> <span class='ocrx_word' id='word_1_485' title='bbox 510 2105 632 2149; x_wconf 84' lang='lat' dir='ltr'>Cues’,</span> <span class='ocrx_word' id='word_1_486' title='bbox 663 2105 757 2140; x_wconf 88' lang='lat' dir='ltr'>Berl.</span> <span class='ocrx_word' id='word_1_487' title='bbox 793 2110 881 2142; x_wconf 89' lang='lat'>1866</span> <span class='ocrx_word' id='word_1_488' title='bbox 912 2119 947 2151; x_wconf 90' lang='lat' dir='ltr'>p.</span> <span class='ocrx_word' id='word_1_489' title='bbox 975 2110 1016 2141; x_wconf 91' lang='lat'>57</span> <span class='ocrx_word' id='word_1_490' title='bbox 1044 2119 1079 2152; x_wconf 89' lang='lat' dir='ltr'>p.</span> <span class='ocrx_word' id='word_1_491' title='bbox 1109 2112 1126 2141; x_wconf 93' lang='lat'>1</span> <span class='ocrx_word' id='word_1_492' title='bbox 1154 2119 1223 2151; x_wconf 89' lang='lat' dir='ltr'>sq.,</span> <span class='ocrx_word' id='word_1_493' title='bbox 1256 2107 1364 2151; x_wconf 84' lang='lat' dir='ltr'>frgm.</span> <span class='ocrx_word' id='word_1_494' title='bbox 1395 2112 1436 2142; x_wconf 91' lang='grc'>12</span> 
     </span>
     <span class='ocr_line' id='line_1_42' title="bbox 107 2150 1435 2198; baseline 0.004 -15"><span class='ocrx_word' id='word_1_495' title='bbox 107 2150 145 2183; x_wconf 88' lang='lat' dir='ltr'>in</span> <span class='ocrx_word' id='word_1_496' title='bbox 171 2151 259 2185; x_wconf 86' lang='lat' dir='ltr'>orat.</span> <span class='ocrx_word' id='word_1_497' title='bbox 287 2155 318 2185; x_wconf 90' lang='lat'>4.</span> <span class='ocrx_word' id='word_1_498' title='bbox 345 2155 366 2185; x_wconf 90' lang='lat'>8</span> <span class='ocrx_word' id='word_1_499' title='bbox 399 2153 436 2186; x_wconf 86' lang='lat' dir='ltr'>et</span> <span class='ocrx_word' id='word_1_500' title='bbox 466 2151 538 2186; x_wconf 87' lang='lat' dir='ltr'>vol.</span> <span class='ocrx_word' id='word_1_501' title='bbox 563 2152 613 2186; x_wconf 92' lang='lat' dir='ltr'>XI</span> <span class='ocrx_word' id='word_1_502' title='bbox 637 2164 671 2197; x_wconf 89' lang='lat' dir='ltr'>p.</span> <span class='ocrx_word' id='word_1_503' title='bbox 699 2157 719 2187; x_wconf 90' lang='grc'>2</span> <span class='ocrx_word' id='word_1_504' title='bbox 751 2165 785 2187; x_wconf 91' lang='lat' dir='ltr'>n.</span> <span class='ocrx_word' id='word_1_505' title='bbox 812 2157 874 2194; x_wconf 89' lang='lat'>21,</span> <span class='ocrx_word' id='word_1_506' title='bbox 900 2153 1006 2198; x_wconf 85' lang='lat' dir='ltr'>frgm.</span> <span class='ocrx_word' id='word_1_507' title='bbox 1037 2158 1079 2188; x_wconf 88' lang='lat'>13</span> <span class='ocrx_word' id='word_1_508' title='bbox 1106 2154 1176 2188; x_wconf 90' lang='lat' dir='ltr'>vol.</span> <span class='ocrx_word' id='word_1_509' title='bbox 1204 2153 1254 2187; x_wconf 89' lang='lat' dir='ltr'>XI</span> <span class='ocrx_word' id='word_1_510' title='bbox 1279 2166 1313 2196; x_wconf 90' lang='lat' dir='ltr'>p.</span> <span class='ocrx_word' id='word_1_511' title='bbox 1339 2158 1360 2188; x_wconf 89' lang='grc'>2</span> <span class='ocrx_word' id='word_1_512' title='bbox 1382 2165 1435 2198; x_wconf 83' lang='lat' dir='ltr'>sq.</span> 
     </span>
     <span class='ocr_line' id='line_1_43' title="bbox 106 2196 1434 2245; baseline 0.003 -15"><span class='ocrx_word' id='word_1_513' title='bbox 106 2207 140 2231; x_wconf 91' lang='lat' dir='ltr'>n.</span> <span class='ocrx_word' id='word_1_514' title='bbox 168 2200 230 2239; x_wconf 88' lang='lat'>22,</span> <span class='ocrx_word' id='word_1_515' title='bbox 262 2196 301 2230; x_wconf 89' lang='lat' dir='ltr'>in</span> <span class='ocrx_word' id='word_1_516' title='bbox 326 2199 416 2232; x_wconf 85' lang='lat' dir='ltr'>orat.</span> <span class='ocrx_word' id='word_1_517' title='bbox 443 2202 475 2232; x_wconf 88' lang='lat'>4.</span> <span class='ocrx_word' id='word_1_518' title='bbox 502 2202 532 2234; x_wconf 89' lang='lat'>9.</span> <span class='ocrx_word' id='word_1_519' title='bbox 554 2219 597 2224; x_wconf 80' lang='lat'>-</span> <span class='ocrx_word' id='word_1_520' title='bbox 616 2200 655 2233; x_wconf 90' lang='lat' dir='ltr'>P.</span> <span class='ocrx_word' id='word_1_521' title='bbox 685 2204 737 2234; x_wconf 91' lang='lat'>18.</span> <span class='ocrx_word' id='word_1_522' title='bbox 766 2205 786 2234; x_wconf 91' lang='lat'>3</span> <span class='ocrx_word' id='word_1_523' title='bbox 812 2201 900 2245; x_wconf 75' lang='lat' dir='ltr'><em>quid</em></span> <span class='ocrx_word' id='word_1_524' title='bbox 924 2205 974 2235; x_wconf 81' lang='lat' dir='ltr'>est</span> <span class='ocrx_word' id='word_1_525' title='bbox 997 2200 1116 2236; x_wconf 76' lang='lat' dir='ltr'>Klotz.</span> <span class='ocrx_word' id='word_1_526' title='bbox 1144 2199 1324 2234; x_wconf 82' lang='lat' dir='ltr'>Fleckeis.</span> <span class='ocrx_word' id='word_1_527' title='bbox 1352 2211 1434 2235; x_wconf 89' lang='lat' dir='ltr'>ann.</span> 
     </span>
     <span class='ocr_line' id='line_1_44' title="bbox 65 2244 1437 2291; baseline 0.004 -15"><span class='ocrx_word' id='word_1_528' title='bbox 65 2266 69 2269; x_wconf 53' lang='lat'><strong>&lt;</strong></span> <span class='ocrx_word' id='word_1_529' title='bbox 109 2246 197 2277; x_wconf 89' lang='lat'>1867</span> <span class='ocrx_word' id='word_1_530' title='bbox 223 2255 258 2287; x_wconf 89' lang='lat' dir='ltr'>p.</span> <span class='ocrx_word' id='word_1_531' title='bbox 287 2248 368 2288; x_wconf 87' lang='grc'>193,</span> <span class='ocrx_word' id='word_1_532' title='bbox 400 2244 530 2290; x_wconf 58' lang='grc' dir='ltr'>Κῆγε.,</span> <span class='ocrx_word' id='word_1_533' title='bbox 561 2247 702 2290; x_wconf 76' lang='lat' dir='ltr'>quidem</span> <span class='ocrx_word' id='word_1_534' title='bbox 727 2246 823 2290; x_wconf 84' lang='lat' dir='ltr'>cod.‚</span> <span class='ocrx_word' id='word_1_535' title='bbox 856 2246 976 2282; x_wconf 84' lang='lat' dir='ltr'>Klein.</span> <span class='ocrx_word' id='word_1_536' title='bbox 1005 2268 1047 2272; x_wconf 91' lang='lat'>—</span> <span class='ocrx_word' id='word_1_537' title='bbox 1073 2247 1111 2282; x_wconf 92' lang='lat' dir='ltr'>P.</span> <span class='ocrx_word' id='word_1_538' title='bbox 1141 2251 1194 2282; x_wconf 88' lang='lat'>18.</span> <span class='ocrx_word' id='word_1_539' title='bbox 1222 2252 1241 2281; x_wconf 94' lang='lat'>7</span> <span class='ocrx_word' id='word_1_540' title='bbox 1269 2248 1437 2291; x_wconf 75' lang='lat' dir='ltr'>cuiquam</span> 
     </span>
     <span class='ocr_line' id='line_1_45' title="bbox 107 2289 1436 2338; baseline 0.005 -15"><span class='ocrx_word' id='word_1_541' title='bbox 107 2289 205 2333; x_wconf 76' lang='lat' dir='ltr'>eod,</span> <span class='ocrx_word' id='word_1_542' title='bbox 236 2289 363 2336; x_wconf 59' lang='lat' dir='ltr'>Kays„</span> <span class='ocrx_word' id='word_1_543' title='bbox 389 2292 537 2336; x_wconf 77' lang='lat' dir='ltr'>inquam</span> <span class='ocrx_word' id='word_1_544' title='bbox 563 2291 725 2338; x_wconf 83' lang='lat' dir='ltr'>Sauppio</span> <span class='ocrx_word' id='word_1_545' title='bbox 751 2294 846 2328; x_wconf 83' lang='lat' dir='ltr'>auct.</span> <span class='ocrx_word' id='word_1_546' title='bbox 873 2293 991 2328; x_wconf 87' lang='lat' dir='ltr'>Klein.</span> <span class='ocrx_word' id='word_1_547' title='bbox 1020 2314 1062 2321; x_wconf 65' lang='grc'>«-</span> <span class='ocrx_word' id='word_1_548' title='bbox 1089 2293 1129 2330; x_wconf 88' lang='lat' dir='ltr'>P.</span> <span class='ocrx_word' id='word_1_549' title='bbox 1159 2297 1212 2329; x_wconf 88' lang='lat'>18.</span> <span class='ocrx_word' id='word_1_550' title='bbox 1240 2298 1260 2329; x_wconf 88' lang='lat'>9</span> <span class='ocrx_word' id='word_1_551' title='bbox 1287 2295 1436 2330; x_wconf 77' lang='lat' dir='ltr'>dicendo</span> 
     </span>
    </p>
   </div>
  </div>
 </body>
</html>
