1619 2542
201 109 348 144 CXXVI
409 85 412 86 γ
616 107 895 142 ADNOTATIO
924 107 1123 142 CRITICA.

201 214 287 245 selu,
327 203 349 247 ί-
376 203 464 247 quid
501 213 621 247 ayeres
657 213 732 237 nou
767 206 862 244 erat,
898 206 939 236 ut
977 203 1040 246 qui
1076 203 1201 237 modus
1237 203 1395 238 moribus
1431 203 1540 247 Bait,

201 250 324 293 Kays.,
350 249 448 294 Quid
467 259 587 294 ayeres
605 260 679 284 own
699 254 775 283 crat
793 250 867 282 nisi
885 253 927 283 at
945 250 1008 293 qui
1026 249 1117 283 mihi
1136 250 1213 283 dux
1225 250 1267 283 in
1280 251 1443 285 omnibus
1455 252 1541 286 meis

200 298 305 331 rebus
339 296 466 330 ‘vetus
505 295 639 330 codex'
679 295 790 329 Henr.
825 295 952 339 Steph.
991 295 1014 330 1.
1048 296 1092 329 ad
1133 308 1167 340 p.
1200 296 1388 331 356341.
1420 309 1455 341 p.
1483 301 1540 341 96,

199 343 330 386 Klotz„
355 343 457 388 Quod
481 354 613 388 agyeres,
637 354 712 378 aon
737 347 826 385 erat,
849 346 903 385 at,
928 343 992 386 qui
1016 342 1138 377 laudis
1161 344 1279 378 socius
1303 342 1426 379 Madv.
1445 344 1538 379 Adv.

200 390 233 424 ΙΙ
252 402 287 434 p.
308 394 386 424 220.
409 411 452 415 -
473 389 511 424 Ρ.
534 394 612 424 481.
629 393 673 423 26
695 401 747 432 sq.
772 389 869 434 Quid
889 389 1038 433 posses?
1061 390 1249 424 eac-trudere
1275 391 1323 424 ad
1350 390 1456 436 Cypr.
1477 402 1539 436 pe-

201 437 374 472 caniam?
399 436 575 480 Madvig,
607 436 728 481 Quid?
753 447 869 480 posses
894 440 983 471 extr.
1003 437 1052 471 ad
1073 436 1179 482 Cypr.
1195 438 1406 481 pecuniam:
1430 437 1539 481 Bait„

201 484 330 529 Kays,
361 483 484 528 Quid?
509 485 633 518 eiicere
653 482 801 528 posses?
826 483 923 517 Non.
954 483 1051 528 Quid
1070 483 1178 528 erqo?
1203 485 1343 519 extrud.
1365 485 1413 519 ad
1434 484 1539 530 Cypr.

196 533 406 577 pecaniam:
432 530 510 564 cod.
540 529 683 574 Steph,
710 530 829 564 Klotz.
862 550 905 554 —
938 529 977 564 P.
1003 533 1082 565 481.
1099 534 1143 564 28
1167 531 1252 565 hinc
1276 532 1378 566 modo
1414 543 1539 566 aman-

200 579 346 613 dandus
376 582 425 612 est
462 588 547 620 scr„
585 577 609 621 γ’·
639 577 732 611 hanc
762 577 865 611 modo
903 578 1078 612 animatas
1111 588 1182 612 6886
1219 588 1238 611 e
1270 577 1350 612 cod.
1376 577 1405 611 P
1429 578 1538 621 Bait„

202 625 328 669 Kays,
367 626 460 659 hanc
496 625 598 659 modo
636 625 853 659 amandatas
889 634 958 658 6886
988 623 1127 667 P²W2‚
1153 644 1200 649 —-
1225 625 1433 660 amandatis
1469 636 1540 660 esse

200 672 276 714 W1,
305 693 347 697 —
375 672 570 706 anemalato
595 682 665 706 esse
679 670 720 713 G,
744 692 785 695 —
811 672 1022 706 mandatam
1046 682 1116 705 esse
1130 670 1176 713 M,
1203 672 1260 706 hie
1284 672 1388 706 ‘modo
1413 683 1538 707 aman-

200 720 308 754 datas
333 720 379 753 sit
411 718 536 762 Steph.
565 718 662 761 cod.,
689 717 825 760 Klotz„
857 719 953 752 hane
983 719 1086 753 modo
1117 719 1349 753 amandemus
1373 718 1538 763 Madvig.

201 787 244 791 —
277 765 314 799 P.
342 769 455 800 4823
493 767 588 810 reqis
618 766 785 800 Armenii
818 764 1033 809 Lahmeyer.
1064 764 1159 798 Phil.
1192 764 1311 799 XXIlI
1349 776 1383 809 p.
1417 770 1459 800 71
1494 765 1537 800 cf.

200 814 277 847 Att.
304 812 338 846 ΙΙ
366 817 396 846 7.
423 816 455 848 2.
482 832 525 837 —
551 812 603 846 lb.
630 813 760 855 filiam,
784 812 932 854 hostem,
958 816 1050 856 capt.
1079 811 1178 854 edd.;
1207 811 1255 845 ad
1279 824 1313 856 p.
1341 816 1395 847 61.
1411 816 1466 847 25.
1494 833 1537 838 —-

201 860 238 893 P.
266 863 404 895 48212
432 870 482 902 sq.
509 860 720 903 compulerit
744 858 865 892 Halm.
899 860 994 894 auct.
1019 858 1116 892 Bait.
1142 870 1176 903 p.
1207 858 1386 902 1451012,
1413 858 1538 904 Kays.‚

201 906 332 948 Klotz,
354 907 542 942 coniecerit
561 905 665 940 codd.
678 905 866 948 PflGMW,
887 905 996 948 Bait„
1017 916 1087 940 om.
1107 905 1163 939 ΡΙ.
1179 926 1222 930 -
1237 905 1277 940 P.
1291 909 1371 941 482.
1386 910 1427 940 21
1448 907 1539 941 mihz

200 954 265 999 [ac
301 954 410 998 meis]
440 952 554 996 Bait„
592 952 727 995 Klotz„
764 953 854 987 mihi
885 957 967 987 acta
997 957 1046 987 est
1077 951 1243 986 codd.P¹
1275 952 1427 996 (‘verba
1455 958 1539 988 acta

200 1006 250 1036 est
281 1000 405 1034 deleta
436 1002 521 1034 sunt
552 1011 574 1034 a
604 1011 659 1044 pr.
691 1000 772 1042 m'.)
800 999 845 1041 G,
884 1000 992 1034 michi
1023 1004 1105 1034 acta
1135 1010 1205 1034 esse
1235 999 1299 1043 W,
1336 1000 1426 1034 mihi
1455 1005 1538 1035 acta

199 1048 247 1083 M.
286 1068 330 1073 —
367 1047 407 1081 P.
432 1051 570 1081 482.2·2
609 1048 774 1092 descript.
812 1046 936 1081 Madv.
974 1047 1065 1080 Adv.
1105 1046 1136 1079 ΙΙ
1173 1058 1207 1090 p.
1222 1050 1289 1081 221
1329 1046 1373 1081 cf.
1404 1059 1441 1091 p.
1457 1052 1536 1082 505.

201 1099 233 1136 6,
259 1095 406 1129 disseris.
427 1093 533 1129 codd.
556 1095 593 1128 et
613 1094 713 1135 edd,
740 1093 788 1128 ad
807 1106 841 1137 p.
859 1097 936 1128 134.
952 1099 982 1128 6.
1006 1114 1048 1118 -
1074 1092 1113 1127 P.
1140 1097 1219 1128 482.
1235 1097 1278 1127 36
1305 1094 1413 1139 leyem
1439 1095 1539 1138 (post

200 1142 316 1184 illam)
349 1141 433 1176 add.
465 1141 609 1183 Lamb.,
644 1140 763 1175 Halm.
802 1140 900 1184 apud
924 1140 1062 1174 Rueck.
1088 1152 1124 1184 p.
1151 1143 1211 1183 28,
1249 1151 1318 1174 om.
1352 1140 1452 1185 vulg.
1490 1161 1536 1166 ——-

200 1188 238 1222 P.
266 1192 343 1222 483.
361 1193 378 1222 7
407 1193 584 1223 oreretur
609 1187 703 1221 Bait.
718 1200 753 1232 p.
772 1191 872 1229 1451,
898 1188 1020 1232 Kays,
1042 1186 1174 1230 Klotz„
1201 1192 1364 1222 ororetur
1388 1187 1536 1230 cod.P¹,

201 1237 357 1271 oriretur
370 1235 449 1268 rell.
463 1234 580 1277 codd,
595 1234 889 1269 Bait.-P.483.
904 1239 943 1267 11
968 1245 1045 1277 sqq.
1061 1233 1179 1268 Halm.
1193 1246 1228 1278 p.
1243 1237 1331 1268 1451
1347 1235 1386 1268 eb
1397 1233 1535 1269 Rueck.

201 1295 236 1327 p.
252 1286 295 1316 28
311 1282 362 1315 sic
384 1282 549 1316 distinx:
570 1282 765 1316 iudicavit:
785 1282 955 1325 qaoniam
974 1282 1116 1326 quidem
1136 1284 1194 1322 (=
1210 1281 1273 1315 sed
1288 1281 1476 1325 quoniam)
1491 1301 1535 1306 —

200 1330 399 1371 vetabatur,
424 1334 529 1373 atque
547 1349 593 1354 —
611 1348 658 1354 —-
677 1329 780 1371 vidit,
804 1329 972 1362 homines.
991 1348 1038 1354 -—
1063 1327 1102 1361 P.
1122 1331 1201 1362 484.
1220 1334 1235 1361 1
1264 1339 1372 1372 qaam
1395 1330 1535 1372 transp.

201 1378 288 1421 post
318 1378 499 1411 civitatem
529 1375 651 1409 Madv.
679 1375 770 1409 Adv.
796 1374 812 1407 Ι
843 1387 876 1419 p.
906 1379 966 1417 51,
998 1373 1136 1408 Rueck.
1162 1385 1197 1418 p.
1224 1377 1280 1408 29.
1314 1373 1464 1408 Dubito.
1491 1395 1535 1399 -—

201 1424 239 1457 P.
268 1427 381 1458 4843
408 1423 495 1457 Hic
520 1427 561 1457 ta
584 1442 631 1448 ν-
655 1423 811 1457 exsulem
834 1433 893 1456 me
918 1422 1047 1466 appell.
1074 1421 1195 1455 Madv.
1216 1421 1308 1456 Adv.
1334 1421 1385 1455 III
1411 1433 1446 1465 p.
1470 1425 1536 1455 140

200 1470 320 1515 p1·0b.;
348 1469 395 1504 ad
420 1482 455 1514 p.
477 1474 533 1504 45.
548 1473 603 1504 35.
630 1489 674 1494 —-
701 1470 740 1503 P.
767 1472 846 1504 484.
863 1473 882 1502 6
909 1470 1071 1503 exilium
1094 1467 1234 1502 malim.
1262 1488 1306 1492 —-
1331 1468 1369 1502 P.
1396 1472 1534 1502 484.17

201 1517 405 1552 concilium
430 1516 551 1550 Madv.
578 1515 670 1550 Adv.
698 1515 748 1549 ΠΙ
773 1527 808 1560 p.
837 1519 903 1550 140
928 1527 962 1549 n.
996 1535 1038 1540 —
1071 1515 1110 1549 P.
1137 1518 1252 1549 4855
1284 1516 1360 1560 ipse
1383 1526 1419 1550 se
1442 1515 1537 1550 vidit

200 1564 346 1606 Faern„
374 1563 498 1598 Halm.
523 1563 623 1606 apud
647 1562 784 1598 Rueck.
810 1574 844 1606 p.
872 1567 932 1605 293
964 1562 1012 1596 ad
1037 1574 1071 1606 p.
1097 1566 1152 1596 45.
1169 1566 1224 1596 35.
1252 1582 1295 1587 —-
1330 1562 1369 1596 P.
1396 1565 1474 1596 485.
1490 1566 1535 1596 20

201 1612 381 1645 armanda
406 1621 488 1653 scr„
522 1610 745 1645 emendanda
775 1609 897 1652 codd,
937 1620 1019 1643 cum
1051 1619 1156 1643 cruce
1181 1607 1295 1651 Bait„
1321 1607 1450 1653 Kays.,
1476 1619 1535 1643 658-

194 1659 352 1703 petenda
397 1657 533 1700 Klotz,
577 1657 772 1692 divitanda
814 1656 998 1699 Momms.,
1042 1657 1236 1691 excitanda
1278 1655 1396 1690 Halm.
1437 1655 1534 1699 apud

200 1704 336 1738 Rueck.
363 1717 397 1748 p.
426 1708 480 1739 29.
509 1725 549 1729 ——
590 1704 628 1738 P.
655 1708 734 1738 485.
750 1708 793 1738 29
828 1704 912 1738 boni
948 1708 1088 1738 censent
1124 1702 1167 1736 H.
1194 1702 1236 1737 A.
1263 1701 1378 1736 Koch.
1410 1712 1533 1746 progr.

200 1753 299 1786 Port.
328 1755 418 1785 1868
449 1763 483 1795 p.
512 1755 570 1793 13,
597 1751 620 1796 ᾧ
644 1755 771 1796 aessent
794 1749 891 1784 Bait.
919 1761 937 1784 e
969 1749 1205 1791 codd.PGV‚
1237 1759 1312 1783 non
1334 1752 1462 1793 ‘neyent
1485 1747 1533 1790 M,

200 1797 331 1839 Klotz„
358 1797 469 1841 Kays.
490 1797 550 1841 (ad
571 1810 606 1841 p.
628 1802 682 1832 33.
699 1801 768 1840 26),
794 1798 982 1832 concedent
1005 1796 1136 1839 Halm,
1157 1795 1226 1830 del.
1247 1795 1368 1829 Madv.
1388 1795 1480 1828 Adv.
1501 1795 1535 1828 II

199 1857 234 1889 p.
268 1848 345 1879 221.
385 1865 428 1869 -
467 1844 503 1878 P.
531 1849 670 1879 48616
691 1849 821 1889 posset
845 1844 982 1885 Klotz.;
1009 1843 1056 1877 ad
1083 1856 1116 1888 p.
1146 1847 1222 1877 173.
1237 1846 1292 1876 32.
1317 1861 1364 1867 —-
1388 1841 1426 1875 P.
1453 1845 1532 1876 486.

202 1896 244 1926 19
281 1892 421 1934 referri
456 1891 603 1934 Facta,
639 1891 761 1926 ‘Coni.
800 1890 911 1925 Tull)
951 1889 1094 1934 Regina.
1123 1893 1213 1924 1860
1249 1900 1283 1932 p.
1318 1891 1377 1931 18,
1410 1887 1533 1922 Madv.

199 1938 293 1972 Adv.
321 1939 353 1972 ΙΙ
383 1950 418 1982 p.
446 1941 530 1979 221,
565 1939 691 1982 Kays,
728 1939 860 1981 referre
891 1937 991 1981 vulg.
1019 1958 1061 1961 —
1087 1936 1126 1970 P.
1152 1939 1232 1969 486.
1247 1939 1290 1969 22
1305 1946 1356 1978 sq.
1390 1934 1534 1978 Latini,

193 1987 411 2031 priusquam
434 1985 566 2019 Latini
588 1990 692 2019 eremit
717 1989 810 2019 auct.
837 1984 930 2018 coni.
959 1983 1079 2017 Madv.
1105 1982 1203 2016 Fin.³
1232 1994 1268 2026 p.
1293 1985 1373 2016 467.
1412 2001 1455 2006 -
1494 1981 1532 2016 P.

198 2037 277 2067 486.
305 2035 349 2066 28
392 2032 631 2076 adiyebantar
672 2030 791 2065 Halm.
807 2059 815 2074 ,
859 2030 974 2073 Bait„
1019 2029 1145 2074 Kays,
1188 2029 1372 2072 faciebant
1413 2027 1532 2071 codd,

198 2078 318 2113 Klotz.
351 2098 395 2104 —
428 2078 467 2113 P.
494 2082 609 2113 487.ss
640 2079 682 2112 iv.
712 2090 771 2113 aes
805 2077 887 2112 add.
919 2077 1004 2110 Ant.
1037 2076 1247 2120 Angustia,
1279 2075 1399 2109 Halm.
1434 2075 1534 2119 apud

198 2126 336 2160 Rueck.
356 2138 392 2170 p.
413 2129 468 2160 29.
490 2146 531 2150 —
553 2124 592 2159 P.
612 2128 691 2159 487.
708 2129 728 2159 8
755 2127 817 2170 qui
841 2124 949 2166 Bait„
975 2124 1096 2167 Kays„
1116 2134 1224 2167 qaum
1242 2121 1375 2165 Klotz,
1394 2121 1531 2156 Rueck.

197 2185 232 2218 p.
261 2177 320 2216 29,
354 2184 423 2207 om.
452 2171 573 2214 codd,
605 2172 695 2206 vett.
728 2172 809 2205 edd.
843 2172 996 2215 (potuit,
1021 2174 1171 2214 propter
1199 2189 1246 2195 —
1273 2170 1531 2214 pernoctans).

201 2240 242 2245 -—
268 2219 306 2255 P.
337 2223 475 2255 487.18
502 2230 554 2262 sq.
580 2229 699 2252 vrerum
729 2219 977 2253 iudicatarum
1007 2218 1205 2251 auctoritas
1234 2215 1356 2250 Madv.
1381 2215 1474 2249 Adv.
1498 2214 1534 2248 II

198 2279 233 2310 p.
255 2271 333 2309 221,
360 2277 416 2301 res
439 2271 516 2301 tum
540 2266 705 2299 iudicata
731 2265 848 2308 codd,
873 2275 929 2299 res
952 2263 1116 2298 iudicata
1141 2263 1234 2306 edd,
1260 2273 1316 2298 ‘res
1339 2264 1414 2297 iam
1437 2262 1532 2296 iudi-

198 2318 280 2349 cata
305 2313 425 2348 Halm.
443 2333 483 2338 —
501 2313 538 2347 P.
555 2315 634 2347 487.
649 2316 693 2346 20
713 2311 732 2347 ,9
751 2322 847 2357 pOS.;
875 2311 922 2346 ad
939 2323 976 2357 p.
991 2314 1045 2346 40.
1061 2314 1092 2345 3.
1114 2330 1157 2335 —
1177 2309 1215 2345 P.
1231 2313 1309 2344 487.
1324 2313 1368 2344 22
1383 2319 1531 2354 pergra-
