1619 2542
829 38 835 59 1

207 94 262 135 48
570 92 662 127 PRO
689 93 731 127 A.
759 92 967 128 CAECINA
993 91 1183 128 ORATIO.

209 189 335 231 verbo
368 189 622 243 videbimus3
652 203 764 230 nunc
794 203 883 230 rem
909 189 1046 242 ipsam
1071 203 1296 244 ponamus,
1328 203 1456 243 quam
1480 189 1561 231 illi.

208 262 295 290 non
330 250 507 303 negant,
546 250 588 289 et
625 248 712 288 eius
751 248 812 289 rei
850 248 915 289 ius
953 247 1247 301 actionemque
1279 261 1545 302 quaeramus.

296 306 377 348 Est
414 307 518 347 haec
555 320 622 348 res
660 307 818 360 posita,
857 320 964 358 quae
996 306 1050 347 ab
1083 306 1326 348 adversario
1357 320 1445 348 non
1473 321 1544 348 ne·

212 368 350 421 gatur,
381 364 618 418 Caecinam,
651 379 746 406 cum
772 364 825 405 ad
851 364 1130 406 constitutam
1157 364 1266 406 diem
1292 367 1545 420 tempusque

208 424 413 477 venisset,
455 426 503 465 ut
540 423 605 464 vis
644 437 692 465 ac
729 423 924 465 deductio
965 423 1154 465 moribus
1195 424 1333 477 fieret,
1375 424 1581 479 pulsum-'³

211 483 562 537 prohibitumque
605 496 695 523 esse
733 481 775 523 vi
813 482 972 523 coactis
1004 481 1249 524 hominibus
1282 485 1324 523 et
1356 483 1546 524 armatis.

211 541 318 584 Cum
349 540 431 583 hoc
462 543 645 593 constet,
677 554 769 595 ego,
800 540 929 582 homo
960 540 1185 596 imperitus
1217 540 1341 595 iuris,
1371 542 1546 597 ignarus

209 599 481 655 negotiorum
515 598 564 640 ac
594 599 747 653 litium,
778 598 889 641 hanc
920 602 1023 653 puto
1050 614 1118 641 me
1143 600 1300 641 habere
1326 601 1547 653 actionem,

210 662 259 701 ut
295 673 370 713 per
406 658 681 699 interdictum
718 672 859 699 meum
890 657 956 699 ius
987 661 1157 700 teneam
1189 660 1316 713 atque
1347 658 1548 700 iniuriam

210 721 330 759 tuam
355 731 597 771 persequar.
646 715 731 758 Fac
761 717 807 757 in
836 716 917 758 hoc
943 731 1084 758 errare
1110 731 1177 758 me
1201 731 1280 759 nec
1305 717 1394 758 ullo
1421 717 1546 759 modo
1568 726 1602 752 10

212 790 337 831 posse
369 789 445 829 per
475 775 556 816 hoc
587 775 859 817 interdictum
890 775 933 816 id
965 776 1153 830 assequi,
1186 775 1298 830 quod
1329 775 1473 829 velim3
1504 778 1547 817 te

143 848 185 879 33
212 835 277 876 uti
317 835 360 876 in
401 834 481 876 hac
521 848 566 875 re
607 833 815 888 magistro
854 834 963 875 volo.
1025 833 1210 888 Quaero,
1255 833 1365 876 sitne
1405 834 1548 889 aliqua

212 894 338 935 huius
371 893 431 934 rei
464 892 575 934 actio
608 907 662 933 an
693 893 821 934 nulla.
877 891 1114 934 Convocari
1145 893 1340 934 homines
1371 896 1549 948 propter

211 951 495 1007 possessionis
528 951 863 993 controversiam
894 966 981 992 non
1010 953 1192 1006 oportet,
1224 952 1381 993 armari
1406 951 1548 993 multi-

212 1011 403 1053 tudinem
440 1009 543 1051 iuris
581 1010 794 1051 retinendi
826 1024 954 1051 causa
985 1025 1072 1052 non
1105 1010 1320 1064 convenit3
1356 1024 1434 1052 nec
1465 1009 1544 1051 iuri
1568 1019 1601 1045 15

214 1071 439 1125 quicquam
471 1071 561 1109 tam
592 1067 809 1110 inimicum
843 1083 970 1123 quam
995 1069 1060 1109 vis
1093 1083 1171 1110 nee
1203 1068 1411 1123 aequitati
1437 1068 1549 1123 quic-

213 1143 339 1183 quam
377 1130 466 1168 tam
503 1126 707 1168 infestum
745 1130 810 1169 est
848 1141 975 1181 quam
1015 1128 1237 1169 convocati
1272 1127 1468 1169 homines
1507 1129 1550 1168 et

147 1189 199 1230 12
214 1186 381 1228 armati.
443 1184 564 1234 Quod
597 1200 692 1227 cum
723 1186 786 1227 ita
823 1185 880 1227 sit
917 1200 1068 1240 resque
1107 1186 1196 1227 eius
1235 1186 1351 1227 modi
1388 1185 1463 1239 sit,
1501 1188 1549 1227 ut

213 1246 258 1287 in
297 1244 446 1300 primis
488 1259 512 1285 a
552 1245 877 1298 magistratibus
923 1244 1300 1285 animadvertenda
1342 1244 1548 1296 videatur,

213 1304 368 1346 iterum
406 1317 580 1357 quaero,
618 1302 730 1344 sitne
768 1303 857 1344 eius
894 1302 957 1343 rei
993 1303 1138 1357 aliqua
1176 1303 1286 1344 actio
1326 1317 1380 1344 an
1419 1303 1548 1344 nulla.
1569 1312 1600 1337 2⁰

214 1361 392 1402 Nullam
419 1375 511 1402 esse
538 1361 679 1402 dices?
721 1360 881 1401 Audire
908 1361 1049 1415 cupio,
1082 1361 1155 1415 qui
1179 1361 1225 1401 in
1249 1374 1353 1415 pace
1379 1363 1422 1401 et
1447 1361 1546 1412 otio,

214 1435 310 1461 cum
336 1434 510 1460 manum
539 1419 705 1471 fecerit,
737 1419 880 1472 copias
911 1420 1093 1472 pararit,
1125 1419 1445 1460 multitudinem
1474 1418 1547 1460 ho-

214 1477 374 1518 minum
401 1476 606 1531 co‘e'gerit,
632 1477 819 1530 armarit,
845 1476 1104 1529 instruxerit,
1130 1476 1326 1517 homines
1352 1476 1549 1529 inermos,

214 1537 285 1590 qui
322 1535 375 1577 ad
413 1535 693 1576 constitutum
733 1534 980 1590 experiundi
1011 1534 1115 1575 iuris
1149 1535 1290 1589 gratia
1320 1534 1549 1587 venissent,

215 1594 356 1648 armis,
388 1593 503 1646 viris,
535 1596 697 1634 terrore
723 1593 994 1647 periculoque
1026 1593 1176 1634 mortis
1209 1592 1455 1647 reppulerit,
1486 1591 1548 1633 fu·
1568 1602 1598 1627 25

145 1664 188 1695 34
215 1653 346 1707 garit,
377 1652 597 1705 averterit,
629 1651 710 1693 1100
741 1652 871 1694 dicat:
909 1650 1027 1693 eFeci
1058 1651 1263 1706 equidem,
1296 1665 1403 1705 quae
1435 1650 1549 1703 dicis,

216 1712 368 1765 omnia,
401 1713 442 1751 et
470 1726 519 1751 ea
550 1713 650 1752 sunt
682 1713 724 1752 et
753 1711 1002 1752 turbulenta
1034 1712 1076 1751 et
1105 1709 1334 1751 temeraria
1364 1711 1407 1750 et
1438 1708 1547 1762 peri-

216 1770 373 1811 culosa.
435 1768 543 1817 Quid
576 1783 678 1824 ergo
711 1769 803 1811 est‘?
841 1769 999 1823 inpune
1029 1768 1128 1822 feci,
1161 1782 1279 1818 nam,
1311 1766 1412 1821 quid
1444 1781 1547 1822 agas

147 1834 219 1878 (34)
235 1842 399 1868 meeum
431 1841 482 1868 ex
506 1827 596 1868 iure
623 1827 738 1869 civili
764 1842 812 1869 ac
837 1827 1062 1881 praetorio,
1093 1841 1178 1867 non
1203 1825 1370 1866 habes'.
1426 1824 1549 1866 Itane

217 1886 345 1927 vero?
377 1889 706 1939 recuperatores,
737 1886 818 1928 hoc
843 1900 918 1927 vos
946 1885 1125 1927 audietis
1153 1887 1195 1925 et
1221 1883 1334 1938 apud
1358 1897 1436 1925 vos
1468 1883 1549 1925 dici
1568 1895 1595 1920 3(

216 1943 439 1999 patiemini
465 1944 662 1998 saepius?
696 1943 801 1985 Cum
822 1944 1003 1985 maiores
1022 1942 1161 1984 nostri
1180 1945 1303 1983 tanta
1325 1941 1550 1998 diligentia

217 2002 525 2057 prudentiaque
544 2002 716 2055 fuerint,
736 2005 783 2044 ut
798 2003 941 2044 omnia
956 2001 1143 2043 omnium
1157 2015 1244 2042 non
1264 2000 1389 2042 modo
1410 2003 1548 2042 tanta·

218 2077 312 2103 rum
343 2075 499 2114 rerum,
541 2062 614 2102 sed
653 2061 781 2102 etiam
819 2059 1167 2102 tenuissimarum
1198 2059 1292 2100 iura
1323 2059 1550 2100 statuerint

219 2119 512 2174 persecutique
544 2119 641 2173 sint,
672 2119 763 2172 †ut
794 2120 874 2161 hoc
906 2132 1038 2174 genus
1069 2132 1199 2158 unum
1225 2117 1293 2159 vel
1319 2117 1551 2159 maximum

218 2178 627 2232 praetermitterent,
658 2181 724 2230 ut,
757 2178 794 2218 si
826 2178 898 2232 qui
932 2191 997 2217 me
1030 2176 1143 2217 exire
1176 2177 1301 2218 domo
1335 2190 1429 2217 mea
1459 2179 1549 2217 0οό-
1569 2186 1592 2211 3³

221 2238 355 2292 gisset
387 2235 528 2289 armis,
558 2236 759 2277 haberem
792 2236 1013 2288 actionem,
1045 2235 1081 2275 si
1113 2234 1185 2288 qui
1210 2233 1387 2276 introire
1411 2233 1551 2289 prohi-

220 2295 399 2349 buisset,
432 2309 517 2337 non
555 2294 786 2336 haberem?
848 2293 1048 2334 Nondum
1088 2292 1138 2333 de
1178 2292 1383 2335 Caecinae
1424 2306 1552 2334 causa

1596 2256 1598 2310 1
