1687 2533
52 744 85 768 10

52 1037 85 1062 15

53 1330 87 1354 520

52 1621 86 1647 25

51 1914 87 1939 30

52 2205 86 2231 35

544 107 645 144 CAP.
672 112 786 143 8—10
812 112 831 150 g
858 112 1007 142 21—25.
1354 108 1440 149 439

101 218 220 245 meae
253 204 360 245 satis
393 206 540 259 gratus
572 204 798 258 iudicarer,
838 207 984 245 tamen
1016 204 1217 260 exiguum
1249 204 1440 258 reliquae

100 263 214 304 vitae
246 265 416 318 tempus
448 277 535 304 non
567 263 692 304 modo
726 263 779 304 ad
810 262 1096 316 referendam,
1128 277 1276 304 verum
1309 263 1441 304 etiam

103 322 153 363 ad
192 321 609 363 commemorandam
648 323 835 377 gratiam
866 321 972 362 mihi
1004 322 1201 363 relictum
1233 324 1440 376 putarem.

103 379 280 429 Quando
315 380 426 421 enim
459 394 538 435 ego
571 380 667 421 huic
699 380 863 421 homini
889 395 937 421 ac
962 381 1109 421 liberis
1136 381 1237 434 eius,
1270 380 1438 434 quando

105 453 247 480 omnes
280 440 363 480 mei
395 440 580 494 gratiam
610 438 824 480 referent?
858 454 965 493 quae
990 439 1208 493 memoria,
1242 454 1349 492 quae
1375 439 1439 480 vis

102 497 281 552 ingenii,
326 512 433 552 quae
477 498 728 553 magnitudo
773 498 1070 539 observantiae
1113 500 1180 539 tot
1222 498 1439 552 tantisque

103 556 320 598 beneficiis
346 556 601 610 respondere
627 557 819 610 poterit?
851 557 922 611 qui
948 556 1053 597 mihi
1078 557 1242 611 primus
1270 557 1438 597 adflicto

104 618 146 656 et
177 615 333 656 iacenti
365 616 631 657 consularem
663 615 789 656 fidem
822 615 1100 669 dextramque
1131 616 1333 670 porrexit,
1366 615 1440 670 qui

103 688 170 715 me
209 689 234 714 a
271 676 407 715 morte
447 674 498 715 ad
536 674 689 727 vit-am,
728 689 753 715 a
790 674 1086 728 desperatione
1125 674 1177 715 ad
1211 689 1346 728 spem,
1385 674 1438 715 ab

105 732 232 773 exitio
278 733 332 773 ad
377 733 555 774 salutem
593 733 777 784 vocavit,
825 733 906 787 qui
935 735 1057 774 tanto
1097 747 1241 774 amore
1278 734 1321 773 in
1359 747 1439 785 me,

104 791 245 832 studio
277 791 321 832 in
345 806 436 833 rem
466 791 683 846 publicam
714 791 810 845 fuit,
839 794 888 832 ut
920 792 1195 846 excogitaret,
1228 806 1353 846 quem
1386 791 1439 832 ad

104 849 276 891 modum
321 850 609 891 calamitatem
655 865 793 891 meam
835 865 923 891 non
965 851 1092 891 modo
1136 851 1316 902 levaret,
1366 849 1440 890 sed

106 908 235 949 etiam
283 908 542 950 honestaret.
615 907 725 957 Quid
769 909 879 950 enim
928 909 1287 964 magnificentius,
1338 908 1439 963 quid

104 967 363 1020 praeclarius
400 967 507 1008 mihi
544 967 732 1008 accidere
764 967 923 1021 potuit,
962 983 1089 1022 quam
1123 967 1236 1021 quod
1267 967 1343 1008 illo
1374 981 1439 1008 re-

105 1025 266 1067 ferente
297 1040 372 1067 vos
406 1026 669 1077 decrevistis,
707 1028 755 1067 ut
787 1026 928 1067 cuncti
959 1041 1009 1067 ex
1041 1027 1157 1067 omni
1188 1025 1333 1079 Italia,
1367 1025 1440 1080 qui

105 1098 194 1125 rem
226 1085 443 1138 publicam
475 1085 641 1126 salvam
671 1085 844 1138 vellent,
877 1085 928 1125 ad
955 1099 1022 1125 me
1046 1100 1189 1138 unum,
1220 1084 1440 1126 hominem

103 1143 287 1185 fractum
326 1146 368 1185 et
404 1158 536 1198 prope
575 1143 846 1198 dissipatum,
883 1144 1196 1185 restituendum
1228 1146 1270 1184 et
1302 1144 1439 1184 defen-

105 1201 287 1243 dendum
312 1202 518 1255 venirent,
542 1204 602 1256 ut,
630 1217 713 1257 qua
730 1217 833 1244 voce
858 1204 925 1242 ter
945 1202 1117 1243 omnino
1137 1204 1237 1257 post
1257 1201 1439 1243 Romam

104 1261 318 1302 conditam
355 1261 503 1302 consul
541 1276 641 1301 usus
679 1264 792 1302 esset
831 1275 909 1315 pro
948 1261 1145 1302 universa
1182 1275 1227 1301 re
1267 1261 1439 1315 publica

107 1319 218 1372 apud
262 1334 333 1360 eos
378 1320 530 1369 solum,
576 1320 648 1373 qui
688 1319 777 1360 eius
819 1333 967 1360 vocem
1012 1319 1208 1360 exaudire
1252 1321 1439 1373 possent,

105 1377 252 1418 eadem
295 1392 397 1418 voce
441 1380 611 1418 senatus
655 1379 786 1418 omnis
828 1391 877 1418 ex
920 1378 1116 1418 omnibus
1156 1377 1273 1431 agris
1312 1380 1439 1431 atque

107 1435 274 1490 oppidis
312 1436 416 1477 civis
453 1438 673 1489 totamque
710 1435 883 1476 Italiam
916 1436 969 1476 ad
1000 1435 1125 1477 unius
1158 1436 1339 1477 salutem
1373 1436 1439 1476 de—

105 1494 359 1535 fendendam
386 1494 620 1535 excitaret?
664 1493 775 1542 Quid
801 1508 879 1548 ego
907 1494 1136 1548 gloriosius
1164 1495 1269 1534 meis
1296 1497 1437 1548 poste—
1455 1479 1510 1519 10

105 1552 164 1593 ris
213 1553 337 1607 potui
379 1552 617 1606 relinquere
663 1567 790 1606 quam
837 1552 935 1606 hoc,
980 1555 1175 1593 senatum
1218 1552 1439 1606 iudicasse,

108 1611 181 1665 qui
212 1611 315 1652 civis
348 1625 415 1651 me
446 1625 532 1652 non
565 1611 834 1664 defendisset,
866 1626 961 1652 eum
993 1626 1083 1652 rem
1114 1611 1331 1665 publicam
1358 1611 1438 1652 sal-

106 1684 203 1710 vam
221 1669 438 1711 noluisse?
482 1668 633 1723 Itaque
653 1672 821 1710 tantum
841 1675 985 1710 vestra
1003 1670 1249 1721 auctoritas,
1268 1672 1438 1711 tantum

106 1728 261 1769 eximia
288 1728 470 1769 consulis
498 1728 684 1781 dignitas
709 1728 856 1780 valuit,
887 1730 936 1769 ut
961 1728 1138 1769 dedecus
1164 1732 1201 1770 et
1223 1728 1437 1783 flagitium

107 1801 151 1827 se
189 1786 454 1828 committere
485 1789 675 1841 putaret,
714 1786 750 1826 si
782 1787 855 1840 qui
884 1801 971 1827 non
1002 1787 1177 1828 veniret.
1236 1786 1438 1841 Idemque

106 1846 270 1898 consul,
320 1860 414 1886 cum
463 1845 538 1886 illa
586 1844 847 1886 incredibilis
896 1845 1126 1887 multitudo
1169 1845 1352 1886 Romam
1396 1847 1438 1885 et

105 1918 237 1957 paene
279 1902 407 1945 Italia
454 1903 550 1957 ipsa
598 1903 803 1956 venisset,
851 1918 927 1944 vos
975 1904 1343 1958 frequentissimos
1392 1904 1438 1943 in

106 1961 367 2015 Capitolium
404 1962 667 2004 convocavit.
729 1961 820 2010 Quo
858 1964 1068 2016 tempore,
1106 1965 1311 2016 quantam
1350 1961 1439 2002 vim

105 2023 284 2061 naturae
316 2021 487 2061 bonitas
519 2020 697 2061 haberet
728 2023 770 2060 et
801 2034 903 2061 vera
932 2021 1155 2075 nobilitas,
1187 2021 1438 2074 intellegere

104 2079 319 2133 potuistis.
392 2078 503 2120 Nam
550 2078 596 2127 Q.
633 2078 852 2132 Metellus,
897 2081 939 2120 et
980 2079 1177 2120 inimicus
1220 2081 1261 2119 et
1304 2078 1434 2118 frater

105 2137 278 2188 inimici,
309 2140 533 2192 perspecta
557 2140 702 2178 vestra
726 2137 950 2179 voluntate
976 2138 1120 2179 omnia
1144 2137 1315 2191 privata
1341 2136 1439 2177 odia

107 2195 320 2249 deposuit,
354 2210 479 2249 quem
504 2195 548 2236 P.
570 2194 787 2249 Servilius,
818 2196 883 2237 vir
916 2211 1009 2237 cum
1037 2195 1314 2248 clarissimus,
1345 2197 1439 2235 tum

106 2268 206 2294 vero
239 2254 426 2308 optimus
459 2254 647 2308 mihique
682 2254 982 2306 amicissimus,
1020 2258 1062 2296 et
1095 2253 1364 2295 auctoritatis
1396 2255 1439 2293 et

106 2311 311 2353 orationis
344 2326 445 2353 suae
477 2312 620 2354 divina
653 2313 836 2367 quadam
861 2313 1075 2368 gravitate
1102 2312 1154 2353 ad
1181 2312 1246 2352 sui
1272 2312 1439 2367 generis

1464 1531 1508 1561 25
