1619 2542
78 1156 121 1186 38

82 1888 124 1919 39

143 87 230 128 202
451 87 514 121 DE
539 85 662 121 LEGE
687 85 905 121 AGRARIA
931 84 1111 120 ORATIO
1137 85 1182 121 ΙΙ.

142 183 246 225 urbe
287 182 447 237 partim
484 182 662 236 periculi
702 181 899 236 perfugia
936 195 1027 222 esse
1066 180 1304 222 voluerunt.
1364 180 1481 222 Haec

143 242 238 297 lege
276 240 509 282 tribunicia
548 240 775 282 decemviri
812 239 1007 281 vendent.
1069 239 1252 281 Accedet
1277 253 1325 280 eo
1357 254 1480 281 mons

143 299 330 353 Gaurus,
380 299 579 341 accedent
626 299 777 340 salicta
823 298 876 339 ad
920 297 1180 351 Minturnas,
1227 298 1481 353 adiungetur

147 358 277 399 etiam
315 358 391 399 illa
428 358 498 399 via
535 357 761 399 vendibilis
800 356 1067 399 Herculanea
1104 357 1337 398 multarum
1379 356 1480 397 deli-

144 418 306 458 ciarum
357 419 400 457 et
450 430 631 470 magnae
681 415 901 470 pecuniae,
956 416 1171 470 permulta
1220 415 1322 469 alia,
1373 429 1480 470 quae
1499 424 1516 451 5

146 478 318 516 senatus
366 478 540 529 propter
583 474 806 528 angustias
853 474 1006 516 aerarii
1049 474 1268 515 vendenda
1305 474 1482 527 censuit,

145 534 340 576 consules
384 536 561 587 propter
597 533 799 574 invidiam
837 547 923 574 non
960 533 1254 575 vendiderunt.
1320 532 1482 574 Verum

144 593 250 634 haec
281 592 467 633 fortasse
493 595 669 646 propter
694 592 899 645 pudorem
924 592 969 632 in
992 591 1087 646 lege
1112 591 1355 633 reticentur.
1401 590 1482 632 Sed

145 651 251 692 illud
290 651 429 705 magis
471 653 536 690 est
567 650 819 691 credendum
852 653 894 691 et
924 650 1327 705 pertimescendum,
1369 649 1482 704 quod

145 709 345 750 audaciae
368 709 640 750 decemvirali
660 710 1066 763 corrumpendarum
1086 709 1330 750 tabularum
1344 708 1482 764 publi·
1502 719 1535 744 10

146 783 289 810 carum
315 768 695 823 fingendorumque
716 771 890 809 senatus
911 768 1216 821 consultorum,
1242 782 1350 822 quae
1369 767 1483 809 facta

144 841 376 881 numquam
410 827 507 879 sint,
539 842 634 867 cum
666 841 716 867 ex
749 841 797 868 eo
828 841 1018 880 numero,
1051 826 1123 881 qui
1148 841 1224 881 per
1249 841 1321 868 eos
1348 840 1482 867 annos

146 886 341 927 consules
382 885 570 938 fuerunt,
608 885 731 926 multi
770 885 929 927 mortui
961 885 1063 939 sint,
1102 899 1259 940 magna
1289 887 1482 939 potestas

145 944 420 998 permittitur.
464 943 559 984 Nisi
585 943 696 984 forte
722 944 829 984 nihil
856 946 921 985 est
948 958 1129 998 aequum
1154 958 1232 985 nos
1259 943 1310 985 de
1336 958 1482 985 eorum

147 1003 324 1044 audacia
356 1002 576 1056 suspicari,
608 1017 788 1056 quorum
820 1002 1045 1057 cupiditati
1069 1002 1249 1043 nimium
1274 1005 1482 1057 angustus
1502 1012 1536 1038 15

149 1061 265 1102 orbis
296 1064 508 1101 terrarum
540 1075 632 1101 esse
663 1061 869 1102 videatur.

236 1118 419 1160 Habetis
463 1133 594 1160 unum
631 1119 888 1160 venditionis
934 1133 1085 1173 genus,
1129 1120 1240 1174 quod
1279 1133 1482 1174 magnum

148 1177 282 1219 videri
323 1177 444 1218 vobis
492 1177 714 1232 intelleg03
760 1178 833 1218 sed
874 1178 1082 1219 attendite
1123 1178 1287 1219 animos
1329 1179 1381 1219 ad
1422 1192 1482 1231 ea,

148 1251 254 1290 quae
287 1239 585 1289 consecuntur,
618 1236 729 1277 hunc
762 1237 883 1290 quasi
909 1237 1089 1291 gradum
1117 1236 1327 1290 quendam
1354 1239 1482 1290 atque

147 1295 311 1336 aditum
343 1295 395 1335 ad
422 1297 563 1336 cetera
587 1295 749 1336 factum
774 1294 1047 1350 intellegetis.
1089 1294 1189 1343 ‘QUI
1214 1306 1337 1348 AGRI,
1362 1306 1482 1345 QUAE
1503 1305 1538 1331 20

147 1364 287 1406 LOCA,
333 1353 600 1394 AEDIFICIA'.
670 1352 779 1401 Quid
828 1357 893 1394 est
939 1354 1187 1406 praeterea?
1258 1353 1396 1395 Multa
1439 1354 1483 1394 in

147 1412 379 1466 mancipiis,
412 1413 457 1452 in
482 1426 646 1466 pecore,
671 1426 787 1465 aur0,
813 1414 1002 1466 argento,
1029 1413 1167 1465 ebore,
1191 1414 1321 1466 veste,
1348 1412 1483 1467 supel-

148 1471 294 1522 lectili,
326 1471 477 1511 ceteris
504 1471 643 1512 rebus.
687 1469 795 1518 Quid
823 1470 988 1512 dicam?
1020 1471 1278 1512 invidiosum
1309 1473 1483 1525 putasse

148 1529 229 1570 hoc
260 1529 362 1583 fore,
395 1529 429 1570 si
462 1529 605 1570 omnia
629 1529 920 1570 nominasset?
964 1528 1063 1570 Non
1088 1530 1242 1570 metuit
1266 1529 1482 1571 invidiam.

149 1587 259 1635 Quid
309 1588 446 1641 ergo?
514 1588 710 1643 Longum
759 1588 929 1642 putavit
978 1590 1021 1628 et
1068 1588 1231 1642 timuit,
1280 1602 1332 1629 ne
1383 1588 1482 1642 quid
1502 1597 1535 1623 25

149 1646 421 1700 praeteriret3
467 1646 663 1700 ascripsit
706 1645 928 1688 ‘ALIUDVE
968 1646 1107 1700 QUID’,
1151 1662 1234 1700 qua
1272 1647 1483 1688 brevitate

150 1718 239 1745 rem
282 1704 446 1745 nullam
487 1719 579 1745 esse
618 1707 838 1759 exceptam
874 1704 1039 1746 videtis.
1106 1705 1313 1759 Quicquid
1349 1704 1483 1759 igitur

151 1762 208 1803 sit
233 1765 353 1803 extra
377 1762 561 1817 Italiam,
587 1763 699 1817 quod
718 1763 934 1818 publicum
954 1763 1102 1818 populi
1120 1763 1303 1804 Romani
1320 1762 1482 1804 factum

152 1820 209 1861 sit
248 1819 294 1861 L.
336 1819 454 1861 Sulla
494 1820 541 1869 Q.
584 1821 787 1876 Pompeio
829 1822 1072 1863 consulibus
1118 1823 1191 1862 aut
1231 1824 1399 1875 postea,
1440 1821 1483 1862 id

152 1879 412 1920 decemviros
444 1879 562 1920 iubet
587 1880 778 1921 vendere.
822 1879 915 1921 Hoc
939 1880 1090 1934 capite,
1121 1878 1318 1933 Quirites,
1344 1880 1482 1921 omnis
1502 1890 1537 1916 30

151 1937 303 1990 gentis,
335 1937 542 1989 nationes,
573 1938 827 1992 provincias,
851 1952 983 1992 regna
1007 1937 1291 1979 decemvirum
1317 1938 1483 1992 dicioni,

152 1995 306 2036 iudicio
344 1996 633 2049 potestatique
669 1997 878 2050 permissa
915 1999 957 2037 et
988 1996 1226 2037 condonata
1257 2011 1348 2038 esse
1379 1997 1483 2040 dico.

150 2053 344 2095 Primum
375 2053 457 2094 hoc
489 2068 663 2107 quaero,
702 2055 821 2108 ecqui
854 2054 1024 2096 tandem
1055 2054 1173 2095 locus
1204 2069 1384 2109 usquam
1417 2056 1483 2109 sit,

153 2126 277 2166 quem
317 2126 403 2153 non
441 2112 608 2166 possint
650 2112 875 2154 decemviri
914 2112 1049 2153 dicere
1088 2112 1305 2167 publicum
1337 2114 1482 2168 populi

151 2170 334 2212 Romani
367 2184 459 2210 esse
489 2169 663 2212 factum.
711 2170 823 2212 Nam
850 2185 944 2212 cum
975 2170 1087 2211 idem
1119 2171 1256 2224 possit
1286 2172 1483 2226 iudicare,
1501 2183 1535 2209 35

152 2229 225 2282 qui
264 2228 437 2281 dixerit,
474 2228 574 2282 quid
616 2232 700 2282 est,
737 2229 848 2283 quod
884 2243 969 2270 non
1000 2228 1126 2270 liceat
1158 2230 1195 2270 ei
1227 2230 1380 2283 dicere,
1416 2230 1483 2272 cui

149 2287 277 2328 liceat
321 2286 458 2328 eidem
496 2285 714 2328 iudicare?
782 2286 1061 2329 Commodum
1099 2287 1179 2328 erit
1214 2287 1482 2343 Pergamum,
