1619 2542
608 151 709 188 CAP.
732 157 749 186 1
784 156 802 195 s
831 156 931 187 1—3.
1353 152 1438 194 249

100 247 243 291 equites
264 246 421 281 Romani
443 246 655 281 Ciceronem
676 246 863 281 consulem
882 245 949 280 illa
966 246 1050 290 ipsa
1068 247 1177 281 nocte
1198 248 1285 281 ante
1306 246 1439 291 lucem,

101 305 183 329 cum
222 295 317 328 sicut
356 294 552 328 salutaturi
591 294 668 328 eius
704 294 853 328 domum
884 293 1104 336 intrassent,
1143 294 1440 329 interficiendum

99 343 327 386 receperunt.
362 341 410 375 M.
437 339 563 375 Cicero
595 340 722 375 vitatis
754 340 899 375 insidiis
933 341 1101 385 proximo
1128 340 1198 384 die,
1226 341 1290 385 qui
1315 341 1386 376 fuit
1406 352 1438 377 a.

100 389 135 423 d.
158 388 207 422 VI
227 388 279 422 ld.
296 388 536 431 Novembres,
565 387 755 433 dispositis
781 386 978 432 praesidiis
1005 390 1174 422 senatum
1199 389 1238 422 in
1258 388 1440 433 templum

100 436 195 470 Iovis
216 435 373 470 Statoris
400 435 628 478 convocavit,
656 446 728 478 quo
755 445 838 469 cum
859 434 1019 469 Catilina
1045 435 1151 479 quasi
1178 436 1231 469 sui
1252 435 1440 480 purgandi

101 493 212 517 causa
244 482 427 525 venisset,
458 481 584 517 Cicero
612 492 709 525 eam,
741 492 833 525 quae
860 481 956 516 infra
979 481 1134 526 legitur,
1170 483 1376 518 orationem
1400 482 1440 517 in

102 529 299 564 Catilinam
325 528 649 564 vehementissime
676 529 856 563 invehens
882 529 1025 564 habuit.

191 719 282 768 Quo
315 734 448 774 usque
480 719 651 760 tandem
679 719 867 774 abutere,
900 718 1098 774 Catilina,
1130 720 1341 775 patientia
1366 735 1439 762 no-

102 779 220 820 stra‘?
267 793 394 833 quam
439 778 509 820 diu
553 779 683 820 etiam
725 778 846 819 furor
883 778 965 819 iste
1008 781 1106 820 tuus
1144 794 1223 821 nos
1265 779 1439 821 eludet?

102 852 226 893 quem
253 837 305 878 ad
330 838 457 878 finem
478 851 569 879 sese
590 837 797 878 effrenata
816 837 996 878 iactabit
1016 837 1222 879 audacia?
1263 837 1440 879 Nihilne

100 901 142 937 te
179 899 435 938 nocturnum
474 896 735 951 praesidium
765 895 926 950 Palati,
962 896 1070 936 nihil
1102 896 1220 938 urbis
1252 897 1438 952 vigiliae,

48 966 64 991 ⁵
101 955 209 996 nihil
241 955 370 996 timor
399 955 561 1009 populi,
593 954 702 995 nihil
735 969 964 996 concursus
996 955 1208 996 bonorum
1236 956 1441 1008 omnium,

100 1014 209 1054 nihil
253 1014 322 1055 hic
361 1013 675 1055 munitissimus
713 1013 899 1055 habendi
938 1017 1112 1055 senatus
1151 1015 1288 1068 locus,
1330 1015 1440 1055 nihil

100 1073 254 1114 horum
287 1086 361 1113 ora
392 1073 620 1126 voltusque
652 1073 910 1114 moverunt?
966 1072 1119 1114 Patere
1141 1076 1227 1114 -tua
1261 1073 1441 1115 consilia

100 1146 187 1172 non
224 1132 374 1185 sentis,
412 1132 690 1173 constrictam
727 1131 814 1172 iam
851 1132 1004 1172 horum
1037 1131 1229 1173 omnium
1262 1132 1440 1173 scientia

101 1191 236 1231 teneri
268 1190 604 1231 coniurationem
636 1193 755 1231 tuam
787 1204 874 1231 non
899 1190 1047 1231 vides?
1098 1190 1208 1239 Quid
1234 1191 1440 1246 proxima,

49 1259 82 1284 10
102 1248 452 1303 quidvsuperiore
482 1251 607 1290 nocte
640 1249 791 1304 egeris,
821 1248 897 1290 ubi
927 1248 1072 1303 fueris,
1105 1263 1210 1303 quos
1237 1264 1441 1291 convoca-

101 1308 232 1361 veris,
278 1307 377 1361 quid
415 1307 585 1349 consilii
623 1307 803 1362 ceperis,
842 1322 967 1361 quem
1004 1310 1201 1349 nostrum
1239 1309 1440 1363 ignorare

103 1365 353 1407 arbitraris?
417 1365 451 1407 Ο
489 1369 703 1421 tempora,
741 1380 764 1407 o
806 1368 965 1407 mores!
1030 1365 1212 1407 Senatus
1245 1366 1350 1407 haec
1381 1367 1440 1407 in—

102 1424 292 1480 tellegit,
323 1425 470 1465 consul
503 1424 637 1478 videt3
675 1424 745 1466 hic
776 1427 922 1466 tamen
955 1424 1074 1465 vivit.
1124 1423 1274 1465 Vivit?
1308 1426 1439 1467 immo

102 1497 202 1524 vero
236 1483 366 1524 etiam
391 1483 437 1523 in
462 1486 659 1523 senatum
686 1482 817 1535 venit,
847 1483 898 1523 fit
929 1482 1091 1537 publici
1117 1483 1286 1524 consilii
1310 1483 1441 1537 parti-

52 1552 84 1577 15
105 1555 216 1595 cepS,
246 1544 370 1582 notat
401 1544 443 1582 et
474 1541 672 1596 designat
703 1541 836 1582 oculis
863 1540 916 1581 ad
942 1541 1113 1582 caedem
1138 1556 1269 1582 unum
1298 1556 1440 1595 quem-

104 1614 184 1654 que
221 1602 429 1640 nostrum.
478 1598 570 1640 Nos
610 1601 754 1640 autem
791 1599 925 1640 fortes
958 1599 1038 1639 viri
1071 1600 1175 1640 satis
1209 1599 1347 1641 facere
1379 1600 1441 1641 rei

104 1657 298 1712 publicae
336 1657 545 1711 videmur,
585 1657 621 1698 si
657 1657 783 1698 istius
820 1657 1008 1698 furorem
1046 1672 1095 1698 ac
1126 1658 1214 1699 tela
1245 1658 1440 1700 vitemus.

104 1716 172 1757 Ad
196 1719 379 1758 mortem
399 1719 454 1769 te,
481 1714 680 1768 Catilina,
707 1716 802 1757 duci
821 1716 940 1757 iussu
961 1716 1148 1757 consulis
1168 1716 1255 1758 iam
1275 1717 1441 1771 pridem

106 1775 353 1830 oportebat,
394 1775 439 1815 in
482 1776 525 1815 te
567 1774 751 1815 conferri
793 1777 976 1829 pestem,
1021 1789 1148 1829 quam
1189 1777 1237 1816 tu
1278 1776 1323 1816 in
1361 1790 1440 1818 nos

52 1845 86 1870 2⁰
108 1835 271 1886 [omnes
296 1834 383 1874 iam
409 1833 497 1884 diu]
518 1832 786 1874 machinaris.
832 1834 899 1874 An
918 1847 1018 1874 vero
1040 1833 1104 1874 vir
1125 1834 1441 1888 amplissumus‚

104 1893 149 1933 P.
169 1890 322 1946 Scipio,
353 1891 547 1946 pontifex
574 1891 796 1945 maximus,
821 1891 885 1933 Ti.
905 1890 1145 1933 Gracchum
1172 1892 1441 1935 mediocriter

104 1950 437 1992 labefactantem
468 1952 630 1991 statum
661 1950 724 1990 rei
754 1949 950 2004 publicae
981 1950 1174 2005 privatus
1208 1951 1439 2005 interfecit3

107 2007 338 2050 Catilinam
371 2009 517 2050 orbem
549 2011 690 2049 terrae
722 2008 847 2049 caede
880 2011 1007 2063 atque
1039 2009 1243 2051 incendiis
1270 2013 1440 2051 vastare

107 2067 346 2121 cupientem
377 2082 454 2109 nos
488 2067 684 2109 consules
716 2066 1007 2122 perferemus?
1060 2067 1172 2109 Nam
1204 2069 1282 2109 illa
1312 2069 1440 2109 nimis

54 2136 87 2162 25
109 2126 284 2179 antiqua
320 2128 561 2180 praetereo,
600 2124 712 2179 quod
739 2123 782 2166 C.
815 2124 1019 2167 Servilius
1053 2126 1193 2168 Ahala
1225 2125 1295 2181 Sp.
1326 2125 1440 2167 Mae-

107 2184 213 2225 lium
249 2184 371 2225 novis
403 2185 529 2225 rebus
562 2183 804 2225 studentem
837 2199 964 2225 manu
996 2200 1072 2226 sua
1105 2184 1268 2226 occidit.
1331 2184 1440 2238 Fuit,

106 2242 190 2283 fuit
225 2241 311 2282 ista
350 2242 564 2295 quondam
601 2242 646 2283 in
686 2242 766 2283 hac
802 2256 847 2283 re
885 2243 1057 2296 publica
1088 2244 1243 2297 virtus,
1281 2245 1329 2284 ut
1360 2243 1441 2284 viri

107 2301 241 2342 fortes
288 2300 522 2342 acrioribus
561 2300 781 2355 suppliciis
819 2300 953 2343 civem
990 2302 1274 2357 perniciosum
1312 2315 1440 2355 quam

109 2358 431 2401 acerbissimum
475 2359 643 2401 hostem
688 2362 941 2402 coercerent.
1008 2360 1439 2402 Habemus‘senatus
