1619 2542
90 195 134 226 45

92 933 145 973 16

89 984 134 1014 46

161 89 217 130 90
430 89 492 123 DE
519 88 720 124 IMPERIO
748 88 821 124 CN.
841 87 1022 123 POMPEI
1048 86 1237 123 ORATIO.

161 185 384 240 potuisset.
445 183 538 226 Iam
583 186 755 239 accepta
798 183 842 224 in
880 183 1017 224 Ponto
1063 183 1309 224 calamitate
1353 197 1403 224 ex
1447 197 1496 225 eo

160 243 336 299 proelio,
368 243 418 284 de
450 258 532 297 quo
565 257 640 284 vos
672 242 801 297 paulo
835 244 933 283 ante
965 241 1125 283 invitus
1159 241 1371 295 admonui,
1401 255 1497 283 cum

162 302 266 344 socii
290 301 625 357 pertimuissent,
658 300 849 342 hostium
881 315 982 355 opes
1010 300 1225 354 animique
1251 300 1497 354 crevissent,

161 361 267 402 satis
303 361 475 402 firmum
507 359 766 415 praesidium
798 359 1019 413 provincia
1049 373 1136 400 non
1167 358 1361 412 haberet,
1396 358 1496 400 ami-

161 419 324 461 sissetis
356 419 519 471 Asiam,
552 417 751 471 Quirites,
782 417 866 458 nisi
897 417 950 459 ad
979 417 1121 472 ipsum
1154 417 1380 458 discrimen
1406 417 1496 459 eius

159 478 366 534 temporis
417 477 618 518 divinitus
664 476 737 517 Cn.
782 476 1031 531 Pompeium
1082 475 1134 517 ad
1185 490 1256 517 eas
1300 475 1496 530 regiones

159 537 335 578 fortuna
366 536 514 591 populi
535 535 728 585 ,Romani
759 535 988 576 attulisset.
1044 534 1182 576 Huius
1215 534 1422 576 adventus
1454 537 1497 576 et

160 595 457 637 Mithridatem
500 594 677 636 insolita
717 594 1027 635 inflammatum
1068 593 1248 635 victoria
1286 593 1498 635 continuit

161 657 203 695 et
241 654 470 709 Tigranem
510 652 678 709 magnis
719 652 853 707 copiis
891 652 1161 693 minitantem
1201 651 1329 693 Asiae
1366 654 1497 693 retar-

160 713 290 754 davit.
327 713 385 753 Et
412 712 636 766 quisquam
664 711 890 764 dubitabit,
923 710 1021 765 quid
1047 711 1205 752 virtut-e
1231 709 1496 764 perfecturus

161 772 228 825 sit,
261 772 332 826 qui
364 773 536 812 tantum
569 770 822 812 auctoritate
848 770 1084 824 perfecerit,
1117 771 1191 810 aut
1218 783 1344 823 quam
1369 767 1496 810 facile

160 830 339 885 imperio
386 832 513 884 atque
559 829 746 870 exercitu
791 828 927 870 socios
972 830 1015 869 et
1057 827 1289 883 vectigalia
1331 842 1496 869 conser-

160 892 337 930 vaturus
376 888 452 941 sit,
491 888 562 942 qui
599 887 693 941 ipso
734 887 906 928 nomine
944 901 992 928 ac
1030 901 1199 928 rumore
1232 885 1496 928 defenderit?

163 948 255 1002 Age
286 962 386 989 vero
424 947 501 987 illa
534 961 599 988 res
633 948 838 1000 quantam
872 946 1061 988 declarat
1092 945 1279 986 eiusdem
1310 944 1495 986 hominis

161 1006 274 1061 apud
317 1006 464 1047 hostes
509 1004 658 1060 populi
698 1004 881 1046 Romani
926 1004 1246 1057 auctoritatem,
1290 1003 1403 1057 quod
1446 1017 1496 1044 ex

160 1065 264 1107 locis
299 1067 391 1106 tam
423 1063 669 1118 longinquis
702 1066 876 1116 tamque
909 1063 1087 1104 diversis
1119 1065 1209 1104 tam
1240 1062 1361 1103 brevi
1392 1065 1497 1104 tem-

160 1138 262 1178 pore
295 1136 442 1165 omnes
473 1122 571 1164 huic
603 1136 647 1162 se
678 1122 751 1163 uni
783 1121 1053 1162 dediderunt!
1086 1121 1196 1176 quod
1229 1119 1496 1162 Cretensium

160 1182 312 1237 legati,
356 1196 451 1223 cum
489 1180 533 1221 in
572 1195 718 1221 eorum
756 1180 897 1221 insula
932 1182 1077 1221 noster
1114 1180 1347 1233 imperator
1384 1193 1496 1220 exer-

160 1241 353 1294 citusque
399 1242 528 1292 esset,
573 1239 624 1280 ad
666 1237 741 1280 Cn.
779 1238 1027 1293 Pompeium
1067 1238 1111 1279 in
1149 1238 1324 1279 ultimas
1363 1251 1495 1292 prope

159 1301 298 1341 terras
336 1300 544 1339 venerunt
580 1297 700 1352 eique
739 1311 783 1338 se
823 1311 968 1339 omnes
1002 1295 1267 1338 Cretensium
1299 1295 1496 1337 civitates

161 1357 313 1398 dedere
350 1357 460 1398 velle
494 1356 710 1397 dixerunt!
774 1355 912 1404 Quid?
952 1355 1064 1396 idem
1102 1355 1184 1396 iste
1222 1354 1494 1396 Mithridates

159 1430 300 1458 nonne
345 1416 397 1457 ad
439 1415 617 1457 eundem
657 1414 730 1456 Cn.
768 1413 1017 1468 Pompeium
1055 1414 1245 1468 legatum
1285 1427 1417 1467 usque
1451 1413 1496 1454 in

160 1474 415 1529 Hispaniam
447 1473 594 1515 misit?
627 1487 735 1526 eum,
768 1488 891 1528 quem
917 1472 1146 1527 Pompeius
1171 1472 1364 1527 legatum
1391 1486 1496 1513 sem-

160 1548 237 1588 per
257 1533 471 1585 iudicavit,
496 1532 538 1585 ii,
564 1532 717 1586 quibus
738 1535 831 1573 erat
853 1533 1054 1586 [semper]
1077 1531 1305 1572 molestum
1328 1529 1381 1571 ad
1401 1544 1496 1571 eum

160 1591 433 1646 potissimum
467 1605 558 1632 esse
590 1591 778 1642 missum,
811 1590 1119 1645 speculatorem
1153 1604 1278 1644 quam
1305 1589 1495 1643 legatum

159 1649 338 1691 iudicari
381 1649 635 1691 maluerunt.
702 1649 888 1691 Potestis
927 1649 1060 1704 igitur
1099 1649 1186 1689 iam
1224 1647 1496 1700 constituere,

161 1709 359 1762 Quirites,
390 1708 501 1750 hanc
533 1708 833 1750 auctoritatem
860 1708 1007 1749 multis
1033 1709 1184 1762 postea
1207 1706 1334 1747 rebus
1361 1705 1496 1760 gestis

161 1766 414 1822 magnisque
441 1767 595 1807 vestris
627 1766 793 1808 iudiciis
820 1766 1123 1821 amplificatam
1151 1767 1356 1819 quantum
1384 1763 1496 1817 apud

159 1825 259 1867 illos
291 1839 426 1879 regeS,
458 1828 664 1879 quantum
696 1825 806 1880 apud
839 1828 1005 1866 exteras
1035 1824 1232 1865 nationes
1263 1821 1496 1863 valituram

163 1898 253 1925 esse
286 1884 564 1924 existumetis.

249 1941 477 1996 Reliquum
510 1945 587 1995 est,
619 1944 666 1982 ut
698 1941 748 1983 de
779 1941 1001 1995 felicitate,
1033 1954 1159 1994 quam
1191 1941 1412 1993 praestare
1444 1938 1495 1980 de

163 2015 206 2042 se
243 2000 337 2055 ipso
374 2013 499 2041 nemo
530 2003 691 2053 potest,
730 2000 973 2041 meminisse
1006 2001 1049 2039 et
1079 2011 1413 2040 commemorare
1445 1997 1495 2038 de

163 2060 297 2101 altero
335 2072 580 2112 possumus,
618 2058 727 2099 sieut
765 2072 945 2112 aequum
977 2059 1042 2098 est
1072 2056 1266 2097 homines
1299 2056 1348 2097 de
1379 2058 1496 2110 pote-

163 2120 275 2159 state
314 2116 507 2169 deorum,
545 2116 691 2157 timide
730 2120 771 2158 et
812 2130 945 2171 pauca
985 2115 1186 2156 dicamus.
1247 2114 1344 2169 Ego
1383 2114 1494 2155 enim

163 2177 222 2218 sic
261 2175 475 2226 existimo,
519 2173 723 2227 Maximo,
767 2174 986 2227 Marcello,
1031 2172 1235 2227 Scipioni,
1277 2172 1414 2213 Mario
1453 2174 1496 2214 et

163 2234 313 2276 ceteris
353 2232 520 2288 magnis
552 2232 883 2286 imperatoribus
914 2246 1001 2273 non
1032 2231 1171 2272 solum
1203 2233 1380 2287 propter
1411 2230 1495 2272 vir-

164 2296 317 2346 tutem,
362 2292 435 2333 sed
474 2290 603 2332 etiam
642 2294 818 2345 propter
854 2291 1072 2332 fortunam
1111 2290 1279 2344 saepius
1316 2288 1496 2343 imperia

1515 427 1532 454 5

1517 721 1551 747 10

1516 1014 1549 1040 15

1515 1307 1549 1332 20

1515 1599 1549 1624 25

1514 1892 1550 1917 30

1514 2182 1548 2209 35
