1619 2542
583 103 684 138 CAP.
713 107 750 146 1,
776 107 795 137 2
822 106 840 145 ξ
869 107 958 138 1-—4
1386 105 1440 146 75

102 198 218 253 rites,
248 200 395 240 tamen
426 198 507 240 1100
540 198 658 239 aditu
690 198 839 254 laudis,
872 199 944 253 qui
976 213 1142 254 semper
1168 200 1330 255 optimo
1357 201 1440 242 cui-

102 271 181 311 que
213 257 395 298 maxime
427 257 580 312 patuit,
611 272 697 298 non
729 272 822 299 mea
854 272 920 299 me
954 258 1152 300 voluntas
1185 259 1335 314 adhuc,
1367 260 1437 301 sed

100 315 216 356 vitae
254 329 372 357 meae
404 315 592 358 rationes
625 316 677 357 ab
711 316 886 358 ineunte
918 319 1057 358 aetate
1090 320 1313 371 susceptae
1344 333 1438 373 pro-

100 373 342 415 hibuerunt.
386 373 499 415 Nam
526 389 621 416 cum
648 377 773 416 antea
798 390 874 428 per
900 378 1085 417 aetatem
1103 376 1291 417 nondum
1311 376 1438 418 huius

65 444 82 469 5
104 433 403 474 auctoritatem
430 432 513 474 loci
540 433 750 487 attingere
772 433 970 475 auderem
991 437 1309 489 statueremque
1329 436 1438 477 nihil

100 491 182 533 huc
206 491 289 532 nisi
309 491 544 546 perfectum
564 491 748 546 ingenio,
776 492 1044 534 elaboratum
1065 493 1276 535 industria
1296 494 1439 535 afferri

101 552 315 604 oportere,
356 564 480 591 omne
518 564 658 591 meum
696 553 866 605 tempus
906 551 1140 593 amicorum
1170 553 1438 608 temporibus

100 608 480 650 transmittendum
511 609 672 664 putavi.
763 609 830 649 Ita
861 624 997 664 neque
1029 610 1098 652 hic
1130 611 1248 653 locus
1279 626 1437 654 vacuus

100 681 304 721 umquam
334 667 417 708 fuit
447 666 501 708 ab
533 667 598 720 iis,
631 667 702 722 qui
734 671 922 709 vestram
955 684 1126 711 causam
1153 670 1440 724 defenderem,

0 746 1 750 =
50 737 82 763 ιο
101 728 144 767 et
169 740 288 766 meus
315 725 437 767 labor
462 725 505 767 in
531 726 799 780 privatorum
826 727 1026 781 periculis
1052 731 1169 770 caste
1188 729 1438 784 integreque

99 787 294 826 versatus
333 799 382 826 ex
417 788 561 826 vestro
599 785 753 826 iudicio
794 785 980 827 fructum
1020 790 1084 828 est
1122 787 1438 842 amplissimum

100 846 361 884 consecutus.
405 842 518 884 Nam
550 858 645 885 cum
676 846 852 898 propter
884 844 1135 886 dilationem
1168 846 1438 888 comitiorum

99 903 166 942 ter
198 905 371 956 praetor
401 902 565 957 primus
598 903 800 944 centuriis
832 903 994 944 cunctis
1027 904 1298 946 renuntiatus
1331 919 1438 959 sum,

98 959 224 1001 facile
255 961 465 1015 intellexi,
499 960 698 1014 Quirites,
730 964 773 1003 et
804 961 903 1015 quid
935 961 984 1003 de
1018 977 1086 1004 me
1116 963 1362 1004 iudicaretis
1395 966 1438 1004 et

48 1030 80 1056 15
102 1018 202 1073 quid
240 1019 337 1061 aliis
374 1020 735 1074 praescriberetis.
791 1019 915 1062 Nunc
953 1035 1049 1062 cum
1087 1023 1130 1062 et
1167 1022 1437 1063 auctoritatis

99 1077 143 1118 in
174 1092 241 1119 me
271 1079 441 1119 tantum
474 1078 542 1131 sit,
575 1082 781 1132 quantum
806 1093 883 1120 vos
916 1079 1152 1121 honoribus
1184 1080 1436 1122 mandandis

99 1150 191 1177 esse
217 1136 426 1190 voluistis,
459 1141 501 1178 et
533 1136 586 1178 ad
612 1137 823 1191 agendum
847 1137 1068 1179 facultatis
1094 1141 1277 1193 tantum,
1309 1154 1437 1193 quan—

98 1197 191 1235 tum
228 1194 391 1236 homini
427 1195 626 1250 vigilanti
667 1210 716 1237 ex
752 1195 915 1237 forensi
946 1211 1025 1238 usu
1056 1211 1190 1262 prope
1223 1197 1438 1240 cotidiana

100 1253 264 1295 dicendi
290 1253 536 1295 exercitatio
564 1254 704 1308 potuit
731 1254 892 1307 afferre,
924 1257 1038 1296 certe
1065 1257 1118 1308 et,
1151 1255 1188 1296 si
1214 1256 1315 1310 quid
1342 1271 1435 1298 auc-

0 1301 1 1350 1
45 1323 80 1349 20
99 1312 289 1353 toritatis
321 1313 367 1353 in
398 1327 464 1354 me
497 1315 578 1367 est,
611 1313 723 1367 apud
754 1327 825 1355 eos
857 1316 974 1367 utar,
1007 1313 1080 1368 qui
1111 1328 1205 1355 eam
1231 1314 1337 1355 mihi
1369 1315 1436 1356 de-

99 1369 268 1424 derunt,
312 1374 371 1425 et,
415 1371 451 1412 si
489 1346 589 1437 quid
628 1371 672 1412 in
714 1372 888 1413 dicendo
921 1372 1122 1427 consequi
1153 1387 1346 1426 possum,
1382 1373 1435 1414 iis

99 1429 322 1470 ostendam
352 1429 643 1484 potissimum,
675 1430 746 1484 qui
778 1430 816 1471 ei
849 1445 1014 1484 quoque
1046 1431 1108 1471 rei
1139 1430 1325 1472 fructum
1357 1445 1434 1473 suo

98 1487 254 1529 iudicio
307 1488 581 1529 tribuendum
625 1502 717 1529 esse
761 1489 982 1529 duxerunt.
1056 1489 1197 1543 Atque
1241 1489 1347 1530 illud
1390 1490 1436 1530 in

98 1545 248 1600 primis
287 1546 392 1587 mihi
428 1546 673 1587 laetandum
709 1546 800 1588 iure
832 1561 925 1587 esse
957 1547 1098 1601 video,
1136 1547 1248 1600 quod
1278 1547 1323 1588 in
1354 1547 1436 1590 hac

45 1615 79 1642 25
98 1604 274 1645 insolita
311 1604 417 1645 mihi
456 1619 506 1646 ex
542 1605 623 1646 hoc
654 1606 746 1646 1000
778 1605 944 1646 ratione
978 1604 1142 1646 dicendi
1173 1620 1302 1647 causa
1332 1606 1450 1652 talisv

99 1663 245 1704 oblata
277 1666 353 1716 est,
384 1663 430 1704 in
461 1678 543 1717 qua
575 1663 711 1704 oratio
739 1663 883 1704 deesse
907 1663 1067 1704 nemini
1092 1664 1240 1718 possit.
1282 1664 1435 1707 Dicen-

98 1721 198 1762 dum
245 1725 311 1763 est
359 1722 471 1762 enim
519 1721 569 1762 de
611 1720 684 1763 Cn.
724 1720 902 1776 Pompei
943 1721 1154 1777 singulari
1193 1723 1433 1778 eximiaque

96 1780 271 1834 virtute3
314 1780 439 1821 huius
484 1783 626 1821 autem
670 1781 874 1821 orationis
917 1780 1132 1822 difficilius
1171 1785 1236 1823 est
1273 1783 1433 1823 exitum

98 1853 224 1892 quam
251 1838 514 1893 ,principium
553 1838 756 1879 invenire.
816 1837 884 1879 Ita
921 1838 1026 1880 mihi
1062 1853 1149 1881 11011
1188 1842 1278 1881 tam
1310 1841 1433 1896 copia

43 1907 78 1933 80
99 1911 224 1951 quam
256 1897 407 1938 modus
433 1897 478 1938 in
510 1897 683 1938 dicendo
717 1896 979 1950 quaerendus
1012 1900 1089 1939 est.

214 1955 354 2010 Atque
379 1959 428 1997 ut
452 1956 548 1997 inde
574 1955 712 1997 oratio
739 1970 834 1996 mea
857 1956 1161 2010 proficiscatur,
1191 1956 1301 1999 unde
1326 1957 1431 1999 haec

97 2014 234 2055 omnis
278 2028 405 2055 causa
448 2014 633 2067 ducitur,
677 2013 839 2055 bellum
883 2028 1013 2070 grave
1057 2018 1100 2056 et
1143 2015 1430 2070 periculosum

97 2072 250 2113 vestris
288 2072 571 2127 vectigalibus
611 2087 658 2113 ac
696 2072 821 2114 sociis
860 2086 886 2113 a
923 2072 1086 2115 duobus
1117 2073 1429 2128 potentissimis

95 2130 268 2185 regibus
298 2130 491 2185 infertur,
521 2130 772 2172 Mithridate
799 2133 841 2172 et
865 2130 1067 2187 Tigrane,
1107 2146 1286 2186 quorum
1320 2132 1430 2172 alter

41 2199 76 2225 35
95 2189 282 2242 relictus,
309 2190 417 2230 alter
437 2189 659 2231 lacessitus
681 2189 943 2230 occasionem
964 2190 1047 2231 sibi
1067 2190 1120 2231 ad
1140 2190 1429 2244 occupandam

95 2247 240 2288 Asiam
282 2247 473 2288 oblatam
511 2262 602 2289 esse
641 2248 887 2289 arbitratur.
947 2247 1178 2302 Equitibus
1210 2248 1430 2302 Romanis,

94 2304 410 2347 honestissimis
442 2306 558 2360 viris,
591 2306 826 2348 afferuntur
857 2320 906 2347 ex
932 2306 1038 2348 Asia
1069 2306 1222 2349 cotidie
1248 2306 1429 2360 litterae,

1464 620 1484 650 10

1461 1502 1481 1532 0³

1457 1933 1485 2014 veto
