1687 2533
517 87 617 123 CAP.
639 91 777 122 22—25
805 91 823 130 ξ
846 92 996 124 53-59.
1348 90 1433 131 411

93 185 248 239 omnia,
277 199 385 239 quae
412 183 618 238 dolemus,
644 184 792 226 eadem
819 184 942 238 queri
968 184 1058 226 iure
1084 199 1326 240 possumus.
1374 185 1436 227 At

92 246 264 286 accusat
295 242 438 285 verbis
472 243 751 298 gravissimis.
807 241 907 285 Non
939 243 1104 298 civitas,
1138 244 1211 286 sed
1243 243 1435 298 imperiti

90 302 284 344 homines
317 317 342 343 a
366 301 614 343 Maeandrio
641 301 857 343 concitati.
907 301 998 351 Quo
1023 302 1118 344 loco
1146 303 1278 344 etiam
1305 305 1433 357 atque

92 362 221 402 etiam
255 360 381 402 facite
413 363 462 402 ut
492 360 783 414 recordemini,
816 375 923 415 quae
955 362 1014 402 sit
1039 362 1260 403 temeritas
1288 362 1433 403 multi-

54 431 71 457 5
92 420 265 474 tudinis,
297 435 404 474 quae
436 419 590 461 levitas
623 419 799 474 propria
825 419 1099 474 Graecorum,
1132 420 1233 475 quid
1264 420 1310 462 in
1335 435 1432 463 con-

91 479 207 521 tione
240 478 444 520 seditiosa
473 479 615 520 valeat
647 479 797 520 oratio.
859 478 953 533 Hic,
985 479 1030 520 in
1060 479 1141 520 hac
1175 479 1433 535 gravissima

91 540 134 579 et
158 537 502 579 moderatissima
528 536 714 589 civitate,
744 552 840 578 cum
867 539 933 579 est
958 538 1100 579 forum
1125 538 1301 593 plenum
1328 538 1433 580 iudi-

89 596 270 650 ciorum,
319 596 494 651 plenum
544 596 898 651 magistratuum,
947 597 1120 650 plenum
1171 597 1432 651 optimorum

89 655 280 696 virorum
306 657 350 696 et
376 655 542 708 civium,
568 669 663 695 cum
686 655 931 708 speculatur
952 658 1080 709 atque
1102 655 1271 697 obsidet
1289 658 1433 697 rostra

43 725 79 750 10
98 714 251 756 vindex
288 713 542 755 temeritatis
581 717 624 754 et
660 713 921 767 moderatrix
958 713 1089 755 officii
1115 715 1249 767 curia,
1286 717 1433 756 tamen

92 776 275 826 quantos
307 772 459 814 fluctus
493 772 670 813 excitari
701 773 745 813 in
777 772 974 814 contione
1000 773 1173 814 videtis!
1219 772 1329 821 Quid
1354 787 1431 815 vos

88 832 181 873 fieri
213 832 394 872 censetis
426 830 672 872 Trallibus?
715 846 770 872 an
800 831 861 886 id,
899 831 1012 885 quod
1043 831 1272 887 Pergami?
1335 831 1433 874 Nisi

88 890 200 932 forte
239 890 320 931 hae
359 890 553 932 civitates
593 890 830 931 existimari
867 891 1017 932 volunt
1055 890 1226 932 facilius
1264 905 1349 932 una
1388 905 1432 932 se

90 949 273 1003 epistula
316 948 582 990 Mithridatis
628 949 789 990 moveri
834 949 1082 1004 impellique
1129 949 1339 1003 potuisse,
1382 952 1432 991 ut

36 1019 69 1045 15
90 1007 327 1049 amicitiam
369 1007 519 1062 populi
556 1007 758 1061 Romani,
801 1007 929 1049 fidem
975 1022 1113 1061 suam,
1156 1008 1250 1049 iura
1287 1009 1432 1049 omnia

89 1066 218 1108 officii
249 1066 616 1132 humanitatisque
648 1067 872 1120 violarent,
906 1082 1033 1121 quam
1064 1069 1112 1108 ut
1144 1067 1282 1108 filium
1308 1067 1431 1108 testi-

88 1125 232 1167 monio
260 1125 491 1177 laederent,
517 1125 636 1166 cuius
663 1128 832 1180 patrem
859 1125 989 1166 armis
1018 1125 1266 1180 pellendum
1293 1140 1318 1167 a
1344 1125 1431 1167 suis

87 1184 311 1226 moenibus
343 1184 622 1226 censuissent.
666 1183 804 1232 Quare
835 1184 972 1225 nolite
1004 1184 1111 1225 mihi
1143 1185 1230 1225 ista
1255 1184 1432 1226 nomina

88 1243 310 1284 civitatum
350 1242 561 1285 nobilium
601 1257 831 1297 opponere3
871 1257 976 1297 quos
1010 1243 1122 1284 enim
1154 1242 1294 1284 hostis
1326 1243 1431 1285 haec

36 1313 70 1339 20
89 1301 256 1342 familia
299 1302 578 1356 contempsit,
626 1315 860 1355 numquam
906 1301 1078 1342 eosdem
1121 1304 1256 1343 testes
1301 1302 1431 1356 perti-

88 1363 259 1402 mescet.
318 1359 456 1401 Vobis
501 1362 644 1401 autem
689 1362 754 1400 est
799 1360 1104 1413 confitendum,
1156 1361 1193 1401 si
1237 1360 1428 1401 consiliis

88 1419 330 1473 principum
361 1421 527 1459 vestrae
554 1418 751 1459 civitates
777 1421 996 1472 reguntur,
1027 1433 1115 1459 non
1141 1418 1429 1459 multitudinis

88 1478 351 1530 temeritate,
395 1476 469 1517 sed
507 1476 785 1530 optimatium
823 1476 1000 1517 consilio
1040 1476 1201 1517 bellum
1240 1477 1294 1517 ab
1332 1476 1428 1518 istis

90 1535 336 1576 civitatibus
375 1548 469 1576 cum
507 1535 667 1589 populo
700 1535 893 1576 Romano
933 1549 1025 1575 esse
1058 1537 1322 1590 susceptum3
1363 1536 1432 1576 sin

37 1604 69 1630 2⁵
90 1594 162 1635 ille
200 1597 294 1635 tum
325 1595 469 1634 motus
502 1596 568 1634 est
599 1593 844 1634 temeritate
876 1593 1176 1647 imperitorum
1208 1593 1430 1648 excitatus,

88 1652 288 1718 patimini
331 1666 398 1692 me
437 1651 592 1693 delicta
624 1652 744 1717 volgi
782 1667 807 1692 a
843 1652 1016 1706 publica
1054 1666 1181 1693 causa
1219 1667 1429 1706 separ.are

88 1712 150 1752 At
199 1712 313 1752 enim
363 1711 492 1751 istam
542 1711 764 1765 pecuniam
812 1710 913 1751 huic
963 1724 1112 1764 capere
1160 1725 1248 1752 non
1296 1711 1430 1752 licuit.

88 1756 247 1811 Utrum
284 1769 416 1811 vultis
454 1769 570 1823 patri
601 1768 754 1810 Flacco
793 1769 963 1810 licuisse
999 1768 1160 1811 necne?
1222 1768 1267 1812 Si
1297 1769 1430 1824 licuit,

91 1829 217 1870 sicuti
249 1830 362 1869 certe
394 1828 518 1869 licuit
545 1827 598 1868 ad
624 1827 713 1869 eius
739 1827 922 1868 honores
950 1828 1166 1882 collatam,
1199 1843 1248 1869 ex
1276 1828 1429 1883 quibus

38 1897 72 1923 80
89 1887 199 1928 nihil
241 1887 333 1941 ipse
377 1886 592 1940 capiebat,
641 1886 778 1940 patris
822 1886 1047 1940 pecuniam
1090 1889 1205 1929 recte
1249 1887 1430 1928 abstulit

90 1945 221 1999 filius3
265 1945 302 1986 si
344 1959 430 1986 non
472 1945 611 1998 licuit,
654 1948 800 1986 tamen
842 1944 917 1986 illo
962 1947 1131 1987 mortuo
1173 1959 1260 1987 non
1303 1945 1429 1986 modo

91 2003 222 2057 filius,
253 2003 326 2045 sed
359 2003 497 2057 quivis
529 2003 651 2044 heres
683 2003 920 2045 rectissime
951 2005 1095 2058 potuit
1127 2004 1304 2045 auferre.
1366 2003 1430 2045 Ac

92 2065 185 2103 tum
224 2062 393 2116 quidem
424 2061 650 2115 Tralliani,
688 2076 784 2103 cum
821 2061 906 2115 ipsi
944 2063 1066 2117 gravi
1095 2062 1267 2103 faenore
1298 2062 1429 2102 istam

91 2121 314 2174 pecuniam
343 2120 503 2161 multos
530 2135 664 2162 annos
691 2120 1028 2174 occupavissent,
1053 2135 1078 2161 a
1102 2120 1255 2162 Flacco
1282 2122 1430 2161 tamen

39 2189 72 2215 35
94 2179 248 2231 omnia,
279 2193 387 2233 quae
418 2179 658 2232 voluerunt,
689 2178 1029 2233 impetraverunt
1059 2193 1196 2233 neque
1228 2182 1317 2219 tam
1342 2177 1430 2219 fue-

90 2239 192 2277 runt
233 2236 520 2291 impudentes,
563 2240 613 2279 ut
656 2237 717 2291 id,
761 2237 874 2291 quod
914 2237 1084 2279 Laelius
1122 2237 1248 2290 dixit,
1293 2236 1429 2278 dicere

93 2294 308 2349 auderent,
333 2295 444 2337 hanc
471 2295 525 2336 ab
552 2309 596 2336 se
623 2295 846 2349 pecuniam
867 2295 1099 2337 abstulisse
1120 2294 1430 2336 Mithridatem.

1458 1196 1502 1227 58

1475 1697 1501 1737 ὃ

1457 1749 1501 1779 59
