1619 2542
527 98 628 134 CAP.
658 103 792 134 19—21
820 103 839 142 ξ
865 103 1015 134 52-58.
1364 99 1444 140 121

104 195 312 237 Omnibus
340 195 565 237 sententiis
591 197 762 250 praeter
787 210 929 249 unam,
956 210 1085 250 quam
1107 210 1228 237 suam
1249 195 1448 237 Staienus

103 269 196 295 esse
235 254 419 307 dicebat,
458 252 716 296 Scamander
754 254 894 307 prima
932 255 1100 295 actione
1140 255 1448 296 condemnatus

104 316 181 355 est.
244 312 346 361 Quis
378 316 469 353 tum
503 316 595 353 erat
627 313 829 365 omnium,
862 312 934 367 qui
960 311 1219 354 Scamandro
1253 314 1449 355 condem-

103 375 207 412 nato
245 386 333 413 non
363 371 564 412 iudicium
599 371 649 411 de
682 370 917 425 Oppianico
949 371 1111 413 factum
1144 386 1236 413 6886
1269 372 1450 413 arbitra-

68 440 85 466 5
105 430 251 471 retur?
295 429 395 484 quid
423 432 487 470 est
518 429 595 470 illa
628 430 903 471 damnatione
934 430 1180 483 iudicatum,
1211 430 1295 471 nisi
1326 445 1448 472 vene-

104 503 207 529 num
238 488 292 540 id,
326 488 438 542 quod
470 487 634 529 Habito
668 488 852 539 daretur,
885 503 977 530 esse
1011 489 1281 543 quaesitum?
1332 488 1449 538 Quae

104 561 232 601 porro
273 546 525 588 tenuissima
558 546 744 601 suspicio
777 548 938 588 collata
969 547 1014 588 in
1045 546 1352 589 Scamandrum
1386 552 1451 589 est

105 608 180 646 aut
221 606 405 646 conferri
437 605 597 659 potuit,
635 608 683 646 ut
714 605 751 646 is
785 620 862 646 sua
894 609 1047 660 sponte
1079 621 1230 648 necare
1261 606 1450 648 voluisse

105 663 312 705 Habitum
344 664 598 719 putaretur?

0 729 2 732 '
53 733 87 757 10
195 723 337 777 Atque
376 722 456 764 hoc
496 725 588 764 tum
631 723 786 764 iudicio
825 723 941 765 facto
980 726 1023 764 et
1055 723 1291 778 Oppianico
1330 738 1376 765 re
1408 726 1451 765 et
1477 735 1519 766 56

106 781 426 823 existimatione
475 781 581 835 iam,
631 782 726 836 lege
776 784 818 822 et
868 783 1218 836 pronuntiatione
1262 783 1451 824 nondum

105 841 385 881 condemnato
424 843 570 881 tamen
601 840 789 881 Habitus
822 840 1104 895 Oppianicum
1144 856 1264 882 reum
1303 841 1450 882 statim

104 913 190 939 non
235 899 346 940 fecit.
408 898 561 940 Voluit
599 913 874 953 cognoscem,
915 902 1059 940 utrum
1101 900 1259 940 iudices
1298 900 1343 940 in
1381 915 1452 941 eos

107 957 221 998 solos
271 960 413 999 essent
464 958 617 1011 severi⁷
668 972 774 1012 quos
823 973 1033 1000 venenum
1085 958 1286 999 habuisse
1335 958 1452 1012 ipsos

53 1026 86 1052 15
106 1016 433 1070 comperissent,
472 1031 525 1057 an
569 1017 699 1058 etiam
738 1017 918 1058 consilia
955 1017 1323 1071 conscientiasque
1364 1017 1452 1058 eius

106 1074 222 1115 modi
258 1074 496 1116 facinorum
541 1075 752 1130 supplicio
794 1076 946 1131 dignas
984 1076 1231 1117 iudicarent.
1301 1075 1453 1129 Itaque

108 1131 152 1174 O.
195 1131 456 1188 Fabricium,
509 1148 633 1187 quem
683 1137 859 1188 propter
909 1135 1251 1176 familiaritatem
1295 1133 1453 1188 Oppia-

105 1191 191 1232 nici
229 1193 444 1233 conscium
483 1192 549 1233 illi
591 1192 772 1234 facinori
809 1192 942 1234 fuisse
980 1193 1291 1246 arbitrabatur,
1332 1208 1452 1234 reum

108 1250 257 1291 statim
301 1251 420 1304 fecit,
475 1252 621 1305 utique
667 1252 705 1292 ei
749 1252 865 1293 locus
909 1252 1073 1306 primus
1120 1252 1454 1293 constitueretur

55 1319 89 1345 20
109 1311 285 1363 propter
324 1324 475 1351 causae
514 1310 874 1363 coniunctionem,
917 1311 1177 1364 impetravit.
1239 1310 1322 1351 Hic
1360 1313 1453 1350 tum

107 1366 328 1408 Fabricius
366 1383 452 1409 non
490 1368 616 1410 modo
656 1369 709 1409 ad
747 1384 814 1409 me
853 1383 969 1410 111608
1002 1369 1164 1410 vicinos
1208 1371 1250 1409 et
1283 1368 1453 1421 amicos,

108 1425 387 1479 Aletrinates‚
418 1441 506 1468 non
532 1427 720 1481 adduxit,
753 1427 825 1468 sed
857 1427 949 1481 ipse
981 1427 1032 1468 iis
1059 1442 1196 1481 neque
1224 1427 1453 1467 defensori-

108 1484 187 1524 bus
220 1484 284 1524 uti
316 1487 468 1538 postea
499 1499 635 1539 neque
667 1485 963 1526 laudatoribus
995 1485 1150 1539 potuit.
1200 1485 1307 1526 Rem
1336 1485 1450 1526 enim
1478 1495 1520 1527 57

108 1541 320 1597 integram
353 1543 539 1584 hominis
571 1558 658 1585 non
691 1544 818 1584 alieni
851 1544 1045 1597 quamvis
1079 1543 1359 1597 suspiciosam
1386 1543 1452 1585 de·

57 1611 90 1636 25
110 1600 281 1641 fendere
319 1601 602 1642 humanitatis
636 1616 726 1643 esse
759 1602 1037 1656 putabamus,
1072 1602 1303 1643 iudicatam
1337 1602 1451 1643 labe-

109 1659 269 1700 factare
302 1660 447 1700 conari
479 1660 780 1713 impudentiae.
830 1659 982 1714 Itaque
1008 1664 1099 1701 tum
1133 1661 1206 1701 ille
1238 1661 1384 1715 inopia
1409 1664 1452 1702 et

109 1717 364 1758 necessitate
406 1721 577 1760 coactus
618 1718 663 1759 in
702 1722 829 1760 66686
868 1719 956 1759 6168
989 1719 1104 1760 1110(11
1136 1719 1187 1760 ad
1220 1718 1451 1773 Caepasios

110 1775 266 1817 fratres
305 1777 517 1831 confugit,
557 1777 751 1818 homines
784 1777 1018 1818 industrios
1052 1780 1180 1832 atque
1213 1792 1261 1819 eo
1296 1778 1451 1831 animo,

110 1836 171 1887 ut,
204 1849 493 1889 quaecumque
526 1835 691 1877 dicendi
724 1838 917 1889 potestas
944 1839 1057 1877 esset
1084 1836 1195 1888 data,
1220 1836 1265 1877 in
1290 1837 1451 1878 11011016

57 1903 92 1927 30
112 1894 239 1946 atque
271 1892 314 1934 in
346 1893 551 1935 beneficio
584 1896 802 1948 ponerent.
857 1893 971 1936 Nam
1003 1894 1084 1936 hoc
1109 1909 1242 1949 prope
1274 1894 1518 1948 iniquis-21

112 1950 216 1991 sime
259 1955 553 2004 comparatum
592 1956 674 2005 est,
720 1952 830 2006 quod
867 1952 912 1993 in
953 1953 1112 1994 morbis
1153 1953 1361 2007 corporiS‚
1405 1955 1452 1994 ut

112 2009 289 2063 quisque
311 2012 376 2051 est
397 2010 687 2064 difficillimus,
715 2011 777 2051 ita
798 2011 985 2052 medicus
1005 2011 1301 2052 nobilissimus
1323 2014 1451 2065 atque

113 2067 300 2120 optimus
345 2069 581 2122 quaeritur,
625 2069 669 2109 in
713 2069 913 2122 periculis
958 2070 1129 2124 capitis,
1172 2073 1220 2110 ut
1258 2084 1450 2123 quaeque

113 2139 242 2166 causa
273 2126 525 2169 difficillima
557 2130 635 2181 681),
665 2127 727 2168 ita
759 2127 1010 2169 deterrimus
1037 2129 1451 2181 obscurissimusque

58 2194 92 2219 35
112 2186 321 2237 patronus
359 2185 604 2240 adhibetur3
642 2185 726 2225 nisi
763 2186 872 2226 forte
909 2186 990 2228 hoc
1028 2201 1180 2228 causae
1219 2188 1301 2239 est,
1339 2186 1450 2240 quod

112 2241 264 2282 medici
296 2242 404 2283 nihil
437 2246 607 2296 praeter
639 2243 885 2296 artificium,
923 2248 1114 2286 oratores
1148 2245 1277 2285 etiam
1310 2246 1451 2285 aucto·
1545 2295 1548 2297 Β

111 2299 287 2340 ritatem
313 2304 531 2354 praestare
558 2302 724 2343 debent.
770 2301 936 2343 Citatur
961 2317 1056 2344 reus
1086 2303 1260 2358 [,agitur
1287 2303 1450 2354 causa];
1478 2313 1520 2344 58
