1619 2542
525 82 626 118 CAP.
654 86 791 117 11-13
817 86 836 125 g
862 85 1013 118 23-30.
1388 82 1443 122 27

101 179 286 233 multati,
317 179 476 235 partim
504 179 557 220 ab
583 179 665 220 hoc
690 179 784 234 ipso
811 179 926 220 bello
953 178 1145 233 superati
1171 181 1213 220 et
1239 178 1445 233 oppressi.

103 239 184 291 [17]
231 237 296 293 Si,
336 238 408 293 qui
440 238 494 279 ob
526 237 698 292 aliquod
724 237 1061 280 emolumentum
1094 251 1217 278 suum
1250 237 1442 292 cupidius

103 297 264 351 aliquid
296 296 435 338 dicere
466 296 678 348 videntur,
716 296 769 337 iis
801 297 914 338 credi
944 310 1032 337 non
1063 297 1281 350 convenit,
1320 296 1444 337 credo

102 356 240 397 maius
273 355 610 397 emolumentum
641 353 927 409 Caepionibus
960 358 1004 396 et
1034 354 1222 396 Metellis
1254 356 1446 410 proposi-

66 426 82 451 5
102 417 194 456 tum
225 414 356 456 fuisse
389 429 439 455 ex
471 412 517 462 Q.
549 413 729 467 Pompei
760 413 1046 467 damnatione,
1078 428 1173 455 cum
1206 414 1445 455 studiorum

103 488 275 515 suorum
301 473 638 514 obtrectatorem
668 472 955 526 sustulissent,
988 487 1116 527 quam
1143 475 1320 514 cunctae
1348 472 1446 513 Gal-

101 531 184 573 liae
223 546 273 572 ex
310 531 368 574 M.
397 530 550 572 Fontei
591 531 857 584 calamitate,
900 532 945 572 in
983 546 1068 585 qua
1106 531 1184 572 illa
1223 531 1444 586 provincia

100 605 233 644 prope
267 604 388 631 suam
419 590 739 631 immunitatem
773 605 821 632 ac
853 590 1100 631 libertatem
1132 590 1321 645 positam
1354 604 1446 631 esse

103 649 350 690 arbitratur.
411 648 499 702 An,
540 648 577 690 si
614 649 808 690 homines
846 649 965 703 ipsos
1004 651 1196 703 spectare
1235 649 1447 701 convenit,

53 719 83 744 ιο
102 707 146 749 id
177 707 291 762 quod
321 707 366 748 in
391 709 502 749 teste
534 707 727 761 profecto
753 707 896 748 valere
928 708 1162 762 plurimum
1192 707 1329 762 debet,
1360 722 1446 749 non

102 767 229 808 modo
262 781 358 808 cum
385 766 563 808 summis
591 766 776 808 civitatis
802 768 976 807 nostrae
1002 766 1120 820 viris,
1154 766 1228 808 sed
1259 781 1355 808 cum
1386 766 1446 807 in-

102 825 202 866 fimo
230 825 320 867 cive
345 824 541 866 Romano
571 825 799 879 quisquam
825 825 1116 879 amplissimus
1146 825 1310 866 Galliae
1337 839 1447 866 com-

101 883 317 939 parandus
338 883 432 925 est‘?
474 881 563 925 Scit
587 883 920 938 Indutiomarus,
947 883 1048 938 quid
1074 884 1130 925 sit
1148 884 1447 925 testimonium

103 943 270 984 dicere?
298 944 494 984 movetur
519 957 567 984 eo
593 942 761 996 timore,
786 957 870 996 quo
896 945 1094 984 nostrum
1120 957 1229 984 unus
1257 943 1446 997 quisque,

52 1013 84 1038 15
105 1016 200 1043 cum
242 1001 288 1042 in
332 1016 428 1042 eum
472 1001 614 1043 locum
658 1002 891 1056 productus
931 1002 1025 1043 est?
1087 1002 1144 1053 [9.
1179 1002 1240 1053 18]
1294 1001 1447 1043 Recor-

105 1059 276 1111 damini,
300 1060 472 1113 iudices,
494 1063 757 1115 quantopere
777 1060 977 1102 laborare
998 1060 1189 1113 soleatis,
1213 1074 1300 1101 non
1321 1060 1447 1101 modo

105 1119 205 1173 quid
237 1119 387 1160 dicatis
420 1133 498 1174 pro
530 1119 796 1173 testimonio,
836 1118 909 1160 sed
941 1119 1073 1160 etiam
1113 1119 1267 1173 quibus
1304 1119 1447 1160 verbis

103 1177 303 1231 utamini,
340 1192 394 1219 ne
425 1177 538 1232 quod
575 1178 715 1219 minus
748 1177 967 1219 moderate
1005 1178 1212 1233 positum,
1249 1191 1303 1219 ne
1337 1178 1448 1232 quod

105 1236 159 1277 ab
192 1236 336 1289 aliqua
364 1235 596 1291 cupiditate
622 1237 873 1292 prolapsum
904 1236 1084 1278 verbum
1117 1244 1209 1278 e'sse
1234 1236 1447 1289 videatur3

52 1306 85 1331 20
106 1295 228 1336 vultu
253 1295 433 1349 denique
459 1295 668 1336 laboratis
692 1309 746 1337 ne
773 1309 857 1350 qua
886 1295 1120 1350 significari
1146 1295 1285 1349 possit
1311 1295 1449 1349 suspi-

105 1353 170 1396 cio
211 1353 478 1408 cupiditatis,
519 1357 584 1407 ut,
626 1357 669 1394 et
709 1368 805 1396 cum
845 1353 1045 1408 proditis,
1087 1353 1350 1395 existimatio
1392 1353 1448 1394 sit

106 1412 316 1466 quaedam
341 1412 475 1454 tacita
507 1412 557 1453 de
582 1412 704 1454 vobis
732 1412 906 1466 pudoris
940 1427 988 1454 ac
1013 1412 1250 1467 religionis,
1283 1414 1325 1453 et
1352 1426 1448 1452 cum

108 1470 336 1523 disceditis,
362 1485 411 1511 ea
437 1470 667 1525 diligenter
692 1473 946 1512 conservata
973 1485 1020 1512 ac
1048 1473 1216 1511 retenta
1241 1470 1449 1511 videatur.

109 1529 189 1581 [19]
236 1527 370 1569 Credo
413 1529 519 1571 haec
553 1530 701 1570 eadem
738 1529 1078 1570 Indutiomarum
1116 1529 1162 1569 in
1200 1529 1448 1570 testimonio
1484 1558 1486 1560 v

54 1598 88 1624 25
108 1586 302 1628 timuisse
346 1590 418 1628 aut
460 1587 736 1642 cogitavisse,
781 1587 854 1641 qui
897 1587 1085 1641 primum
1127 1587 1234 1628 illud
1270 1587 1449 1629 verbum

108 1645 545 1688 consideratissimum
589 1647 764 1687 nostrae
807 1645 1127 1687 consuetudinis
1172 1645 1451 1700 ‘ARBITROR',

109 1718 191 1759 quo
228 1718 307 1745 nos
346 1704 476 1745 etiam
514 1707 616 1746 tunc
652 1704 831 1758 utimur,
869 1719 964 1746 cum
1003 1719 1053 1746 ea
1091 1704 1268 1747 dicimus
1307 1705 1450 1758 iurati,

109 1777 217 1817 quae
254 1766 474 1817 comperta
509 1762 736 1817 habemus,
775 1777 882 1816 quae
919 1763 1001 1817 ipsi
1032 1763 1234 1816 vidimus,
1273 1778 1322 1804 ex
1355 1766 1448 1805 toto

108 1821 356 1864 testimonio
396 1836 472 1862 suo
511 1821 689 1863 sustulit
727 1823 855 1875 atque
893 1821 1037 1863 omnia
1074 1836 1119 1863 se
1157 1821 1295 1864 escire'
1330 1822 1449 1863 dixit.

55 1892 90 1917 30
109 1879 350 1921 Verebatur
381 1880 495 1921 enim
520 1880 731 1933 videlicet,
762 1894 814 1921 ne
847 1879 947 1934 quid
979 1880 1091 1935 apud
1122 1895 1199 1922 vos
1224 1882 1450 1936 populum-

110 1952 190 1992 que
209 1937 452 1980 Romanum
478 1938 529 1980 de
556 1938 872 1980 existimatione
898 1953 974 1980 sua
1001 1939 1262 1994 deperderet,
1286 1954 1340 1981 ne
1367 1954 1450 1993 qua

109 1997 226 2038 fama
263 1999 595 2051 consequeretur
633 1997 722 2038 eius
755 1997 887 2051 modi,
918 1997 1279 2051 Indutiomarum,
1317 1997 1450 2038 talem

109 2055 268 2108 virum,
304 2058 395 2096 tam
427 2056 594 2110 cupide,
632 2058 721 2096 tam
754 2058 914 2097 temere
951 2056 1126 2110 dixisse3
1166 2071 1253 2097 non
1283 2055 1450 2097 intelle·

111 2113 239 2168 gebat
270 2128 314 2155 se
346 2113 391 2155 in
420 2114 669 2155 testimonio
707 2113 815 2155 nihil
851 2117 1022 2169 praeter
1061 2129 1208 2156 vocem
1248 2116 1290 2156 et
1328 2129 1374 2155 os
1408 2116 1450 2155 et

58 2181 92 2207 ³5
112 2171 332 2213 audaciam
363 2186 499 2226 neque
531 2172 695 2214 civibus
734 2172 821 2213 suis
853 2187 990 2227 neque
1026 2172 1345 2215 accusatoribus
1376 2186 1450 2214 no-

1472 248 1513 279 27

1466 986 1518 1027 13

1475 1037 1519 1069 28

111 2229 212 2270 stris
243 2232 463 2283 praestare
495 2231 661 2274 debere.
732 2231 812 2283 [20]
860 2231 930 2272 An
968 2246 1069 2273 vero
1108 2232 1215 2273 istas
1254 2230 1449 2272 nationes
1477 2242 1521 2274 30

111 2287 318 2342 religione
349 2288 454 2330 iuris
492 2289 661 2331 iurandi
699 2303 746 2330 ac
778 2291 894 2330 metu
927 2289 1102 2331 deorum
1139 2289 1452 2330 immortalium
