1619 2542
553 66 653 103 CAP.
680 71 819 102 47—49
846 72 865 110 g
895 71 1090 105 131—136.
1391 69 1470 110 151

126 167 286 219 posset,
319 163 426 205 dixit
458 178 502 205 se
536 164 643 205 scire
675 164 800 205 illum
826 163 968 206 verbis
995 165 1212 219 conceptis
1238 165 1473 221 peierasse3

126 223 163 263 si
208 223 280 277 qui
324 226 475 265 contra
515 223 647 264 vellet
691 223 848 277 dicere,
890 237 1068 265 usurum
1115 238 1207 265 esse
1254 238 1350 265 eum
1396 239 1471 267 suo

125 282 389 324 testimonio.
452 280 615 323 Deinde
654 297 750 323 cum
787 296 912 323 nemo
953 285 1102 324 contra
1134 283 1308 333 diceret,
1348 284 1473 325 iussit

126 355 280 395 equum
321 340 555 382 traducere.
617 340 685 382 Ita
726 342 780 394 is,
822 342 941 382 cuius
984 341 1164 383 arbitrio
1205 345 1248 383 et
1287 342 1471 397 populus

89 407 108 435 5
127 398 347 441 Romanus
380 402 422 440 et
454 402 623 440 exterae
657 402 807 455 gentes
835 402 1059 441 contentae
1085 415 1177 442 esse
1204 404 1472 453 consuerant,

124 458 217 513 ipse
262 473 338 499 sua
383 458 561 499 scientia
605 458 658 499 ad
706 459 989 513 ignominiam
1028 459 1205 501 alterius
1244 462 1471 501 contentus

122 531 211 558 non
247 516 341 558 fuit.
404 516 565 565 Quodsi
601 516 683 558 hoc
721 517 883 558 Habito
921 517 1060 559 facere
1099 518 1307 572 licuisset,
1345 518 1471 560 facile

122 575 210 616 illis
255 576 361 630 ipsis
406 575 616 616 iudicibus
662 578 704 616 et
747 575 884 617 falsae
927 576 1161 630 suspicioni
1204 580 1247 618 et
1286 578 1471 619 invidiae

122 634 389 689 populariter
422 635 631 676 excitatae
663 635 909 676 restitisset.

69 702 104 728 10
213 692 357 734 Unum
390 693 521 734 etiam
553 696 630 747 est,
663 693 775 748 quod
807 708 874 734 me
907 694 1092 735 maxime
1119 695 1359 749 perturbat,
1392 695 1459 737 eui
1476 707 1542 738 135

122 752 216 793 loco
243 751 499 807 respondere
531 751 603 793 vix
634 752 780 793 videor
810 767 956 807 posse,
998 753 1110 806 quod
1144 754 1333 809 elogium
1364 754 1470 796 reci-

121 810 227 852 tasti
259 810 309 851 de
340 813 603 852 testamento
637 809 712 852 Cn.
744 810 906 866 Egnati
939 812 1090 865 patriS,
1122 812 1309 853 hominis
1342 812 1471 854 hone-

122 869 302 910 stissimi
338 869 539 911 videlicet
577 872 620 911 et
658 870 982 924 sapientissimi,
1027 870 1184 912 idcirco
1225 885 1268 912 se
1301 871 1471 913 exhere-

121 928 246 969 dasse
290 928 445 982 filium,
490 928 604 982 quod
639 928 676 970 is
716 929 770 970 ob
810 928 1035 983 Oppianici
1072 929 1470 972 condemnationem

69 996 103 1022 15
123 987 349 1041 pecuniam
394 988 641 1042 accepisset.
714 987 777 1029 De
822 988 940 1029 cuius
984 987 1170 1029 hominis
1215 988 1389 1030 levitate
1429 992 1471 1030 et

123 1045 414 1087 inconstantia
439 1046 566 1101 plura
590 1060 677 1088 non
702 1046 861 1100 dicam,
887 1046 969 1088 hoc
988 1049 1297 1088 testamentum
1316 1047 1470 1102 ipsum,

123 1104 236 1158 quod
267 1105 440 1159 recitas,
478 1104 568 1146 eius
601 1105 717 1146 modi
750 1108 833 1160 est,
872 1108 920 1146 ut
952 1105 1044 1160 ille,
1076 1120 1171 1147 cum
1204 1121 1300 1147 eum
1331 1106 1468 1147 filium

122 1163 416 1217 exheredaret,
455 1178 580 1217 quem
613 1163 778 1217 oderat,
821 1164 860 1204 ei
890 1164 981 1205 filio
1014 1164 1241 1206 coheredes
1273 1165 1468 1206 homines

123 1221 409 1263 alienissimos
443 1222 706 1277 adiungeret,
739 1237 864 1277 quem
894 1223 1114 1278 diligebat.
1145 1222 1242 1265 'Sed
1267 1226 1327 1277 tu,
1352 1223 1470 1277 Acci,

69 1290 104 1315 20
123 1280 364 1322 consideres
386 1295 537 1322 censeo
565 1281 802 1336 diligenter,
828 1284 975 1323 utrum
1001 1282 1241 1324 censorium
1266 1283 1469 1324 iudicium

123 1353 253 1394 grave
297 1339 405 1380 velis
450 1354 543 1381 esse
592 1354 647 1381 an
687 1340 861 1395 Egnati.
936 1339 981 1381 Si
1023 1340 1204 1396 Egnati,
1255 1341 1347 1382 leve
1393 1344 1469 1395 est,

122 1397 234 1451 quod
274 1412 469 1439 censores
509 1399 558 1439 de
591 1399 744 1439 ceteris
778 1399 1142 1453 subscripserunt,
1180 1400 1323 1453 ipsum
1356 1399 1467 1440 enim

122 1455 197 1497 Cn.
228 1455 486 1511 Egnatium,
525 1471 651 1510 quem
687 1460 736 1498 tu
775 1471 950 1511 gravem
990 1472 1082 1498 esse
1114 1458 1196 1511 vis,
1235 1472 1286 1498 ex
1318 1460 1469 1499 senatu

122 1514 353 1568 eiecerunt,
388 1515 454 1555 sin
487 1518 629 1556 autem
657 1530 893 1569 censorum,
924 1516 1036 1557 hunc
1060 1515 1308 1570 Egnatium,
1341 1531 1468 1570 quem

67 1582 102 1608 25
121 1576 245 1626 pater
282 1574 474 1614 censoria
517 1574 832 1628 subscriptione
865 1574 1155 1627 exheredavit,
1195 1589 1390 1616 censores
1422 1575 1468 1617 in

122 1634 287 1684 senatu,
320 1646 416 1673 cum
448 1634 615 1686 patrem
649 1632 843 1686 eicerent,
876 1633 1158 1674 retinuerunt.

209 1690 271 1731 At
303 1690 415 1731 enim
448 1693 622 1732 senatus
654 1691 876 1732 universus
909 1691 1114 1733 iudicavit
1144 1692 1252 1733 illud
1279 1707 1453 1748 corrup-
1471 1680 1537 1763 ἐξ)

119 1750 214 1790 tum
256 1763 347 1790 esse
390 1749 603 1790 iudicium.
673 1748 764 1797 Quo
806 1749 961 1791 modo?
1024 1749 1220 1805 Suscepit
1268 1766 1453 1794 causam.
1516 1734 1535 1764 6

120 1806 192 1848 An
222 1807 365 1861 potuit
395 1822 485 1849 rem
513 1808 700 1849 delatam
727 1808 816 1849 eius
842 1808 958 1849 modi
982 1809 1235 1864 repudiare?
1268 1825 1363 1851 cum
1389 1811 1465 1852 tri-

67 1876 102 1902 30
120 1866 260 1907 hunus
297 1866 436 1921 plebis
474 1867 634 1921 populo
675 1867 886 1908 concitato
925 1881 1015 1908 rem
1052 1883 1186 1922 paene
1227 1868 1280 1909 ad
1312 1884 1463 1911 manus

120 1928 375 1978 revocasset,
407 1940 504 1966 cum
535 1925 601 1967 vir
633 1925 820 1979 optimus
853 1928 894 1966 et
925 1926 1054 1968 homo
1086 1928 1463 1969 innocentissimus

119 1984 300 2037 pecunia
332 1984 648 2025 circumventus
681 1984 908 2037 diceretur,
940 1999 1035 2026 cum
1067 1985 1227 2027 invidia
1258 1986 1463 2041 flagraret

122 2041 227 2083 ordo
262 2042 520 2095 senatorius,
560 2043 702 2097 potuit
732 2042 840 2083 nihil
873 2043 1056 2097 decerni,
1088 2045 1230 2098 potuit
1260 2045 1336 2085 illa
1369 2059 1463 2086 con-

122 2100 270 2140 citatio
308 2100 597 2141 multitudinis
632 2101 721 2142 sine
755 2116 919 2142 summo
951 2102 1140 2156 periculo
1173 2103 1235 2143 rei
1266 2103 1462 2157 publicae

69 2167 103 2193 35
123 2158 367 2212 repudiari?
412 2158 472 2200 At
504 2159 604 2214 quid
637 2162 702 2201 est
728 2159 971 2202 decretum?
1016 2160 1152 2209 Quam
1178 2161 1301 2214 iuste,
1334 2175 1462 2214 quam

123 2216 357 2270 sapienter,
406 2232 533 2271 quam
578 2218 827 2272 diligenter!
871 2217 917 2259 SI
963 2231 1042 2269 QUI
1089 2231 1224 2271 SUNT,
1271 2231 1462 2269 QUORUM

123 2285 272 2315 OPERA
310 2286 498 2317 FACTUM
530 2287 617 2327 SIT,
654 2289 714 2318 UT
746 2287 961 2318 IUDIOIUM
992 2289 1224 2320 PUBLICUM
1257 2288 1460 2319 CORRUM-
1519 2297 1522 2298 ⁷
