1619 2542
613 151 711 188 CAP.
738 157 831 187 2—4
857 156 875 194 ξ
905 157 1030 187 4--10.
1386 153 1470 193 277

132 249 297 290 civitati
340 249 572 303 videretur,
615 248 769 304 negavi
813 263 879 289 me
924 263 1016 290 esse
1060 248 1292 302 facturum,
1336 251 1384 290 ut
1422 249 1471 290 de

131 308 320 361 periculo
352 307 523 362 publico
556 322 642 348 non
675 307 727 348 ad
754 307 980 349 consilium
1005 308 1224 362 publicum
1250 322 1338 348 rem
1363 307 1470 348 inte-

134 381 255 422 gram
289 366 508 409 deferrem.
569 365 759 419 Etenim,
792 365 999 421 Quirites,
1040 367 1077 408 si
1110 381 1177 420 ea,
1211 381 1317 420 quae
1350 369 1471 407 erant

133 425 184 466 ad
217 440 283 466 me
316 426 469 478 delata,
501 428 670 479 reperta
701 439 788 466 non
821 428 975 479 essent,
1006 427 1151 466 tamen
1182 440 1262 480 ego
1295 440 1382 466 non
1407 440 1472 466 ar-

96 484 327 525 5bitrabar
375 484 420 524 in
462 484 596 524 tantis
640 483 702 524 rei
745 484 941 538 publicae
984 484 1185 537 periculis
1230 499 1320 525 esse
1363 484 1470 525 mihi

131 543 311 583 nimiam
363 543 630 598 diligentiam
675 542 1069 596 pertimescendam.
1144 541 1348 584 Senatum
1391 543 1469 584 fre—

133 604 331 656 quentem
370 601 581 655 celeriter,
618 603 666 641 ut
706 601 894 651 vidistis,
932 602 1064 656 coe‘gi.
1126 601 1268 656 Atque
1306 603 1468 643 interea
1493 611 1516 642 8

134 660 283 701 statim
313 660 533 701 admonitu
566 660 851 715 Allobrogum
879 659 923 701 C.
946 659 1182 713 Sulpicium
1213 663 1468 715 praetorem,

130 718 286 759 fortem
319 719 473 772 virum,
512 718 629 771 misi,
668 719 739 772 qui
773 733 822 759 ex
854 718 1028 759 aedibus
1063 718 1259 772 Cethegi,
1300 719 1336 760 si
1369 719 1469 773 quid

80 790 113 813 10
131 777 317 818 telorum
351 780 475 830 esset,
508 777 695 830 efferret3
729 791 777 818 ex
811 777 963 831 quibus
996 778 1069 818 ille
1101 778 1334 818 maximum
1367 778 1469 818 sica-

132 851 227 877 rum
259 851 481 877 numerum
516 838 558 876 et
590 836 831 888 gladiorum
864 837 1028 877 extulit.

220 894 442 936 Introduxi
468 894 739 936 Volturcium
773 894 862 935 sine
895 893 1052 947 Gallis,
1091 895 1218 935 fidem
1250 895 1467 949 publicam
1494 894 1522 934 4

131 953 249 994 iussu
283 956 454 994 senatus
487 953 599 1006 dedi3
632 953 830 994 hortatus
864 968 975 1004 sum,
1008 956 1055 993 ut
1093 968 1158 1007 ea,
1191 968 1298 1007 quae
1332 953 1469 1006 sciret,

133 1013 223 1053 sine
254 1012 407 1053 timore
439 1012 657 1053 indicaret.
719 1011 828 1052 Tum
859 1012 932 1053 ille
966 1012 1088 1060 dixit,
1122 1027 1215 1054 cum
1242 1012 1312 1053 vix
1344 1027 1388 1053 se
1420 1026 1470 1052 ex

80 1082 112 1107 15
135 1085 292 1125 magno
330 1071 482 1112 timore
520 1073 770 1123 recreasset,
809 1086 834 1111 a
864 1071 909 1112 P.
935 1070 1118 1112 Lentulo
1143 1085 1196 1111 -se
1227 1071 1385 1111 habere
1417 1071 1470 1112 ad

133 1129 365 1171 Catilinam
397 1129 600 1171 mandata
632 1132 674 1170 et
705 1130 893 1183 litteras,
924 1132 972 1170 ut
1004 1144 1223 1171 servorum
1256 1130 1469 1183 praesidio

131 1190 340 1242 uteretur,
381 1191 428 1229 ut
469 1188 522 1229 ad
562 1188 711 1229 urbem
753 1203 879 1242 quam
919 1188 1104 1243 primum
1147 1203 1242 1229 cum
1281 1189 1467 1230 exercitu

132 1247 367 1299 accederet,
409 1247 451 1287 id
490 1250 633 1288 autem
673 1261 722 1288 eo
755 1247 950 1300 consilio,
994 1250 1059 1299 ut,
1098 1262 1194 1288 cum
1231 1247 1380 1288 urbem
1419 1261 1469 1287 ex

132 1305 330 1346 omnibus
363 1306 569 1359 partibus,
596 1320 722 1359 quem
754 1306 806 1346 ad
838 1306 1010 1346 modum
1043 1306 1291 1360 discriptum
1328 1305 1468 1346 distri-

79 1375 113 1400 20
130 1364 365 1418 butumque
386 1367 487 1418 erat,
509 1364 797 1405 incendissent
816 1364 1070 1418 caedemque
1084 1364 1299 1404 infinitam
1313 1364 1467 1405 civium

131 1422 346 1475 fecissent,
378 1425 549 1476 praesto
583 1425 695 1463 esset
725 1423 810 1475 ille,
843 1423 913 1476 qui
946 1425 987 1463 et
1017 1422 1223 1477 fugientis
1256 1422 1466 1476 exciperet

134 1483 177 1521 et
203 1495 247 1521 se
273 1495 366 1522 eum
391 1481 458 1521 his
484 1481 659 1521 urbanis
687 1481 862 1521 ducibus
889 1482 1176 1535 coniungeret.
1225 1480 1467 1521 Introducti
1492 1490 1513 1521 9

135 1541 277 1579 autem
305 1537 419 1579 Galli
450 1540 516 1579 ius
548 1539 770 1579 iurandum
805 1539 886 1578 sibi
918 1541 960 1579 et
991 1539 1157 1579 litteras
1191 1538 1244 1579 ab
1271 1538 1465 1592 Lentulo,

134 1596 338 1650 Cethego,
370 1595 542 1638 Statilio
576 1597 628 1637 ad
662 1611 782 1637 suam
815 1599 984 1652 gentem
1013 1597 1113 1637 data
1140 1611 1231 1638 esse
1258 1597 1467 1651 dixerunt,

81 1666 114 1692 25
134 1658 261 1710 atque
292 1655 355 1696 ita
390 1655 471 1695 sibi
497 1655 551 1696 ab
576 1655 643 1696 his
671 1658 713 1696 et
739 1670 763 1696 a
788 1654 833 1695 L.
854 1654 1000 1696 Cassio
1027 1670 1118 1696 esse
1143 1656 1466 1710 praescriptum,

133 1718 181 1755 ut
207 1714 444 1768 equitatum
464 1713 507 1754 in
527 1713 700 1754 Italiam
733 1728 858 1767 quam
878 1714 1062 1767 primum
1083 1715 1320 1767 mitterent,
1344 1714 1466 1769 pede·

135 1776 243 1814 stres
277 1772 358 1813 sibi
389 1773 532 1826 copias
564 1786 648 1813 non
681 1772 911 1813 defuturas.
948 1772 1176 1813 Lentulum
1209 1776 1351 1814 autem
1384 1773 1468 1814 sibi

134 1832 407 1872 confirmasse
435 1845 484 1871 ex
504 1830 607 1871 fatis
629 1829 852 1883 Sibyllinis
872 1831 1229 1885 haruspicumque
1248 1833 1465 1885 responsis

136 1904 180 1930 se
225 1904 316 1930 esse
353 1889 528 1930 tertium
564 1889 686 1929 illum
726 1887 989 1943 Cornelium,
1032 1890 1084 1930 ad
1122 1905 1246 1944 quem
1283 1904 1465 1945 regnum

82 1958 115 1983 30
133 1948 259 1988 huius
299 1948 417 1989 urbis
458 1951 582 2002 atque
622 1947 846 2000 imperium
878 1949 1098 2001 pervenire
1130 1952 1243 1990 esset
1274 1963 1465 2002 necesse,

135 2004 316 2047 Cinnam
348 2009 446 2047 ante
478 2021 521 2047 se
554 2008 596 2046 et
623 2004 786 2046 Sullam
816 2005 960 2047 fuisse.
1001 2006 1277 2061 Eundemque
1311 2007 1465 2048 dixisse

134 2063 309 2104 fatalem
349 2064 461 2106 hunc
503 2079 660 2106 annum
701 2078 791 2105 esse
832 2064 885 2105 ad
922 2065 1141 2106 interitum
1182 2066 1307 2106 huius
1347 2065 1464 2105 urbis

138 2124 264 2175 atque
295 2123 474 2176 imperii,
506 2123 578 2177 qui
610 2125 721 2163 esset
753 2137 887 2163 annus
914 2123 1099 2164 decimus
1125 2127 1225 2178 post
1249 2123 1466 2178 virginum

138 2180 466 2234 absolutionem,
507 2184 606 2235 post
638 2180 825 2235 Capitoli
867 2184 1009 2222 autem
1039 2182 1325 2223 incensionem
1356 2182 1464 2223 vice-

85 2250 117 2274 35
139 2239 282 2279 simus.
325 2238 447 2280 Hanc
473 2242 615 2280 autem
637 2238 824 2293 Cethego
846 2254 940 2280 cum
961 2240 1111 2282 ceteris
1133 2240 1464 2282 controversiam
1494 2251 1536 2281 10

136 2296 269 2337 fuisse
313 2296 525 2349 dixerunt,
571 2298 683 2351 quod
720 2297 901 2338 Lentulo
946 2301 988 2339 et
1033 2299 1127 2340 aliis
1167 2298 1465 2340 Saturnalibus

138 2355 308 2396 caedem
345 2355 437 2396 fieri
473 2361 598 2410 atque
634 2356 783 2397 urbem
821 2356 987 2398 incendi
1028 2358 1231 2411 placeret,
1275 2355 1465 2410 Cethego
