1687 2533
217 105 306 147 424
590 107 684 142 PRO
711 107 751 142 L.
777 106 961 142 FLACCO
990 107 1183 142 ORATIO.

217 202 397 257 iudices,
435 203 666 244 sustinetis.
721 202 906 256 Videtis,
945 217 1028 257 quo
1066 203 1112 244 in
1148 206 1268 244 motu
1306 206 1560 260 temporum,

220 265 383 316 quanta
419 262 464 303 in
501 262 777 303 conversione
813 276 958 302 rerum
990 276 1038 303 ac
1069 262 1391 316 perturbatione
1422 278 1560 305 verse-

148 321 206 364 38
222 336 328 361 mur.
398 319 505 362 Cum
551 321 634 362 alia
672 321 810 361 multa
848 320 953 361 certi
989 320 1204 374 homines,
1247 325 1340 362 tum
1376 322 1458 363 hoo
1493 323 1561 364 vel

151 744 197 776 95

155 1450 200 1481 96

220 380 407 421 maxime
439 379 693 433 moliuntur,
725 382 774 420 ut
806 382 973 420 vestrae
1005 393 1171 433 quoque
1203 382 1385 434 mentes,
1416 385 1562 422 vestra

220 438 388 493 iudicia,
420 441 587 479 vestrae
620 437 856 479 sententiae
889 438 1052 492 optimo
1079 438 1229 492 cuique
1255 438 1558 481 infestissimae

221 500 351 551 atque
394 497 714 538 inimicissimae
752 496 1030 551 reperiantur.
1098 497 1257 541 Gravia
1291 497 1448 540 iudicia
1484 513 1560 552 pro

220 556 284 597 rei
320 555 518 610 publicae
558 555 770 611 dignitate
802 556 941 597 multa
972 555 1022 596 de
1054 556 1373 598 coniuratorum
1405 557 1561 598 scelere

221 615 398 661 fecistis.
465 613 566 656 Non
621 617 777 668 putant
825 614 932 656 satis
985 629 1231 656 conversam
1282 630 1374 657 rem
1421 616 1562 671 publi-

223 688 337 727 cam,
368 673 453 714 nisi
483 674 528 714 in
561 674 737 714 eandem
769 673 1000 728 impiorum
1032 688 1214 727 poenam
1247 674 1409 729 optime
1441 675 1562 715 meri-

222 736 290 773 tos
341 732 453 774 cives
503 732 775 773 detruserint.
849 731 1088 787 Oppressus
1139 735 1204 773 est
1254 732 1298 774 C.
1336 733 1562 775 Antonius.

221 791 348 844 Est03
398 791 551 832 habuit
594 791 807 846 quandam
850 791 923 832 1116
966 791 1193 832 infamiam
1238 806 1378 846 suam,
1425 807 1562 847 neque

222 853 370 891 tamen
406 850 478 891 ille
515 850 606 904 ipse
646 850 742 904 (pro
779 864 874 891 meo
914 849 1006 891 iure
1044 849 1155 904 dico)
1193 850 1315 891 vobis
1353 851 1562 892 iudicibus

223 909 453 950 damnatus
488 912 612 961 esset,
645 909 763 950 cuius
796 908 1070 950 damnatione
1103 910 1344 963 sepulcrum
1374 909 1420 951 L.
1453 909 1564 951 Cati-

224 968 338 1008 linae
382 967 560 1008 fioribus
600 970 799 1008 ornatum
838 967 1060 1009 hominum
1099 968 1478 1010 audacissimorum
1516 983 1564 1010 ac

225 1026 558 1068 domesticorum
590 1026 782 1067 hostium
814 1028 1027 1067 conventu
1055 1026 1276 1080 epulisque
1303 1027 1563 1068 celebratum

225 1088 302 1126 est.
351 1084 472 1126 Iusta
498 1084 708 1125 Catilinae
740 1085 855 1125 facta
880 1087 998 1138 sunt3
1023 1099 1135 1126 nunc
1161 1100 1186 1126 a
1211 1084 1364 1127 Flacco
1392 1086 1564 1127 Lentuli

225 1158 388 1197 poenae
414 1158 491 1197 per
515 1158 592 1184 vos
619 1146 889 1198 expetuntur.
934 1143 1071 1191 Quam
1096 1144 1279 1197 potestis
1305 1144 1350 1185 P.
1370 1144 1565 1197 Lentulo,

226 1202 301 1256 qui
326 1216 401 1243 vos
426 1202 472 1242 in
492 1202 716 1256 complexu
736 1201 971 1243 liberorum
992 1202 1304 1257 coniugumque
1325 1206 1565 1244 vestrarum

225 1260 464 1302 trucidatos
495 1260 689 1302 incendio
722 1261 887 1315 patriae
920 1261 1098 1315 sepelire
1131 1264 1307 1302 conatus
1341 1264 1422 1315 est,
1453 1276 1564 1303 mac-

225 1323 319 1361 tare
351 1319 571 1361 victimam
606 1319 852 1374 gratiorem,
885 1334 1014 1374 quam
1046 1320 1081 1360 si
1112 1318 1158 1361 L.
1182 1319 1325 1361 Flacci
1358 1320 1564 1375 sanguine

227 1378 346 1419 illius
393 1378 605 1419 nefaiium
652 1378 696 1419 in
744 1393 824 1419 nos
866 1392 1013 1420 omnes
1055 1378 1200 1420 odium
1241 1379 1565 1420 saturaveritis‘?

226 1436 421 1478 Liternus
453 1437 587 1491 igitur
616 1436 818 1491 Lentulo,
849 1441 1124 1491 parentemus
1157 1435 1366 1503 Cethego,
1397 1452 1567 1479 revoce-

226 1510 320 1536 mus
342 1496 519 1549 eiectos3
537 1495 695 1537 nimiae
716 1495 891 1561 pietatis
913 1499 955 1537 et
975 1496 1132 1537 summi
1152 1496 1309 1537 amoris
1324 1496 1369 1537 in
1381 1497 1567 1550 patriam

225 1555 416 1596 vicissim
454 1528 533 1596 no’s
571 1569 749 1609 poenas,
787 1554 822 1595 si
859 1555 923 1595 ita
953 1555 1113 1610 placet,
1151 1555 1414 1596 sufferamus.
1474 1554 1566 1597 Nos

226 1614 313 1654 iam
340 1614 393 1654 ab
420 1613 632 1654 indicibus
659 1613 944 1667 nominamur,
970 1613 1015 1654 in
1038 1628 1118 1655 nos
1139 1613 1317 1655 crimina
1335 1614 1567 1669 finguntur,

225 1672 350 1712 nobis
377 1672 566 1726 pericula
592 1675 905 1726 comparantur.
951 1671 1068 1721 Quae
1095 1672 1132 1713 si
1156 1687 1231 1727 per
1251 1672 1358 1714 alios
1379 1675 1568 1726 agerent,

228 1730 265 1771 si
315 1730 495 1783 denique
544 1745 620 1785 per
668 1730 819 1785 populi
865 1745 1023 1772 nomen
1071 1731 1227 1772 civium
1270 1731 1568 1785 imperitorum

228 1788 553 1830 multitudinem
579 1789 877 1839 concitassent,
904 1789 1103 1844 aequiore
1129 1789 1271 1831 animo
1295 1789 1407 1830 ferre
1426 1803 1568 1843 posse—

228 1862 342 1900 mus3
380 1847 490 1888 illud
520 1861 622 1888 vero
653 1847 758 1888 ferri
787 1863 873 1889 non
904 1850 1067 1913 potest,
1098 1848 1210 1902 quod
1241 1863 1318 1913 per
1349 1850 1567 1889 senatores

229 1908 272 1947 et
309 1920 385 1959 per
422 1905 585 1959 equites
618 1905 857 1960 Romanos,
897 1906 970 1960 qui
1006 1906 1111 1948 haec
1143 1906 1288 1947 omnia
1317 1921 1396 1961 pro
1430 1906 1568 1947 salute

231 1965 422 2006 omnium
473 1965 688 2005 communi
737 1940 935 2015 consilio,
986 1980 1072 2006 una
1120 1968 1263 2006 mente
1313 1979 1361 2006 ac
1409 1965 1569 2006 virtute

229 2024 474 2078 gesserunt,
524 2022 677 2063 harum
720 2038 862 2064 rerum
906 2026 1118 2077 auctores,
1169 2023 1312 2076 duces,
1354 2023 1569 2078 principes

230 2081 410 2136 spoliari
442 2080 641 2123 omnibus
673 2081 860 2123 fortunis
893 2085 1022 2136 atque
1054 2082 1228 2122 civitate
1260 2082 1413 2136 expelli
1444 2096 1570 2136 posse

229 2140 505 2181 arbitrantur
566 2139 741 2181 Etenim
778 2142 925 2194 populi
957 2140 1140 2182 Romani
1177 2139 1442 2197 perspiciunt
1472 2154 1569 2181 ean-

1583 744 1617 769 10

1585 1037 1618 1063 15

1585 1331 1621 1357 20

1587 1625 1620 1650 25

1588 1918 1624 1943 30

230 2198 326 2240 (16111
365 2201 551 2240 mentem
590 2201 632 2238 et
667 2198 952 2252 voluntatem3
994 2198 1191 2239 omnibus
1230 2199 1376 2251 rebus,
1415 2198 1568 2252 quibus
1588 2209 1623 2235 35

228 2259 385 2311 potest,
411 2257 595 2312 populus
627 2255 845 2297 Romanus
873 2257 1098 2311 significat,
1124 2256 1221 2311 quid
1251 2257 1425 2310 sentiat3
1450 2257 1571 2298 nulla

231 2316 418 2357 varietas
451 2319 517 2357 est
547 2315 661 2356 inter
691 2314 887 2356 homines
921 2315 1147 2369 opinionis,
1178 2314 1297 2356 nulla
1320 2315 1571 2370 voluntatis,
