<?xml version="1.0" encoding="UTF-8"?>
<!DOCTYPE html PUBLIC "-//W3C//DTD XHTML 1.0 Transitional//EN"
    "http://www.w3.org/TR/xhtml1/DTD/xhtml1-transitional.dtd">
<html xmlns="http://www.w3.org/1999/xhtml" xml:lang="en" lang="en">
 <head>
  <title>
</title>
<meta http-equiv="Content-Type" content="text/html;charset=utf-8" />
  <meta name='ocr-system' content='tesseract 3.04.00' />
  <meta name='ocr-capabilities' content='ocr_page ocr_carea ocr_par ocr_line ocrx_word'/>
</head>
<body>
  <div class='ocr_page' id='page_1' title='image "./p2scriptaquaemanse02ciceuoft_0224.png"; bbox 0 0 1619 2542; ppageno 0'>
   <div class='ocr_carea' id='block_1_1' title="bbox 188 75 1165 140">
    <p class='ocr_par' dir='ltr' id='par_1_1' title="bbox 188 75 1165 140">
     <span class='ocr_line' id='line_1_1' title="bbox 188 75 1165 140; baseline -0.008 0"><span class='ocrx_word' id='word_1_1' title='bbox 188 99 244 140; x_wconf 77' lang='lat'>72</span> <span class='ocrx_word' id='word_1_2' title='bbox 404 75 408 76; x_wconf 37' lang='lat'><em>⁷</em></span> <span class='ocrx_word' id='word_1_3' title='bbox 550 99 644 134; x_wconf 81' lang='lat' dir='ltr'>PRO</span> <span class='ocrx_word' id='word_1_4' title='bbox 671 100 714 134; x_wconf 85' lang='lat' dir='ltr'>A.</span> <span class='ocrx_word' id='word_1_5' title='bbox 741 98 948 133; x_wconf 80' lang='lat' dir='ltr'>CAECINA</span> <span class='ocrx_word' id='word_1_6' title='bbox 977 97 1165 133; x_wconf 78' lang='lat' dir='ltr'>ORATIO.</span> 
     </span>
    </p>
   </div>
   <div class='ocr_carea' id='block_1_2' title="bbox 116 195 1573 2351">
    <p class='ocr_par' dir='ltr' id='par_1_2' title="bbox 116 195 1573 2351">
     <span class='ocr_line' id='line_1_2' title="bbox 185 195 1519 250; baseline 0.001 -14"><span class='ocrx_word' id='word_1_7' title='bbox 185 195 278 236; x_wconf 86' lang='lat' dir='ltr'>iure</span> <span class='ocrx_word' id='word_1_8' title='bbox 308 195 525 250; x_wconf 86' lang='lat' dir='ltr'>permulta</span> <span class='ocrx_word' id='word_1_9' title='bbox 555 197 793 249; x_wconf 88' lang='lat' dir='ltr'>praetereo,</span> <span class='ocrx_word' id='word_1_10' title='bbox 824 197 970 234; x_wconf 87' lang='lat' dir='ltr'>tamen</span> <span class='ocrx_word' id='word_1_11' title='bbox 1002 209 1068 235; x_wconf 89' lang='lat' dir='ltr'>me</span> <span class='ocrx_word' id='word_1_12' title='bbox 1099 195 1268 248; x_wconf 89' lang='lat' dir='ltr'>longius</span> <span class='ocrx_word' id='word_1_13' title='bbox 1301 209 1392 237; x_wconf 85' lang='lat' dir='ltr'>esse</span> <span class='ocrx_word' id='word_1_14' title='bbox 1422 210 1519 250; x_wconf 90' lang='lat' dir='ltr'>pro-</span> 
     </span>
     <span class='ocr_line' id='line_1_3' title="bbox 185 252 1519 308; baseline 0.001 -14"><span class='ocrx_word' id='word_1_15' title='bbox 185 254 375 308; x_wconf 87' lang='lat' dir='ltr'>lapsum,</span> <span class='ocrx_word' id='word_1_16' title='bbox 414 269 540 308; x_wconf 89' lang='lat' dir='ltr'>quam</span> <span class='ocrx_word' id='word_1_17' title='bbox 578 254 687 294; x_wconf 81' lang='lat' dir='ltr'>ratio</span> <span class='ocrx_word' id='word_1_18' title='bbox 720 253 852 292; x_wconf 79' lang='lat' dir='ltr'>vestri</span> <span class='ocrx_word' id='word_1_19' title='bbox 883 252 1025 293; x_wconf 86' lang='lat' dir='ltr'>iudicii</span> <span class='ocrx_word' id='word_1_20' title='bbox 1055 254 1298 307; x_wconf 85' lang='lat' dir='ltr'>postularit.</span> <span class='ocrx_word' id='word_1_21' title='bbox 1359 253 1519 295; x_wconf 88' lang='lat' dir='ltr'>Verum</span> 
     </span>
     <span class='ocr_line' id='line_1_4' title="bbox 184 311 1519 366; baseline 0.001 -14"><span class='ocrx_word' id='word_1_22' title='bbox 184 312 230 352; x_wconf 89' lang='lat' dir='ltr'>id</span> <span class='ocrx_word' id='word_1_23' title='bbox 259 312 359 364; x_wconf 86' lang='lat' dir='ltr'>feci,</span> <span class='ocrx_word' id='word_1_24' title='bbox 396 327 480 354; x_wconf 89' lang='grc'>11011</span> <span class='ocrx_word' id='word_1_25' title='bbox 521 327 602 366; x_wconf 91' lang='lat' dir='ltr'>quo</span> <span class='ocrx_word' id='word_1_26' title='bbox 642 325 716 352; x_wconf 78' lang='lat' dir='ltr'>vos</span> <span class='ocrx_word' id='word_1_27' title='bbox 748 311 860 352; x_wconf 89' lang='grc'>113110</span> <span class='ocrx_word' id='word_1_28' title='bbox 891 311 934 351; x_wconf 91' lang='grc'>111</span> <span class='ocrx_word' id='word_1_29' title='bbox 964 311 1044 352; x_wconf 89' lang='grc'>1130</span> <span class='ocrx_word' id='word_1_30' title='bbox 1076 326 1202 353; x_wconf 87' lang='grc'>031133</span> <span class='ocrx_word' id='word_1_31' title='bbox 1234 311 1519 353; x_wconf 84' lang='lat' dir='ltr'>defensionem</span> 
     </span>
     <span class='ocr_line' id='line_1_5' title="bbox 187 369 1518 425; baseline 0.001 -14"><span class='ocrx_word' id='word_1_32' title='bbox 187 370 426 411; x_wconf 88' lang='lat' dir='ltr'>desiderare</span> <span class='ocrx_word' id='word_1_33' title='bbox 459 371 707 422; x_wconf 80' lang='lat' dir='ltr'>arbitrarer,</span> <span class='ocrx_word' id='word_1_34' title='bbox 746 369 817 410; x_wconf 89' lang='lat' dir='ltr'>sed</span> <span class='ocrx_word' id='word_1_35' title='bbox 855 372 903 410; x_wconf 88' lang='lat' dir='ltr'>ut</span> <span class='ocrx_word' id='word_1_36' title='bbox 935 383 1082 411; x_wconf 89' lang='lat' dir='ltr'>omnes</span> <span class='ocrx_word' id='word_1_37' title='bbox 1114 370 1412 425; x_wconf 71' lang='lat' dir='ltr'>intellegerent</span> <span class='ocrx_word' id='word_1_38' title='bbox 1441 385 1518 412; x_wconf 89' lang='lat' dir='ltr'>nec</span> 
     </span>
     <span class='ocr_line' id='line_1_6' title="bbox 186 428 1552 483; baseline 0.001 -14"><span class='ocrx_word' id='word_1_39' title='bbox 186 429 432 482; x_wconf 73' lang='lat' dir='ltr'>ademptam</span> <span class='ocrx_word' id='word_1_40' title='bbox 465 430 661 483; x_wconf 84' lang='lat' dir='ltr'>cuiquam</span> <span class='ocrx_word' id='word_1_41' title='bbox 694 428 910 469; x_wconf 85' lang='lat' dir='ltr'>civitatem</span> <span class='ocrx_word' id='word_1_42' title='bbox 943 443 1034 469; x_wconf 86' lang='lat' dir='ltr'>esse</span> <span class='ocrx_word' id='word_1_43' title='bbox 1065 443 1201 482; x_wconf 89' lang='lat' dir='ltr'>neque</span> <span class='ocrx_word' id='word_1_44' title='bbox 1228 429 1356 469; x_wconf 80' lang='lat' dir='ltr'>adimi</span> <span class='ocrx_word' id='word_1_45' title='bbox 1381 443 1517 483; x_wconf 89' lang='lat' dir='ltr'>posse.</span> <span class='ocrx_word' id='word_1_46' title='bbox 1537 441 1552 466; x_wconf 83' lang='lat'>5</span> 
     </span>
     <span class='ocr_line' id='line_1_7' title="bbox 185 485 1520 540; baseline 0 -12"><span class='ocrx_word' id='word_1_47' title='bbox 185 487 279 528; x_wconf 89' lang='lat' dir='ltr'>Hoc</span> <span class='ocrx_word' id='word_1_48' title='bbox 311 502 405 529; x_wconf 89' lang='lat' dir='ltr'>cum</span> <span class='ocrx_word' id='word_1_49' title='bbox 438 502 508 528; x_wconf 89' lang='lat' dir='ltr'>eos</span> <span class='ocrx_word' id='word_1_50' title='bbox 542 488 647 528; x_wconf 87' lang='grc'>30110</span> <span class='ocrx_word' id='word_1_51' title='bbox 673 486 803 538; x_wconf 82' lang='lat' dir='ltr'>volui,</span> <span class='ocrx_word' id='word_1_52' title='bbox 835 486 987 540; x_wconf 85' lang='lat' dir='ltr'>quibus</span> <span class='ocrx_word' id='word_1_53' title='bbox 1015 485 1135 528; x_wconf 80' lang='lat' dir='ltr'>Sulla</span> <span class='ocrx_word' id='word_1_54' title='bbox 1159 487 1332 528; x_wconf 86' lang='lat' dir='ltr'>voluit&#39;</span> <span class='ocrx_word' id='word_1_55' title='bbox 1320 488 1520 528; x_wconf 82' lang='lat' dir='ltr'>iniuriam</span> 
     </span>
     <span class='ocr_line' id='line_1_8' title="bbox 183 545 1520 600; baseline 0.001 -15"><span class='ocrx_word' id='word_1_56' title='bbox 183 545 342 599; x_wconf 84' lang='lat' dir='ltr'>facere,</span> <span class='ocrx_word' id='word_1_57' title='bbox 392 548 484 586; x_wconf 89' lang='lat' dir='ltr'>tum</span> <span class='ocrx_word' id='word_1_58' title='bbox 532 560 677 599; x_wconf 87' lang='grc'>01111103</span> <span class='ocrx_word' id='word_1_59' title='bbox 721 548 884 586; x_wconf 90' lang='lat' dir='ltr'>ceteros</span> <span class='ocrx_word' id='word_1_60' title='bbox 926 559 1059 586; x_wconf 85' lang='lat' dir='ltr'>novos</span> <span class='ocrx_word' id='word_1_61' title='bbox 1104 548 1351 600; x_wconf 82' lang='lat' dir='ltr'>veteresque</span> <span class='ocrx_word' id='word_1_62' title='bbox 1396 546 1520 588; x_wconf 81' lang='lat' dir='ltr'>cives.</span> 
     </span>
     <span class='ocr_line' id='line_1_9' title="bbox 185 603 1519 658; baseline 0 -13"><span class='ocrx_word' id='word_1_63' title='bbox 185 603 334 658; x_wconf 85' lang='lat' dir='ltr'>Neque</span> <span class='ocrx_word' id='word_1_64' title='bbox 366 605 479 645; x_wconf 88' lang='lat' dir='ltr'>enim</span> <span class='ocrx_word' id='word_1_65' title='bbox 510 604 621 645; x_wconf 89' lang='lat' dir='ltr'>ratio</span> <span class='ocrx_word' id='word_1_66' title='bbox 655 604 796 644; x_wconf 83' lang='lat' dir='ltr'>afferri</span> <span class='ocrx_word' id='word_1_67' title='bbox 826 606 980 658; x_wconf 79' lang='lat' dir='ltr'>potest,</span> <span class='ocrx_word' id='word_1_68' title='bbox 1012 618 1096 657; x_wconf 88' lang='lat' dir='ltr'>cur,</span> <span class='ocrx_word' id='word_1_69' title='bbox 1128 605 1164 645; x_wconf 89' lang='lat' dir='ltr'>si</span> <span class='ocrx_word' id='word_1_70' title='bbox 1190 604 1385 658; x_wconf 81' lang='lat' dir='ltr'>cuiquam</span> <span class='ocrx_word' id='word_1_71' title='bbox 1410 619 1519 645; x_wconf 83' lang='lat' dir='ltr'>novo</span> 
     </span>
     <span class='ocr_line' id='line_1_10' title="bbox 186 655 1518 716; baseline -0.001 -13"><span class='ocrx_word' id='word_1_72' title='bbox 186 663 265 703; x_wconf 85' lang='lat' dir='ltr'>civi</span> <span class='ocrx_word' id='word_1_73' title='bbox 309 663 499 716; x_wconf 87' lang='lat' dir='ltr'>potuerit</span> <span class='ocrx_word' id='word_1_74' title='bbox 543 662 672 703; x_wconf 84' lang='lat' dir='ltr'>adimi</span> <span class='ocrx_word' id='word_1_75' title='bbox 715 655 882 715; x_wconf 72' lang='lat' dir='ltr'>civitas,</span> <span class='ocrx_word' id='word_1_76' title='bbox 931 677 1018 703; x_wconf 90' lang='lat' dir='ltr'>non</span> <span class='ocrx_word' id='word_1_77' title='bbox 1067 663 1264 703; x_wconf 88' lang='lat' dir='ltr'>omnibus</span> <span class='ocrx_word' id='word_1_78' title='bbox 1313 663 1518 716; x_wconf 86' lang='lat' dir='ltr'>patriciis,</span> 
     </span>
     <span class='ocr_line' id='line_1_11' title="bbox 116 720 1573 775; baseline -0.001 -13"><span class='ocrx_word' id='word_1_79' title='bbox 116 733 182 763; x_wconf 78' lang='lat'>102</span> <span class='ocrx_word' id='word_1_80' title='bbox 199 722 396 762; x_wconf 86' lang='lat' dir='ltr'>omnibus</span> <span class='ocrx_word' id='word_1_81' title='bbox 435 721 744 774; x_wconf 81' lang='lat' dir='ltr'>antiquissimis</span> <span class='ocrx_word' id='word_1_82' title='bbox 777 721 937 761; x_wconf 85' lang='lat' dir='ltr'>civibus</span> <span class='ocrx_word' id='word_1_83' title='bbox 970 721 1119 775; x_wconf 87' lang='lat' dir='ltr'>possit.</span> <span class='ocrx_word' id='word_1_84' title='bbox 1180 720 1293 762; x_wconf 88' lang='lat' dir='ltr'>Nam</span> <span class='ocrx_word' id='word_1_85' title='bbox 1326 721 1378 762; x_wconf 90' lang='lat' dir='ltr'>ad</span> <span class='ocrx_word' id='word_1_86' title='bbox 1409 721 1518 762; x_wconf 87' lang='lat' dir='ltr'>hanc</span> <span class='ocrx_word' id='word_1_87' title='bbox 1539 732 1573 757; x_wconf 91' lang='lat'>10</span> 
     </span>
     <span class='ocr_line' id='line_1_12' title="bbox 186 779 1518 834; baseline 0 -14"><span class='ocrx_word' id='word_1_88' title='bbox 186 780 356 833; x_wconf 88' lang='lat' dir='ltr'>quidem</span> <span class='ocrx_word' id='word_1_89' title='bbox 394 794 567 821; x_wconf 83' lang='lat' dir='ltr'>causam</span> <span class='ocrx_word' id='word_1_90' title='bbox 603 779 710 820; x_wconf 87' lang='lat' dir='ltr'>nihil</span> <span class='ocrx_word' id='word_1_91' title='bbox 748 779 829 820; x_wconf 87' lang='lat' dir='ltr'>hoc</span> <span class='ocrx_word' id='word_1_92' title='bbox 867 780 1124 832; x_wconf 81' lang='lat' dir='ltr'>pertinuisse</span> <span class='ocrx_word' id='word_1_93' title='bbox 1162 780 1349 834; x_wconf 88' lang='lat' dir='ltr'>primum</span> <span class='ocrx_word' id='word_1_94' title='bbox 1387 793 1438 820; x_wconf 82' lang='lat' dir='ltr'>ex</span> <span class='ocrx_word' id='word_1_95' title='bbox 1470 793 1518 820; x_wconf 91' lang='lat' dir='ltr'>eo</span> 
     </span>
     <span class='ocr_line' id='line_1_13' title="bbox 184 837 1518 893; baseline 0 -15"><span class='ocrx_word' id='word_1_96' title='bbox 184 838 380 893; x_wconf 81' lang='lat' dir='ltr'>intellegi</span> <span class='ocrx_word' id='word_1_97' title='bbox 419 841 581 892; x_wconf 84' lang='lat' dir='ltr'>potest,</span> <span class='ocrx_word' id='word_1_98' title='bbox 621 837 732 892; x_wconf 88' lang='lat' dir='ltr'>quod</span> <span class='ocrx_word' id='word_1_99' title='bbox 769 852 844 878; x_wconf 81' lang='lat' dir='ltr'>vos</span> <span class='ocrx_word' id='word_1_100' title='bbox 884 837 933 878; x_wconf 88' lang='lat' dir='ltr'>de</span> <span class='ocrx_word' id='word_1_101' title='bbox 964 852 1011 878; x_wconf 80' lang='lat' dir='ltr'>ea</span> <span class='ocrx_word' id='word_1_102' title='bbox 1041 852 1085 878; x_wconf 87' lang='lat' dir='ltr'>re</span> <span class='ocrx_word' id='word_1_103' title='bbox 1115 838 1302 879; x_wconf 89' lang='lat' dir='ltr'>iudicare</span> <span class='ocrx_word' id='word_1_104' title='bbox 1333 852 1420 879; x_wconf 92' lang='lat' dir='ltr'>non</span> <span class='ocrx_word' id='word_1_105' title='bbox 1451 837 1518 878; x_wconf 88' lang='lat' dir='ltr'>de—</span> 
     </span>
     <span class='ocr_line' id='line_1_14' title="bbox 185 895 1519 951; baseline -0.001 -14"><span class='ocrx_word' id='word_1_106' title='bbox 185 897 315 951; x_wconf 61' lang='lat' dir='ltr'>betis,</span> <span class='ocrx_word' id='word_1_107' title='bbox 348 897 495 938; x_wconf 84' lang='lat' dir='ltr'>deinde</span> <span class='ocrx_word' id='word_1_108' title='bbox 528 897 640 951; x_wconf 87' lang='lat' dir='ltr'>quod</span> <span class='ocrx_word' id='word_1_109' title='bbox 673 895 793 937; x_wconf 82' lang='lat' dir='ltr'>Sulla</span> <span class='ocrx_word' id='word_1_110' title='bbox 825 896 914 950; x_wconf 89' lang='lat' dir='ltr'>ipse</span> <span class='ocrx_word' id='word_1_111' title='bbox 946 896 1010 936; x_wconf 88' lang='lat' dir='ltr'>ita</span> <span class='ocrx_word' id='word_1_112' title='bbox 1040 896 1143 937; x_wconf 83' lang='lat' dir='ltr'>tulit</span> <span class='ocrx_word' id='word_1_113' title='bbox 1175 896 1224 937; x_wconf 89' lang='lat' dir='ltr'>de</span> <span class='ocrx_word' id='word_1_114' title='bbox 1256 897 1440 949; x_wconf 84' lang='lat' dir='ltr'>civitate,</span> <span class='ocrx_word' id='word_1_115' title='bbox 1472 899 1519 936; x_wconf 92' lang='lat' dir='ltr'>ut</span> 
     </span>
     <span class='ocr_line' id='line_1_15' title="bbox 182 954 1519 1008; baseline -0.001 -12"><span class='ocrx_word' id='word_1_116' title='bbox 182 970 270 996; x_wconf 90' lang='lat' dir='ltr'>non</span> <span class='ocrx_word' id='word_1_117' title='bbox 308 956 532 996; x_wconf 81' lang='lat' dir='ltr'>sustulerit</span> <span class='ocrx_word' id='word_1_118' title='bbox 570 955 722 996; x_wconf 87' lang='lat' dir='ltr'>horum</span> <span class='ocrx_word' id='word_1_119' title='bbox 760 969 869 995; x_wconf 80' lang='lat' dir='ltr'>nexa</span> <span class='ocrx_word' id='word_1_120' title='bbox 907 957 1033 1008; x_wconf 88' lang='lat' dir='ltr'>atque</span> <span class='ocrx_word' id='word_1_121' title='bbox 1064 955 1335 996; x_wconf 83' lang='lat' dir='ltr'>hereditates.</span> <span class='ocrx_word' id='word_1_122' title='bbox 1394 954 1519 995; x_wconf 89' lang='lat' dir='ltr'>Iubet</span> 
     </span>
     <span class='ocr_line' id='line_1_16' title="bbox 186 1012 1572 1066; baseline -0.001 -12"><span class='ocrx_word' id='word_1_123' title='bbox 186 1014 299 1054; x_wconf 90' lang='lat' dir='ltr'>enim</span> <span class='ocrx_word' id='word_1_124' title='bbox 332 1014 479 1054; x_wconf 92' lang='lat' dir='ltr'>eodem</span> <span class='ocrx_word' id='word_1_125' title='bbox 511 1014 601 1054; x_wconf 87' lang='lat' dir='ltr'>iure</span> <span class='ocrx_word' id='word_1_126' title='bbox 635 1027 737 1063; x_wconf 86' lang='lat' dir='ltr'>esse,</span> <span class='ocrx_word' id='word_1_127' title='bbox 770 1027 851 1066; x_wconf 91' lang='lat' dir='ltr'>quo</span> <span class='ocrx_word' id='word_1_128' title='bbox 884 1012 1044 1053; x_wconf 90' lang='lat' dir='ltr'>fuerint</span> <span class='ocrx_word' id='word_1_129' title='bbox 1070 1013 1381 1066; x_wconf 82' lang='lat' dir='ltr'>Ariminenses3</span> <span class='ocrx_word' id='word_1_130' title='bbox 1413 1027 1518 1066; x_wconf 87' lang='lat' dir='ltr'>quos</span> <span class='ocrx_word' id='word_1_131' title='bbox 1539 1022 1572 1049; x_wconf 85' lang='lat'>15</span> 
     </span>
     <span class='ocr_line' id='line_1_17' title="bbox 186 1071 1518 1127; baseline -0.001 -15"><span class='ocrx_word' id='word_1_132' title='bbox 186 1072 280 1125; x_wconf 91' lang='lat' dir='ltr'>quis</span> <span class='ocrx_word' id='word_1_133' title='bbox 313 1072 486 1127; x_wconf 82' lang='lat' dir='ltr'>ignorat</span> <span class='ocrx_word' id='word_1_134' title='bbox 519 1071 738 1113; x_wconf 78' lang='lat' dir='ltr'>duodecim</span> <span class='ocrx_word' id='word_1_135' title='bbox 771 1071 1034 1112; x_wconf 87' lang='lat' dir='ltr'>coloniarum</span> <span class='ocrx_word' id='word_1_136' title='bbox 1065 1071 1195 1112; x_wconf 85' lang='lat' dir='ltr'>fuisse</span> <span class='ocrx_word' id='word_1_137' title='bbox 1228 1074 1270 1112; x_wconf 93' lang='lat' dir='ltr'>et</span> <span class='ocrx_word' id='word_1_138' title='bbox 1302 1087 1327 1112; x_wconf 87' lang='lat' dir='ltr'>a</span> <span class='ocrx_word' id='word_1_139' title='bbox 1357 1071 1518 1112; x_wconf 87' lang='lat' dir='ltr'>civibus</span> 
     </span>
     <span class='ocr_line' id='line_1_18' title="bbox 185 1129 1521 1183; baseline -0.001 -12"><span class='ocrx_word' id='word_1_140' title='bbox 185 1130 391 1171; x_wconf 86' lang='lat' dir='ltr'>Romanis</span> <span class='ocrx_word' id='word_1_141' title='bbox 428 1130 685 1171; x_wconf 87' lang='lat' dir='ltr'>hereditates</span> <span class='ocrx_word' id='word_1_142' title='bbox 724 1144 873 1183; x_wconf 84' lang='lat' dir='ltr'>capere</span> <span class='ocrx_word' id='word_1_143' title='bbox 910 1130 1130 1183; x_wconf 75' lang='lat' dir='ltr'>potuisse?</span> <span class='ocrx_word' id='word_1_144' title='bbox 1193 1129 1351 1178; x_wconf 81' lang='lat' dir='ltr'>Quodsi</span> <span class='ocrx_word' id='word_1_145' title='bbox 1390 1129 1521 1170; x_wconf 86' lang='lat' dir='ltr'>adimi</span> 
     </span>
     <span class='ocr_line' id='line_1_19' title="bbox 186 1187 1520 1243; baseline -0.001 -14"><span class='ocrx_word' id='word_1_146' title='bbox 186 1189 335 1230; x_wconf 83' lang='lat' dir='ltr'>civitas</span> <span class='ocrx_word' id='word_1_147' title='bbox 367 1188 418 1229; x_wconf 83' lang='lat' dir='ltr'>A.</span> <span class='ocrx_word' id='word_1_148' title='bbox 451 1187 655 1229; x_wconf 83' lang='lat' dir='ltr'>Caecinae</span> <span class='ocrx_word' id='word_1_149' title='bbox 687 1189 781 1243; x_wconf 90' lang='lat' dir='ltr'>lege</span> <span class='ocrx_word' id='word_1_150' title='bbox 814 1189 1036 1242; x_wconf 88' lang='lat' dir='ltr'>potuisset,</span> <span class='ocrx_word' id='word_1_151' title='bbox 1067 1188 1206 1243; x_wconf 90' lang='lat' dir='ltr'>magis</span> <span class='ocrx_word' id='word_1_152' title='bbox 1239 1189 1360 1228; x_wconf 89' lang='lat' dir='ltr'>illam</span> <span class='ocrx_word' id='word_1_153' title='bbox 1392 1188 1520 1229; x_wconf 86' lang='lat' dir='ltr'>ratio-</span> 
     </span>
     <span class='ocr_line' id='line_1_20' title="bbox 184 1246 1519 1300; baseline -0.001 -12"><span class='ocrx_word' id='word_1_154' title='bbox 184 1261 283 1288; x_wconf 90' lang='lat' dir='ltr'>nem</span> <span class='ocrx_word' id='word_1_155' title='bbox 308 1250 453 1287; x_wconf 86' lang='lat' dir='ltr'>tamen</span> <span class='ocrx_word' id='word_1_156' title='bbox 480 1261 625 1288; x_wconf 88' lang='lat' dir='ltr'>omnes</span> <span class='ocrx_word' id='word_1_157' title='bbox 654 1247 754 1287; x_wconf 91' lang='lat' dir='ltr'>boni</span> <span class='ocrx_word' id='word_1_158' title='bbox 781 1261 1089 1300; x_wconf 79' lang='lat' dir='ltr'>quaereremus,</span> <span class='ocrx_word' id='word_1_159' title='bbox 1116 1261 1241 1300; x_wconf 90' lang='lat' dir='ltr'>quem</span> <span class='ocrx_word' id='word_1_160' title='bbox 1267 1246 1320 1287; x_wconf 91' lang='lat' dir='ltr'>ad</span> <span class='ocrx_word' id='word_1_161' title='bbox 1346 1246 1519 1287; x_wconf 91' lang='lat' dir='ltr'>modum</span> 
     </span>
     <span class='ocr_line' id='line_1_21' title="bbox 186 1305 1573 1360; baseline -0.001 -14"><span class='ocrx_word' id='word_1_162' title='bbox 186 1306 550 1360; x_wconf 84' lang='lat' dir='ltr'>spectatissimum</span> <span class='ocrx_word' id='word_1_163' title='bbox 594 1305 1031 1358; x_wconf 86' lang='lat' dir='ltr'>pudentissimumque</span> <span class='ocrx_word' id='word_1_164' title='bbox 1073 1305 1308 1357; x_wconf 88' lang='lat' dir='ltr'>hominem,</span> <span class='ocrx_word' id='word_1_165' title='bbox 1353 1319 1518 1345; x_wconf 88' lang='grc'>3111111110</span> <span class='ocrx_word' id='word_1_166' title='bbox 1539 1315 1573 1340; x_wconf 82' lang='lat'>20</span> 
     </span>
     <span class='ocr_line' id='line_1_22' title="bbox 186 1363 1518 1417; baseline -0.002 -12"><span class='ocrx_word' id='word_1_167' title='bbox 186 1364 378 1417; x_wconf 83' lang='lat' dir='ltr'>consilio,</span> <span class='ocrx_word' id='word_1_168' title='bbox 410 1379 576 1405; x_wconf 89' lang='lat' dir='ltr'>summa</span> <span class='ocrx_word' id='word_1_169' title='bbox 607 1364 776 1416; x_wconf 83' lang='lat' dir='ltr'>virtute,</span> <span class='ocrx_word' id='word_1_170' title='bbox 809 1378 974 1404; x_wconf 86' lang='lat' dir='ltr'>summa</span> <span class='ocrx_word' id='word_1_171' title='bbox 1005 1363 1258 1404; x_wconf 85' lang='lat' dir='ltr'>auctoritate</span> <span class='ocrx_word' id='word_1_172' title='bbox 1285 1363 1518 1404; x_wconf 88' lang='lat' dir='ltr'>domestica</span> 
     </span>
     <span class='ocr_line' id='line_1_23' title="bbox 184 1421 1520 1477; baseline -0.001 -14"><span class='ocrx_word' id='word_1_173' title='bbox 184 1422 444 1477; x_wconf 86' lang='lat' dir='ltr'>praeditum,</span> <span class='ocrx_word' id='word_1_174' title='bbox 481 1423 671 1463; x_wconf 89' lang='lat' dir='ltr'>levatum</span> <span class='ocrx_word' id='word_1_175' title='bbox 708 1422 863 1462; x_wconf 84' lang='lat' dir='ltr'>iniuria</span> <span class='ocrx_word' id='word_1_176' title='bbox 900 1422 1034 1463; x_wconf 84' lang='lat' dir='ltr'>civem</span> <span class='ocrx_word' id='word_1_177' title='bbox 1074 1421 1254 1462; x_wconf 85' lang='lat' dir='ltr'>retinere</span> <span class='ocrx_word' id='word_1_178' title='bbox 1286 1435 1520 1475; x_wconf 86' lang='lat' dir='ltr'>possemus,</span> 
     </span>
     <span class='ocr_line' id='line_1_24' title="bbox 187 1479 1520 1535; baseline -0.002 -13"><span class='ocrx_word' id='word_1_179' title='bbox 187 1496 315 1535; x_wconf 87' lang='lat' dir='ltr'>quam</span> <span class='ocrx_word' id='word_1_180' title='bbox 353 1481 417 1522; x_wconf 87' lang='lat' dir='ltr'>uti</span> <span class='ocrx_word' id='word_1_181' title='bbox 454 1496 583 1533; x_wconf 89' lang='grc'>1111110,</span> <span class='ocrx_word' id='word_1_182' title='bbox 622 1495 717 1521; x_wconf 87' lang='grc'>011111</span> <span class='ocrx_word' id='word_1_183' title='bbox 757 1480 806 1520; x_wconf 91' lang='lat' dir='ltr'>de</span> <span class='ocrx_word' id='word_1_184' title='bbox 843 1481 933 1521; x_wconf 89' lang='lat' dir='ltr'>iure</span> <span class='ocrx_word' id='word_1_185' title='bbox 971 1479 1158 1521; x_wconf 88' lang='lat' dir='ltr'>civitatis</span> <span class='ocrx_word' id='word_1_186' title='bbox 1190 1480 1299 1520; x_wconf 89' lang='lat' dir='ltr'>nihil</span> <span class='ocrx_word' id='word_1_187' title='bbox 1330 1479 1520 1533; x_wconf 87' lang='lat' dir='ltr'>potuerit</span> 
     </span>
     <span class='ocr_line' id='line_1_25' title="bbox 186 1537 1519 1594; baseline -0.002 -14"><span class='ocrx_word' id='word_1_188' title='bbox 186 1539 425 1594; x_wconf 77' lang='lat' dir='ltr'>deperdere,</span> <span class='ocrx_word' id='word_1_189' title='bbox 457 1540 681 1593; x_wconf 83' lang='lat' dir='ltr'>quisquam</span> <span class='ocrx_word' id='word_1_190' title='bbox 715 1539 872 1579; x_wconf 78' lang='lat' dir='ltr'>existat</span> <span class='ocrx_word' id='word_1_191' title='bbox 902 1539 986 1579; x_wconf 89' lang='lat' dir='ltr'>nisi</span> <span class='ocrx_word' id='word_1_192' title='bbox 1017 1539 1092 1591; x_wconf 91' lang='lat' dir='ltr'>tui,</span> <span class='ocrx_word' id='word_1_193' title='bbox 1125 1537 1260 1591; x_wconf 80' lang='lat' dir='ltr'>Sexte,</span> <span class='ocrx_word' id='word_1_194' title='bbox 1293 1537 1444 1579; x_wconf 87' lang='lat' dir='ltr'>similis</span> <span class='ocrx_word' id='word_1_195' title='bbox 1477 1540 1519 1578; x_wconf 89' lang='lat' dir='ltr'>et</span> 
     </span>
     <span class='ocr_line' id='line_1_26' title="bbox 187 1596 1570 1663; baseline -0.002 -24"><span class='ocrx_word' id='word_1_196' title='bbox 187 1598 374 1639; x_wconf 82' lang='lat' dir='ltr'>stultitia</span> <span class='ocrx_word' id='word_1_197' title='bbox 412 1600 454 1638; x_wconf 90' lang='lat' dir='ltr'>et</span> <span class='ocrx_word' id='word_1_198' title='bbox 491 1598 755 1663; x_wconf 79' lang='lat' dir='ltr'>inpudentia,</span> <span class='ocrx_word' id='word_1_199' title='bbox 794 1598 865 1651; x_wconf 91' lang='lat' dir='ltr'>qui</span> <span class='ocrx_word' id='word_1_200' title='bbox 896 1597 994 1638; x_wconf 88' lang='lat' dir='ltr'>huic</span> <span class='ocrx_word' id='word_1_201' title='bbox 1026 1597 1269 1651; x_wconf 90' lang='lat' dir='ltr'>ademptam</span> <span class='ocrx_word' id='word_1_202' title='bbox 1301 1596 1518 1637; x_wconf 84' lang='lat' dir='ltr'>civitatem</span> <span class='ocrx_word' id='word_1_203' title='bbox 1537 1605 1570 1631; x_wconf 81' lang='lat'>25</span> 
     </span>
     <span class='ocr_line' id='line_1_27' title="bbox 118 1654 1518 1710; baseline -0.002 -13"><span class='ocrx_word' id='word_1_204' title='bbox 118 1667 183 1697; x_wconf 90' lang='lat'>103</span> <span class='ocrx_word' id='word_1_205' title='bbox 200 1671 291 1697; x_wconf 85' lang='grc'>0330</span> <span class='ocrx_word' id='word_1_206' title='bbox 319 1656 443 1697; x_wconf 88' lang='lat' dir='ltr'>dicat.</span> <span class='ocrx_word' id='word_1_207' title='bbox 493 1655 573 1704; x_wconf 83' lang='lat' dir='ltr'>Qui</span> <span class='ocrx_word' id='word_1_208' title='bbox 599 1656 811 1710; x_wconf 88' lang='lat' dir='ltr'>quoniam,</span> <span class='ocrx_word' id='word_1_209' title='bbox 836 1658 1165 1710; x_wconf 43' lang='lat' dir='ltr'>recuperatores</span> <span class='ocrx_word' id='word_1_210' title='bbox 1191 1670 1312 1696; x_wconf 88' lang='lat' dir='ltr'>suum</span> <span class='ocrx_word' id='word_1_211' title='bbox 1344 1654 1409 1695; x_wconf 90' lang='lat' dir='ltr'>ius</span> <span class='ocrx_word' id='word_1_212' title='bbox 1433 1668 1518 1695; x_wconf 87' lang='lat' dir='ltr'>non</span> 
     </span>
     <span class='ocr_line' id='line_1_28' title="bbox 187 1707 1518 1768; baseline -0.002 -13"><span class='ocrx_word' id='word_1_213' title='bbox 187 1714 373 1756; x_wconf 86' lang='lat' dir='ltr'>deseruit</span> <span class='ocrx_word' id='word_1_214' title='bbox 397 1729 532 1768; x_wconf 88' lang='lat' dir='ltr'>neque</span> <span class='ocrx_word' id='word_1_215' title='bbox 553 1715 778 1768; x_wconf 83' lang='lat' dir='ltr'>quicquam</span> <span class='ocrx_word' id='word_1_216' title='bbox 803 1714 919 1754; x_wconf 89' lang='lat' dir='ltr'>illius</span> <span class='ocrx_word' id='word_1_217' title='bbox 947 1714 1146 1755; x_wconf 83' lang='lat' dir='ltr'>audaciae</span> <span class='ocrx_word' id='word_1_218' title='bbox 1172 1707 1518 1768; x_wconf 87' lang='lat' dir='ltr'>petulantiaeque</span> 
     </span>
     <span class='ocr_line' id='line_1_29' title="bbox 188 1771 1517 1824; baseline -0.002 -11"><span class='ocrx_word' id='word_1_219' title='bbox 188 1773 407 1822; x_wconf 84' lang='lat' dir='ltr'>concessit,</span> <span class='ocrx_word' id='word_1_220' title='bbox 434 1773 483 1813; x_wconf 89' lang='lat' dir='ltr'>de</span> <span class='ocrx_word' id='word_1_221' title='bbox 509 1773 672 1821; x_wconf 80' lang='lat' dir='ltr'>reliquo</span> <span class='ocrx_word' id='word_1_222' title='bbox 699 1773 784 1813; x_wconf 86' lang='lat' dir='ltr'>iam</span> <span class='ocrx_word' id='word_1_223' title='bbox 810 1787 1078 1813; x_wconf 85' lang='lat' dir='ltr'>communem</span> <span class='ocrx_word' id='word_1_224' title='bbox 1098 1786 1267 1813; x_wconf 85' lang='lat' dir='ltr'>causam</span> <span class='ocrx_word' id='word_1_225' title='bbox 1286 1771 1517 1824; x_wconf 85' lang='lat' dir='ltr'>populique</span> 
     </span>
     <span class='ocr_line' id='line_1_30' title="bbox 116 1828 1518 1885; baseline -0.001 -15"><span class='ocrx_word' id='word_1_226' title='bbox 116 1828 172 1870; x_wconf 81' lang='lat'>36</span> <span class='ocrx_word' id='word_1_227' title='bbox 189 1831 252 1871; x_wconf 90' lang='lat' dir='ltr'>ius</span> <span class='ocrx_word' id='word_1_228' title='bbox 284 1830 329 1871; x_wconf 90' lang='lat' dir='ltr'>in</span> <span class='ocrx_word' id='word_1_229' title='bbox 361 1833 502 1871; x_wconf 79' lang='lat' dir='ltr'>vestra</span> <span class='ocrx_word' id='word_1_230' title='bbox 533 1831 614 1871; x_wconf 84' lang='lat' dir='ltr'>fide</span> <span class='ocrx_word' id='word_1_231' title='bbox 647 1845 695 1872; x_wconf 87' lang='lat' dir='ltr'>ac</span> <span class='ocrx_word' id='word_1_232' title='bbox 726 1830 933 1885; x_wconf 80' lang='lat' dir='ltr'>religione</span> <span class='ocrx_word' id='word_1_233' title='bbox 965 1830 1148 1884; x_wconf 88' lang='lat' dir='ltr'>deponit.</span> <span class='ocrx_word' id='word_1_234' title='bbox 1208 1829 1250 1870; x_wconf 88' lang='lat' dir='ltr'>Is</span> <span class='ocrx_word' id='word_1_235' title='bbox 1281 1829 1409 1869; x_wconf 89' lang='lat' dir='ltr'>homo</span> <span class='ocrx_word' id='word_1_236' title='bbox 1442 1831 1518 1882; x_wconf 86' lang='lat' dir='ltr'>est,</span> 
     </span>
     <span class='ocr_line' id='line_1_31' title="bbox 185 1888 1569 1942; baseline -0.002 -13"><span class='ocrx_word' id='word_1_237' title='bbox 185 1890 248 1930; x_wconf 85' lang='lat' dir='ltr'>ita</span> <span class='ocrx_word' id='word_1_238' title='bbox 280 1903 323 1929; x_wconf 90' lang='lat' dir='ltr'>se</span> <span class='ocrx_word' id='word_1_239' title='bbox 354 1889 583 1941; x_wconf 86' lang='lat' dir='ltr'>probatum</span> <span class='ocrx_word' id='word_1_240' title='bbox 614 1889 736 1930; x_wconf 87' lang='lat' dir='ltr'>vobis</span> <span class='ocrx_word' id='word_1_241' title='bbox 768 1889 982 1942; x_wconf 85' lang='lat' dir='ltr'>vestrique</span> <span class='ocrx_word' id='word_1_242' title='bbox 1015 1888 1223 1929; x_wconf 89' lang='lat' dir='ltr'>similibus</span> <span class='ocrx_word' id='word_1_243' title='bbox 1250 1900 1415 1941; x_wconf 83' lang='lat' dir='ltr'>semper</span> <span class='ocrx_word' id='word_1_244' title='bbox 1446 1901 1514 1927; x_wconf 85' lang='lat' dir='ltr'>vo·</span> <span class='ocrx_word' id='word_1_245' title='bbox 1534 1897 1569 1922; x_wconf 82' lang='grc'>30</span> 
     </span>
     <span class='ocr_line' id='line_1_32' title="bbox 185 1944 1517 1999; baseline -0.002 -11"><span class='ocrx_word' id='word_1_246' title='bbox 185 1947 278 1999; x_wconf 87' lang='lat' dir='ltr'>luit,</span> <span class='ocrx_word' id='word_1_247' title='bbox 304 1949 352 1987; x_wconf 88' lang='lat' dir='ltr'>ut</span> <span class='ocrx_word' id='word_1_248' title='bbox 376 1947 419 1986; x_wconf 90' lang='lat' dir='ltr'>id</span> <span class='ocrx_word' id='word_1_249' title='bbox 444 1961 530 1987; x_wconf 90' lang='lat' dir='ltr'>non</span> <span class='ocrx_word' id='word_1_250' title='bbox 556 1947 694 1987; x_wconf 85' lang='lat' dir='ltr'>minus</span> <span class='ocrx_word' id='word_1_251' title='bbox 720 1948 764 1987; x_wconf 92' lang='lat' dir='ltr'>in</span> <span class='ocrx_word' id='word_1_252' title='bbox 788 1947 868 1988; x_wconf 87' lang='lat' dir='ltr'>hac</span> <span class='ocrx_word' id='word_1_253' title='bbox 894 1961 1022 1988; x_wconf 88' lang='grc'>031133</span> <span class='ocrx_word' id='word_1_254' title='bbox 1047 1945 1266 1998; x_wconf 84' lang='lat' dir='ltr'>laborarit,</span> <span class='ocrx_word' id='word_1_255' title='bbox 1296 1958 1349 1985; x_wconf 90' lang='lat' dir='ltr'>ne</span> <span class='ocrx_word' id='word_1_256' title='bbox 1374 1944 1517 1998; x_wconf 85' lang='lat' dir='ltr'>inique</span> 
     </span>
     <span class='ocr_line' id='line_1_33' title="bbox 187 2003 1518 2059; baseline -0.003 -12"><span class='ocrx_word' id='word_1_257' title='bbox 187 2004 440 2047; x_wconf 85' lang='lat' dir='ltr'>contendere</span> <span class='ocrx_word' id='word_1_258' title='bbox 473 2005 644 2059; x_wconf 88' lang='lat' dir='ltr'>aliquid,</span> <span class='ocrx_word' id='word_1_259' title='bbox 678 2020 803 2059; x_wconf 88' lang='lat' dir='ltr'>quam</span> <span class='ocrx_word' id='word_1_260' title='bbox 835 2020 887 2045; x_wconf 89' lang='lat' dir='ltr'>ne</span> <span class='ocrx_word' id='word_1_261' title='bbox 919 2005 1123 2045; x_wconf 87' lang='lat' dir='ltr'>dissolute</span> <span class='ocrx_word' id='word_1_262' title='bbox 1148 2003 1385 2057; x_wconf 88' lang='lat' dir='ltr'>relinquere</span> <span class='ocrx_word' id='word_1_263' title='bbox 1409 2003 1518 2043; x_wconf 83' lang='lat' dir='ltr'>vide-</span> 
     </span>
     <span class='ocr_line' id='line_1_34' title="bbox 186 2061 1518 2116; baseline -0.002 -12"><span class='ocrx_word' id='word_1_264' title='bbox 186 2066 316 2116; x_wconf 89' lang='lat' dir='ltr'>retur,</span> <span class='ocrx_word' id='word_1_265' title='bbox 347 2077 423 2104; x_wconf 89' lang='lat' dir='ltr'>nec</span> <span class='ocrx_word' id='word_1_266' title='bbox 456 2063 595 2103; x_wconf 88' lang='lat' dir='ltr'>minus</span> <span class='ocrx_word' id='word_1_267' title='bbox 627 2066 855 2116; x_wconf 82' lang='lat' dir='ltr'>vereretur,</span> <span class='ocrx_word' id='word_1_268' title='bbox 887 2077 939 2103; x_wconf 89' lang='lat' dir='ltr'>ne</span> <span class='ocrx_word' id='word_1_269' title='bbox 971 2065 1240 2103; x_wconf 88' lang='lat' dir='ltr'>contemnere</span> <span class='ocrx_word' id='word_1_270' title='bbox 1271 2061 1518 2114; x_wconf 85' lang='lat' dir='ltr'>Aebutium,</span> 
     </span>
     <span class='ocr_line' id='line_1_35' title="bbox 188 2120 1343 2176; baseline -0.002 -14"><span class='ocrx_word' id='word_1_271' title='bbox 188 2137 316 2176; x_wconf 88' lang='lat' dir='ltr'>quam</span> <span class='ocrx_word' id='word_1_272' title='bbox 347 2136 399 2162; x_wconf 86' lang='lat' dir='ltr'>ne</span> <span class='ocrx_word' id='word_1_273' title='bbox 431 2121 482 2162; x_wconf 83' lang='lat' dir='ltr'>ab</span> <span class='ocrx_word' id='word_1_274' title='bbox 515 2135 563 2162; x_wconf 91' lang='lat' dir='ltr'>eo</span> <span class='ocrx_word' id='word_1_275' title='bbox 596 2124 864 2176; x_wconf 84' lang='lat' dir='ltr'>contemptus</span> <span class='ocrx_word' id='word_1_276' title='bbox 897 2135 987 2162; x_wconf 90' lang='lat' dir='ltr'>esse</span> <span class='ocrx_word' id='word_1_277' title='bbox 1019 2120 1343 2161; x_wconf 80' lang='lat' dir='ltr'>existimaretur.</span> 
     </span>
     <span class='ocr_line' id='line_1_36' title="bbox 117 2177 1570 2233; baseline -0.003 -11"><span class='ocrx_word' id='word_1_278' title='bbox 117 2191 186 2222; x_wconf 68' lang='lat'>104</span> <span class='ocrx_word' id='word_1_279' title='bbox 278 2180 560 2233; x_wconf 80' lang='lat' dir='ltr'>Quapropter,</span> <span class='ocrx_word' id='word_1_280' title='bbox 593 2179 629 2219; x_wconf 90' lang='lat' dir='ltr'>si</span> <span class='ocrx_word' id='word_1_281' title='bbox 656 2179 755 2232; x_wconf 89' lang='lat' dir='ltr'>quid</span> <span class='ocrx_word' id='word_1_282' title='bbox 787 2182 906 2220; x_wconf 78' lang='lat' dir='ltr'>extra</span> <span class='ocrx_word' id='word_1_283' title='bbox 936 2178 1137 2219; x_wconf 88' lang='lat' dir='ltr'>iudicium</span> <span class='ocrx_word' id='word_1_284' title='bbox 1169 2181 1245 2228; x_wconf 87' lang='lat' dir='ltr'>est,</span> <span class='ocrx_word' id='word_1_285' title='bbox 1278 2177 1389 2232; x_wconf 87' lang='lat' dir='ltr'>quod</span> <span class='ocrx_word' id='word_1_286' title='bbox 1419 2177 1516 2218; x_wconf 84' lang='lat' dir='ltr'>huic</span> <span class='ocrx_word' id='word_1_287' title='bbox 1536 2187 1570 2213; x_wconf 84' lang='lat'>35</span> 
     </span>
     <span class='ocr_line' id='line_1_37' title="bbox 187 2235 1518 2289; baseline -0.002 -11"><span class='ocrx_word' id='word_1_288' title='bbox 187 2238 354 2279; x_wconf 90' lang='lat' dir='ltr'>homini</span> <span class='ocrx_word' id='word_1_289' title='bbox 401 2237 673 2278; x_wconf 88' lang='lat' dir='ltr'>tribuendum</span> <span class='ocrx_word' id='word_1_290' title='bbox 719 2238 794 2288; x_wconf 87' lang='lat' dir='ltr'>sit,</span> <span class='ocrx_word' id='word_1_291' title='bbox 842 2236 1010 2277; x_wconf 87' lang='lat' dir='ltr'>habetis</span> <span class='ocrx_word' id='word_1_292' title='bbox 1054 2237 1268 2277; x_wconf 90' lang='lat' dir='ltr'>hominem</span> <span class='ocrx_word' id='word_1_293' title='bbox 1313 2235 1518 2289; x_wconf 87' lang='lat' dir='ltr'>singulari</span> 
     </span>
     <span class='ocr_line' id='line_1_38' title="bbox 186 2293 1517 2351; baseline -0.002 -14"><span class='ocrx_word' id='word_1_294' title='bbox 186 2296 349 2351; x_wconf 88' lang='lat' dir='ltr'>pudore</span> <span class='ocrx_word' id='word_1_295' title='bbox 383 2296 558 2348; x_wconf 81' lang='lat' dir='ltr'>[virtute</span> <span class='ocrx_word' id='word_1_296' title='bbox 591 2295 779 2349; x_wconf 82' lang='lat' dir='ltr'>cognita]</span> <span class='ocrx_word' id='word_1_297' title='bbox 813 2297 856 2336; x_wconf 91' lang='lat' dir='ltr'>et</span> <span class='ocrx_word' id='word_1_298' title='bbox 887 2297 1080 2348; x_wconf 84' lang='lat' dir='ltr'>spectata</span> <span class='ocrx_word' id='word_1_299' title='bbox 1115 2294 1214 2348; x_wconf 88' lang='lat' dir='ltr'>fide,</span> <span class='ocrx_word' id='word_1_300' title='bbox 1252 2293 1517 2348; x_wconf 87' lang='lat' dir='ltr'>amplissimo</span> 
     </span>
    </p>
   </div>
  </div>
 </body>
</html>
