1619 2542
135 1759 155 1789 7

183 102 238 143 76
452 102 517 137 DE
542 101 743 138 IMPERIO
769 101 842 137 CN.
863 101 1045 137 POMPEI
1071 101 1262 137 ORATIO.

182 213 364 253 quorum
408 213 590 255 magnae
633 213 701 240 res
739 199 926 253 aguntur
961 197 1006 239 in
1042 197 1196 239 vestris
1233 197 1518 253 vectigalibus

183 256 426 299 exercendis
471 260 717 312 occupatae3
761 256 833 311 qui
876 256 928 297 ad
972 270 1039 297 me
1082 270 1160 311 pro
1197 257 1520 306 necessitudine,

183 330 291 371 quae
329 316 435 357 mihi
472 319 539 357 est
576 331 671 357 cum
708 315 785 356 illo
824 315 990 368 ordine,
1027 329 1199 356 causam
1231 315 1293 356 rei
1323 315 1518 370 publicae

182 375 452 429 periculaque
478 389 619 416 rerum
646 388 819 415 suarum
846 373 1109 428 detulerunt,
1139 373 1380 428 Bithyniae,
1411 388 1518 428 quae

181 448 295 475 nunc
314 438 458 475 vestra
477 433 698 488 provincia
718 434 794 485 est,
819 432 935 474 vicos
962 435 1133 474 exustos
1155 446 1246 473 esse
1267 433 1519 487 complures,
1554 444 1572 471 5

181 506 361 545 regnum
382 491 701 541 Ariobarzanis,
733 491 845 546 quod
870 490 1100 532 finitimum
1132 493 1197 532 est
1216 491 1371 532 vestris
1392 492 1519 533 vecti-

182 551 365 606 galibus,
396 553 541 601 totum,
563 564 654 591 esse
679 550 724 590 in
750 549 938 591 hostium
965 552 1196 604 potestate3
1227 550 1275 591 L.
1295 549 1519 591 Lucullum

182 609 350 664 magnis
389 609 516 650 rebus
555 608 689 664 gestis
728 608 780 650 ab
820 622 869 650 eo
900 608 1015 650 bello
1047 607 1278 662 discedere3
1316 608 1415 650 huic
1445 608 1519 662 qui

182 668 445 721 successerit,
475 682 562 709 non
593 668 699 709 satis
731 681 823 708 esse
854 670 1051 722 paratum
1084 667 1136 708 ad
1162 669 1330 708 tantum
1356 666 1518 708 bellum

181 726 588 780 administrandum3
624 741 757 767 unum
796 725 848 767 ab
887 726 1083 767 omnibus
1123 725 1250 767 sociis
1281 728 1324 766 et
1354 725 1518 767 civibus
1539 738 1573 764 ιο

182 785 235 827 ad
266 785 308 826 id
341 786 502 827 bellum
534 785 838 839 imperatorem
868 784 1041 839 deposci
1072 787 1199 838 atque
1232 784 1390 839 expeti,
1422 798 1520 825 eun·

182 844 277 885 dem
303 844 415 885 hunc
440 859 572 885 unum
592 844 645 884 ab
666 843 862 884 hostibus
883 843 1027 897 metui,
1052 846 1274 898 praeterea
1292 843 1519 884 neminem.

300 901 440 944 Causa
472 917 580 957 quae
613 903 682 954 sit,
706 901 876 955 videtis3
913 916 1044 953 nunc,
1075 901 1174 956 quid
1207 901 1418 957 agendum
1450 901 1519 955 sit,

182 960 461 1003 considerate.
524 960 716 1001 Primum
764 960 869 1001 mihi
908 961 1077 1001 videtur
1117 960 1167 1001 de
1208 974 1362 1014 genere
1402 960 1519 1013 belli,

182 1020 330 1061 deinde
364 1020 414 1060 de
447 1019 759 1073 magnitudine,
797 1022 889 1060 tum
922 1019 972 1060 de
1003 1019 1262 1073 imperatore
1294 1018 1517 1073 deligendo
1538 1030 1572 1056 15

182 1093 274 1120 esse
306 1078 544 1120 dicendum.
593 1077 737 1119 Genus
770 1081 835 1118 est
865 1077 978 1119 enim
1004 1077 1106 1119 belli
1132 1078 1220 1119 eius
1247 1077 1374 1131 modi,
1407 1077 1519 1132 quod

181 1136 366 1178 maxime
397 1140 564 1177 vestros
598 1136 763 1177 animos
797 1136 982 1177 excitare
1008 1139 1137 1191 atque
1168 1135 1434 1177 inflammare
1466 1136 1519 1177 ad

181 1195 461 1249 persequendi
494 1194 682 1236 studium
715 1194 885 1248 debeat3
916 1195 961 1235 in
987 1209 1069 1248 quo
1097 1195 1239 1249 agitur
1263 1194 1412 1249 populi
1436 1194 1519 1236 Ro-

181 1253 296 1294 mani
334 1253 490 1309 gloria,
528 1268 636 1307 quae
666 1253 789 1294 vobis
828 1268 852 1293 a
889 1253 1124 1294 maioribus
1157 1267 1252 1295 eum
1284 1267 1442 1307 magna
1471 1253 1515 1294 in

181 1312 381 1354 omnibus
413 1312 552 1364 rebus,
583 1314 675 1353 tum
707 1326 874 1353 summa
904 1311 949 1352 in
974 1326 1020 1352 re
1046 1311 1224 1352 militari
1249 1311 1408 1352 tradita
1433 1314 1516 1364 est3
1535 1324 1571 1349 20

181 1371 325 1426 agitur
357 1371 472 1412 salus
499 1370 713 1412 sociorum
739 1373 865 1424 atque
892 1370 1137 1424 amicorum,
1168 1384 1245 1424 pro
1273 1384 1357 1424 qua
1382 1370 1519 1411 multa

181 1430 363 1471 maiores
393 1429 527 1470 vestri
551 1443 710 1484 magna
735 1431 777 1470 et
803 1428 951 1483 gravia
975 1429 1090 1470 bella
1115 1431 1356 1484 gesserunt3
1388 1442 1519 1483 agun-

181 1491 251 1529 tur
283 1488 521 1529 certissima
557 1487 708 1542 populi
745 1487 930 1529 Romani
968 1487 1198 1543 vectigalia
1235 1490 1278 1529 et
1318 1488 1518 1540 maxima,

182 1546 336 1600 quibus
375 1545 544 1588 amissis
583 1549 626 1587 et
665 1546 783 1601 pacis
821 1548 1072 1587 ornamenta
1109 1549 1152 1587 et
1190 1545 1378 1587 subsidia
1413 1545 1517 1587 belli

180 1605 425 1658 requiretis3
457 1607 646 1659 aguntur
677 1605 789 1645 bona
813 1605 1047 1646 multorum
1073 1605 1241 1659 civium,
1273 1604 1426 1659 quibus
1452 1607 1518 1645 est
1536 1616 1570 1642 25

183 1678 209 1704 a
232 1663 356 1704 vobis
383 1666 425 1704 et
451 1664 643 1718 ipsorum
671 1666 714 1704 et
738 1664 799 1704 rei
825 1663 1021 1717 publicae
1046 1678 1174 1705 causa
1200 1662 1520 1705 consulendum.

134 1707 161 1748 3
182 1721 241 1762 Et
273 1721 475 1775 quoniam
503 1736 669 1775 semper
696 1724 943 1775 appetentes
972 1722 1135 1777 gloriae
1160 1724 1330 1776 praeter
1355 1724 1516 1762 ceteras

183 1782 333 1834 gentes
378 1783 504 1833 atque
545 1780 658 1821 avidi
695 1780 835 1821 laudis
876 1780 1036 1833 fuistis,
1080 1779 1256 1821 delenda
1293 1782 1358 1820 est
1393 1779 1516 1820 vobis

180 1838 257 1879 illa
282 1838 449 1879 macula
468 1838 760 1887 Mithridatico
787 1839 901 1880 bello
928 1839 1145 1893 superiore
1165 1839 1381 1892 concepta,
1407 1852 1515 1892 quae

180 1896 351 1951 penit-us
393 1896 479 1937 iam
520 1897 679 1938 insedit
721 1912 768 1938 ac
811 1897 939 1938 nimis
982 1897 1236 1938 inveteravit
1277 1895 1322 1936 in
1367 1897 1570 1950 populiao

180 1954 365 1996 Romani
400 1954 590 2008 nomine,
628 1955 741 2009 quod
776 1955 834 2005 is,
871 1955 943 2010 qui
979 1969 1063 1996 uno
1104 1954 1171 1996 die
1201 1956 1295 1995 tota
1331 1954 1376 1995 in
1412 1954 1517 1996 Asia

179 2015 248 2055 tot
278 2012 323 2054 in
355 2012 601 2054 civitatibus
633 2028 718 2054 uno
756 2013 905 2054 nuntio
938 2015 1064 2067 atque
1089 2027 1173 2054 una
1205 2012 1516 2068 significatione

179 2072 424 2113 litterarum
465 2071 576 2112 cives
616 2071 833 2113 Romanos
871 2085 1005 2112 omnes
1049 2071 1260 2113 necandos
1302 2071 1517 2113 trucidan-

180 2130 341 2185 dosque
389 2129 624 2182 denotavit,
667 2144 754 2171 non
791 2130 917 2171 modo
955 2129 1091 2171 adhue
1128 2144 1309 2184 poenam
1351 2130 1517 2171 nullam

180 2203 256 2230 suo
289 2188 462 2243 dignam
495 2188 652 2229 scelere
684 2189 888 2242 suscepit,
925 2187 997 2229 sed
1029 2188 1081 2228 ab
1112 2188 1189 2229 illo
1220 2191 1412 2243 tempore
1445 2202 1516 2229 an·
1536 2198 1570 2225 35

177 2261 281 2288 num
314 2247 401 2288 iam
426 2245 602 2287 tertium
635 2249 678 2286 et
703 2247 949 2287 vicesimum
982 2249 1153 2301 regnat,
1185 2249 1229 2287 et
1259 2247 1322 2288 ita
1351 2249 1516 2301 regnat,

179 2308 228 2346 ut
259 2319 304 2346 se
335 2319 420 2346 non
450 2303 578 2345 Ponti
608 2318 744 2358 neque
772 2303 1066 2358 Caepadociae
1098 2305 1275 2346 latebris
1302 2305 1517 2346 occultare
