<?xml version="1.0" encoding="UTF-8"?>
<!DOCTYPE html PUBLIC "-//W3C//DTD XHTML 1.0 Transitional//EN"
    "http://www.w3.org/TR/xhtml1/DTD/xhtml1-transitional.dtd">
<html xmlns="http://www.w3.org/1999/xhtml" xml:lang="en" lang="en">
 <head>
  <title>
</title>
<meta http-equiv="Content-Type" content="text/html;charset=utf-8" />
  <meta name='ocr-system' content='tesseract 3.04.00' />
  <meta name='ocr-capabilities' content='ocr_page ocr_carea ocr_par ocr_line ocrx_word'/>
</head>
<body>
  <div class='ocr_page' id='page_1' title='image "./p2scriptaquaemanse02ciceuoft_0425.png"; bbox 0 0 1619 2542; ppageno 0'>
   <div class='ocr_carea' id='block_1_1' title="bbox 538 113 1455 156">
    <p class='ocr_par' dir='ltr' id='par_1_1' title="bbox 538 113 1455 156">
     <span class='ocr_line' id='line_1_1' title="bbox 538 113 1455 156; baseline 0.009 -8"><span class='ocrx_word' id='word_1_1' title='bbox 538 113 641 148; x_wconf 85' lang='lat' dir='ltr'><strong>CAP.</strong></span> <span class='ocrx_word' id='word_1_2' title='bbox 670 117 806 148; x_wconf 83' lang='lat'>11-13</span> <span class='ocrx_word' id='word_1_3' title='bbox 833 117 852 155; x_wconf 60' lang='grc' dir='ltr'>ξ</span> <span class='ocrx_word' id='word_1_4' title='bbox 878 116 1027 148; x_wconf 79' lang='lat'>25—29.</span> <span class='ocrx_word' id='word_1_5' title='bbox 1369 114 1455 156; x_wconf 77' lang='lat'>273</span> 
     </span>
    </p>
   </div>
   <div class='ocr_carea' id='block_1_2' title="bbox 79 208 1456 661">
    <p class='ocr_par' dir='ltr' id='par_1_2' title="bbox 79 208 1456 661">
     <span class='ocr_line' id='line_1_2' title="bbox 114 208 1454 264; baseline 0.002 -15"><span class='ocrx_word' id='word_1_6' title='bbox 114 209 261 250; x_wconf 89' lang='lat' dir='ltr'>nullus</span> <span class='ocrx_word' id='word_1_7' title='bbox 299 208 525 251; x_wconf 71' lang='lat' dir='ltr'>insidiator</span> <span class='ocrx_word' id='word_1_8' title='bbox 562 209 673 263; x_wconf 81' lang='lat' dir='ltr'>viae3</span> <span class='ocrx_word' id='word_1_9' title='bbox 713 209 750 250; x_wconf 89' lang='lat' dir='ltr'>si</span> <span class='ocrx_word' id='word_1_10' title='bbox 789 209 861 262; x_wconf 89' lang='lat' dir='ltr'>qui</span> <span class='ocrx_word' id='word_1_11' title='bbox 900 209 1013 249; x_wconf 82' lang='lat' dir='ltr'>exire</span> <span class='ocrx_word' id='word_1_12' title='bbox 1051 209 1220 264; x_wconf 86' lang='lat' dir='ltr'>volunt,</span> <span class='ocrx_word' id='word_1_13' title='bbox 1258 209 1454 252; x_wconf 81' lang='lat' dir='ltr'>conivere</span> 
     </span>
     <span class='ocr_line' id='line_1_3' title="bbox 114 267 1453 324; baseline 0.001 -16"><span class='ocrx_word' id='word_1_14' title='bbox 114 282 309 322; x_wconf 82' lang='lat' dir='ltr'>possum3</span> <span class='ocrx_word' id='word_1_15' title='bbox 348 269 419 321; x_wconf 90' lang='lat' dir='ltr'>qui</span> <span class='ocrx_word' id='word_1_16' title='bbox 457 282 555 309; x_wconf 87' lang='lat' dir='ltr'>vero</span> <span class='ocrx_word' id='word_1_17' title='bbox 595 282 638 309; x_wconf 90' lang='lat' dir='ltr'>se</span> <span class='ocrx_word' id='word_1_18' title='bbox 678 269 723 308; x_wconf 88' lang='lat' dir='ltr'>in</span> <span class='ocrx_word' id='word_1_19' title='bbox 754 268 857 308; x_wconf 90' lang='lat' dir='ltr'>urbe</span> <span class='ocrx_word' id='word_1_20' title='bbox 890 267 1186 321; x_wconf 89' lang='lat' dir='ltr'>commoverit,</span> <span class='ocrx_word' id='word_1_21' title='bbox 1224 268 1341 310; x_wconf 91' lang='lat' dir='ltr'>cuius</span> <span class='ocrx_word' id='word_1_22' title='bbox 1375 283 1453 324; x_wconf 82' lang='lat' dir='ltr'>ego</span> 
     </span>
     <span class='ocr_line' id='line_1_4' title="bbox 115 325 1454 381; baseline 0.001 -14"><span class='ocrx_word' id='word_1_23' title='bbox 115 340 200 367; x_wconf 90' lang='lat' dir='ltr'>non</span> <span class='ocrx_word' id='word_1_24' title='bbox 244 325 369 367; x_wconf 91' lang='lat' dir='ltr'>modo</span> <span class='ocrx_word' id='word_1_25' title='bbox 414 326 593 380; x_wconf 83' lang='lat' dir='ltr'>factum,</span> <span class='ocrx_word' id='word_1_26' title='bbox 637 326 710 367; x_wconf 90' lang='lat' dir='ltr'>sed</span> <span class='ocrx_word' id='word_1_27' title='bbox 755 327 973 381; x_wconf 86' lang='lat' dir='ltr'>inceptum</span> <span class='ocrx_word' id='word_1_28' title='bbox 1019 326 1157 367; x_wconf 88' lang='lat' dir='ltr'>ullum</span> <span class='ocrx_word' id='word_1_29' title='bbox 1201 331 1454 369; x_wconf 77' lang='lat' dir='ltr'>conatumve</span> 
     </span>
     <span class='ocr_line' id='line_1_5' title="bbox 116 384 1455 439; baseline 0.001 -13"><span class='ocrx_word' id='word_1_30' title='bbox 116 388 265 426; x_wconf 87' lang='lat' dir='ltr'>contra</span> <span class='ocrx_word' id='word_1_31' title='bbox 295 385 481 438; x_wconf 86' lang='lat' dir='ltr'>patriam</span> <span class='ocrx_word' id='word_1_32' title='bbox 508 385 836 439; x_wconf 79' lang='lat' dir='ltr'>deprehendero,</span> <span class='ocrx_word' id='word_1_33' title='bbox 869 385 1026 425; x_wconf 89' lang='lat' dir='ltr'>sentiet</span> <span class='ocrx_word' id='word_1_34' title='bbox 1054 384 1100 425; x_wconf 88' lang='lat' dir='ltr'>in</span> <span class='ocrx_word' id='word_1_35' title='bbox 1125 385 1205 427; x_wconf 88' lang='lat' dir='ltr'>hac</span> <span class='ocrx_word' id='word_1_36' title='bbox 1230 386 1335 427; x_wconf 87' lang='lat' dir='ltr'>urbe</span> <span class='ocrx_word' id='word_1_37' title='bbox 1361 400 1455 428; x_wconf 88' lang='lat' dir='ltr'>esse</span> 
     </span>
     <span class='ocr_line' id='line_1_6' title="bbox 79 443 1454 499; baseline 0.001 -14"><span class='ocrx_word' id='word_1_38' title='bbox 79 444 312 486; x_wconf 85' lang='lat' dir='ltr'>5consules</span> <span class='ocrx_word' id='word_1_39' title='bbox 356 443 596 497; x_wconf 84' lang='lat' dir='ltr'>vigilantis,</span> <span class='ocrx_word' id='word_1_40' title='bbox 640 457 732 484; x_wconf 87' lang='lat' dir='ltr'>esse</span> <span class='ocrx_word' id='word_1_41' title='bbox 775 443 971 499; x_wconf 81' lang='lat' dir='ltr'>egregios</span> <span class='ocrx_word' id='word_1_42' title='bbox 1015 443 1315 498; x_wconf 81' lang='lat' dir='ltr'>magistratus,</span> <span class='ocrx_word' id='word_1_43' title='bbox 1363 459 1454 486; x_wconf 83' lang='lat' dir='ltr'>esse</span> 
     </span>
     <span class='ocr_line' id='line_1_7' title="bbox 115 501 1456 557; baseline 0.001 -14"><span class='ocrx_word' id='word_1_44' title='bbox 115 501 273 543; x_wconf 81' lang='lat' dir='ltr'>fortem</span> <span class='ocrx_word' id='word_1_45' title='bbox 306 505 514 556; x_wconf 85' lang='lat' dir='ltr'>senatum,</span> <span class='ocrx_word' id='word_1_46' title='bbox 546 515 637 543; x_wconf 87' lang='lat' dir='ltr'>esse</span> <span class='ocrx_word' id='word_1_47' title='bbox 670 516 801 554; x_wconf 82' lang='lat' dir='ltr'>arma,</span> <span class='ocrx_word' id='word_1_48' title='bbox 833 516 924 543; x_wconf 87' lang='lat' dir='ltr'>esse</span> <span class='ocrx_word' id='word_1_49' title='bbox 957 516 1180 557; x_wconf 74' lang='lat' dir='ltr'>carcerem,</span> <span class='ocrx_word' id='word_1_50' title='bbox 1214 517 1340 557; x_wconf 87' lang='lat' dir='ltr'>quem</span> <span class='ocrx_word' id='word_1_51' title='bbox 1366 503 1456 544; x_wconf 89' lang='lat' dir='ltr'>vin-</span> 
     </span>
     <span class='ocr_line' id='line_1_8' title="bbox 117 560 1453 603; baseline 0.001 -2"><span class='ocrx_word' id='word_1_52' title='bbox 117 560 250 601; x_wconf 86' lang='lat' dir='ltr'>dicem</span> <span class='ocrx_word' id='word_1_53' title='bbox 287 561 548 602; x_wconf 83' lang='lat' dir='ltr'>nefariorum</span> <span class='ocrx_word' id='word_1_54' title='bbox 585 575 633 602; x_wconf 88' lang='lat' dir='ltr'>ac</span> <span class='ocrx_word' id='word_1_55' title='bbox 671 560 998 602; x_wconf 85' lang='lat' dir='ltr'>manifestorum</span> <span class='ocrx_word' id='word_1_56' title='bbox 1031 561 1236 602; x_wconf 88' lang='lat' dir='ltr'>scelerum</span> <span class='ocrx_word' id='word_1_57' title='bbox 1268 561 1453 603; x_wconf 75' lang='lat' dir='ltr'>maiores</span> 
     </span>
     <span class='ocr_line' id='line_1_9' title="bbox 115 619 648 661; baseline 0 -1"><span class='ocrx_word' id='word_1_58' title='bbox 115 621 253 660; x_wconf 86' lang='lat' dir='ltr'>nostri</span> <span class='ocrx_word' id='word_1_59' title='bbox 286 633 378 661; x_wconf 90' lang='lat' dir='ltr'>esse</span> <span class='ocrx_word' id='word_1_60' title='bbox 411 619 648 660; x_wconf 85' lang='lat' dir='ltr'>voluerunt.</span> 
     </span>
    </p>
   </div>
   <div class='ocr_carea' id='block_1_3' title="bbox 204 672 1525 733">
    <p class='ocr_par' dir='ltr' id='par_1_3' title="bbox 204 672 1525 733">
     <span class='ocr_line' id='line_1_10' title="bbox 204 672 1525 733; baseline 0.002 -14"><span class='ocrx_word' id='word_1_61' title='bbox 204 679 348 732; x_wconf 88' lang='lat' dir='ltr'>Atque</span> <span class='ocrx_word' id='word_1_62' title='bbox 367 678 471 720; x_wconf 85' lang='lat' dir='ltr'>haec</span> <span class='ocrx_word' id='word_1_63' title='bbox 491 678 634 719; x_wconf 84' lang='lat' dir='ltr'>omnia</span> <span class='ocrx_word' id='word_1_64' title='bbox 654 678 713 719; x_wconf 87' lang='lat' dir='ltr'>sic</span> <span class='ocrx_word' id='word_1_65' title='bbox 734 680 928 733; x_wconf 80' lang='lat' dir='ltr'>agentur,</span> <span class='ocrx_word' id='word_1_66' title='bbox 948 677 1148 732; x_wconf 75' lang='lat' dir='ltr'>Quirites,</span> <span class='ocrx_word' id='word_1_67' title='bbox 1167 681 1216 720; x_wconf 87' lang='lat' dir='ltr'>ut</span> <span class='ocrx_word' id='word_1_68' title='bbox 1230 693 1454 722; x_wconf 78' lang='lat' dir='ltr'>maxumae.</span> <span class='ocrx_word' id='word_1_69' title='bbox 1471 672 1525 713; x_wconf 84' lang='lat'>13</span> 
     </span>
    </p>
   </div>
   <div class='ocr_carea' id='block_1_4' title="bbox 64 737 1457 1378">
    <p class='ocr_par' dir='ltr' id='par_1_4' title="bbox 64 737 1456 1027">
     <span class='ocr_line' id='line_1_11' title="bbox 64 737 1454 793; baseline 0.001 -15"><span class='ocrx_word' id='word_1_70' title='bbox 64 755 96 779; x_wconf 89' lang='lat'>10</span> <span class='ocrx_word' id='word_1_71' title='bbox 116 751 183 778; x_wconf 88' lang='lat' dir='ltr'>res</span> <span class='ocrx_word' id='word_1_72' title='bbox 232 737 408 778; x_wconf 87' lang='lat' dir='ltr'>minimo</span> <span class='ocrx_word' id='word_1_73' title='bbox 458 740 596 791; x_wconf 89' lang='lat' dir='ltr'>motu,</span> <span class='ocrx_word' id='word_1_74' title='bbox 643 737 835 792; x_wconf 86' lang='lat' dir='ltr'>pericula</span> <span class='ocrx_word' id='word_1_75' title='bbox 879 751 1043 778; x_wconf 84' lang='lat' dir='ltr'>summa</span> <span class='ocrx_word' id='word_1_76' title='bbox 1086 737 1206 778; x_wconf 90' lang='lat' dir='ltr'>nullo</span> <span class='ocrx_word' id='word_1_77' title='bbox 1253 739 1454 793; x_wconf 83' lang='lat' dir='ltr'>tumultu,</span> 
     </span>
     <span class='ocr_line' id='line_1_12' title="bbox 115 795 1453 850; baseline 0.001 -13"><span class='ocrx_word' id='word_1_78' title='bbox 115 795 278 837; x_wconf 89' lang='lat' dir='ltr'>bellum</span> <span class='ocrx_word' id='word_1_79' title='bbox 309 795 560 836; x_wconf 85' lang='lat' dir='ltr'>intestinum</span> <span class='ocrx_word' id='word_1_80' title='bbox 592 810 641 837; x_wconf 88' lang='lat' dir='ltr'>ac</span> <span class='ocrx_word' id='word_1_81' title='bbox 673 795 953 837; x_wconf 86' lang='lat' dir='ltr'>domesticum</span> <span class='ocrx_word' id='word_1_82' title='bbox 985 798 1086 850; x_wconf 86' lang='lat' dir='ltr'>post</span> <span class='ocrx_word' id='word_1_83' title='bbox 1117 795 1339 837; x_wconf 89' lang='lat' dir='ltr'>hominum</span> <span class='ocrx_word' id='word_1_84' title='bbox 1371 811 1453 838; x_wconf 88' lang='lat' dir='ltr'>me-</span> 
     </span>
     <span class='ocr_line' id='line_1_13' title="bbox 117 853 1454 910; baseline 0.001 -15"><span class='ocrx_word' id='word_1_85' title='bbox 117 855 298 895; x_wconf 85' lang='lat' dir='ltr'>moriam</span> <span class='ocrx_word' id='word_1_86' title='bbox 343 853 682 895; x_wconf 80' lang='lat' dir='ltr'>crudelissimum</span> <span class='ocrx_word' id='word_1_87' title='bbox 723 857 766 895; x_wconf 92' lang='lat' dir='ltr'>et</span> <span class='ocrx_word' id='word_1_88' title='bbox 803 855 1038 895; x_wconf 81' lang='lat' dir='ltr'>maximum</span> <span class='ocrx_word' id='word_1_89' title='bbox 1076 868 1143 895; x_wconf 91' lang='lat' dir='ltr'>me</span> <span class='ocrx_word' id='word_1_90' title='bbox 1181 869 1265 896; x_wconf 90' lang='lat' dir='ltr'>uno</span> <span class='ocrx_word' id='word_1_91' title='bbox 1302 857 1454 910; x_wconf 81' lang='lat' dir='ltr'>togato</span> 
     </span>
     <span class='ocr_line' id='line_1_14' title="bbox 116 912 1456 968; baseline 0.002 -15"><span class='ocrx_word' id='word_1_92' title='bbox 116 913 220 953; x_wconf 89' lang='lat' dir='ltr'>duce</span> <span class='ocrx_word' id='word_1_93' title='bbox 241 915 283 953; x_wconf 91' lang='lat' dir='ltr'>et</span> <span class='ocrx_word' id='word_1_94' title='bbox 302 912 559 967; x_wconf 74' lang='lat' dir='ltr'>imperatore</span> <span class='ocrx_word' id='word_1_95' title='bbox 580 913 761 954; x_wconf 87' lang='lat' dir='ltr'>sedetur.</span> <span class='ocrx_word' id='word_1_96' title='bbox 809 912 930 961; x_wconf 88' lang='lat' dir='ltr'>Quod</span> <span class='ocrx_word' id='word_1_97' title='bbox 950 926 1030 968; x_wconf 81' lang='lat' dir='ltr'>ego</span> <span class='ocrx_word' id='word_1_98' title='bbox 1051 913 1112 954; x_wconf 89' lang='lat' dir='ltr'>sic</span> <span class='ocrx_word' id='word_1_99' title='bbox 1132 913 1456 968; x_wconf 75' lang='lat' dir='ltr'>administrabo,</span> 
     </span>
     <span class='ocr_line' id='line_1_15' title="bbox 117 970 1453 1027; baseline 0.001 -16"><span class='ocrx_word' id='word_1_100' title='bbox 117 970 324 1026; x_wconf 76' lang='lat' dir='ltr'>Quirites,</span> <span class='ocrx_word' id='word_1_101' title='bbox 361 975 424 1025; x_wconf 90' lang='lat' dir='ltr'>ut,</span> <span class='ocrx_word' id='word_1_102' title='bbox 463 971 498 1012; x_wconf 90' lang='lat' dir='ltr'>si</span> <span class='ocrx_word' id='word_1_103' title='bbox 535 972 625 1013; x_wconf 91' lang='lat' dir='ltr'>ullo</span> <span class='ocrx_word' id='word_1_104' title='bbox 663 972 789 1014; x_wconf 87' lang='lat' dir='ltr'>modo</span> <span class='ocrx_word' id='word_1_105' title='bbox 828 972 920 1012; x_wconf 87' lang='lat' dir='ltr'>fieri</span> <span class='ocrx_word' id='word_1_106' title='bbox 952 971 1127 1026; x_wconf 87' lang='lat' dir='ltr'>poterit,</span> <span class='ocrx_word' id='word_1_107' title='bbox 1164 986 1218 1013; x_wconf 89' lang='lat' dir='ltr'>ne</span> <span class='ocrx_word' id='word_1_108' title='bbox 1249 973 1453 1027; x_wconf 85' lang='lat' dir='ltr'>inprobus</span> 
     </span>
    </p>

    <p class='ocr_par' dir='ltr' id='par_1_5' title="bbox 64 1030 1457 1320">
     <span class='ocr_line' id='line_1_16' title="bbox 64 1030 1455 1085; baseline 0.001 -14"><span class='ocrx_word' id='word_1_109' title='bbox 64 1047 96 1072; x_wconf 88' lang='lat'>15</span> <span class='ocrx_word' id='word_1_110' title='bbox 118 1030 288 1084; x_wconf 88' lang='lat' dir='ltr'>quidem</span> <span class='ocrx_word' id='word_1_111' title='bbox 336 1030 561 1085; x_wconf 88' lang='lat' dir='ltr'>quisquam</span> <span class='ocrx_word' id='word_1_112' title='bbox 600 1032 646 1072; x_wconf 91' lang='lat' dir='ltr'>in</span> <span class='ocrx_word' id='word_1_113' title='bbox 685 1031 766 1072; x_wconf 87' lang='lat' dir='ltr'>hac</span> <span class='ocrx_word' id='word_1_114' title='bbox 804 1031 908 1071; x_wconf 84' lang='lat' dir='ltr'>urbe</span> <span class='ocrx_word' id='word_1_115' title='bbox 951 1044 1134 1084; x_wconf 89' lang='lat' dir='ltr'>poenam</span> <span class='ocrx_word' id='word_1_116' title='bbox 1177 1031 1242 1071; x_wconf 86' lang='lat' dir='ltr'>sui</span> <span class='ocrx_word' id='word_1_117' title='bbox 1283 1031 1455 1072; x_wconf 85' lang='lat' dir='ltr'>sceleris</span> 
     </span>
     <span class='ocr_line' id='line_1_17' title="bbox 118 1088 1455 1144; baseline 0.001 -15"><span class='ocrx_word' id='word_1_118' title='bbox 118 1089 303 1130; x_wconf 84' lang='lat' dir='ltr'>sufferat.</span> <span class='ocrx_word' id='word_1_119' title='bbox 347 1088 428 1129; x_wconf 82' lang='lat' dir='ltr'>Sed</span> <span class='ocrx_word' id='word_1_120' title='bbox 460 1089 497 1130; x_wconf 89' lang='lat' dir='ltr'>si</span> <span class='ocrx_word' id='word_1_121' title='bbox 527 1091 591 1130; x_wconf 84' lang='lat' dir='ltr'>vis</span> <span class='ocrx_word' id='word_1_122' title='bbox 623 1089 876 1131; x_wconf 86' lang='lat' dir='ltr'>manifestae</span> <span class='ocrx_word' id='word_1_123' title='bbox 909 1089 1196 1141; x_wconf 79' lang='lat' dir='ltr'>audaciae‚·si</span> <span class='ocrx_word' id='word_1_124' title='bbox 1221 1089 1455 1144; x_wconf 85' lang='lat' dir='ltr'>inpendens</span> 
     </span>
     <span class='ocr_line' id='line_1_18' title="bbox 116 1147 1455 1202; baseline 0.001 -15"><span class='ocrx_word' id='word_1_125' title='bbox 116 1148 282 1201; x_wconf 84' lang='lat' dir='ltr'>patriae</span> <span class='ocrx_word' id='word_1_126' title='bbox 313 1147 550 1202; x_wconf 86' lang='lat' dir='ltr'>periculum</span> <span class='ocrx_word' id='word_1_127' title='bbox 576 1163 643 1189; x_wconf 87' lang='lat' dir='ltr'>me</span> <span class='ocrx_word' id='word_1_128' title='bbox 669 1148 910 1189; x_wconf 87' lang='lat' dir='ltr'>necessario</span> <span class='ocrx_word' id='word_1_129' title='bbox 937 1147 987 1188; x_wconf 90' lang='lat' dir='ltr'>de</span> <span class='ocrx_word' id='word_1_130' title='bbox 1013 1148 1093 1189; x_wconf 88' lang='lat' dir='ltr'>hac</span> <span class='ocrx_word' id='word_1_131' title='bbox 1119 1148 1251 1188; x_wconf 89' lang='lat' dir='ltr'>animi</span> <span class='ocrx_word' id='word_1_132' title='bbox 1277 1149 1455 1189; x_wconf 85' lang='lat' dir='ltr'>lenitate</span> 
     </span>
     <span class='ocr_line' id='line_1_19' title="bbox 117 1206 1457 1261; baseline 0.001 -15"><span class='ocrx_word' id='word_1_133' title='bbox 117 1206 356 1260; x_wconf 85' lang='lat' dir='ltr'>deduxerit,</span> <span class='ocrx_word' id='word_1_134' title='bbox 393 1206 499 1247; x_wconf 89' lang='lat' dir='ltr'>illud</span> <span class='ocrx_word' id='word_1_135' title='bbox 536 1207 729 1260; x_wconf 87' lang='lat' dir='ltr'>profecto</span> <span class='ocrx_word' id='word_1_136' title='bbox 766 1206 1002 1261; x_wconf 87' lang='lat' dir='ltr'>perficiam,</span> <span class='ocrx_word' id='word_1_137' title='bbox 1040 1206 1151 1260; x_wconf 89' lang='lat' dir='ltr'>quod</span> <span class='ocrx_word' id='word_1_138' title='bbox 1182 1206 1228 1247; x_wconf 92' lang='lat' dir='ltr'>in</span> <span class='ocrx_word' id='word_1_139' title='bbox 1259 1209 1381 1248; x_wconf 89' lang='lat' dir='ltr'>tanto</span> <span class='ocrx_word' id='word_1_140' title='bbox 1415 1212 1457 1248; x_wconf 90' lang='lat' dir='ltr'>et</span> 
     </span>
     <span class='ocr_line' id='line_1_20' title="bbox 116 1265 1456 1320; baseline 0 -14"><span class='ocrx_word' id='word_1_141' title='bbox 116 1267 207 1306; x_wconf 88' lang='lat' dir='ltr'>tam</span> <span class='ocrx_word' id='word_1_142' title='bbox 245 1265 449 1306; x_wconf 87' lang='lat' dir='ltr'>insidioso</span> <span class='ocrx_word' id='word_1_143' title='bbox 486 1265 602 1308; x_wconf 88' lang='lat' dir='ltr'>bello</span> <span class='ocrx_word' id='word_1_144' title='bbox 642 1266 711 1306; x_wconf 87' lang='lat' dir='ltr'>vix</span> <span class='ocrx_word' id='word_1_145' title='bbox 750 1265 985 1320; x_wconf 84' lang='lat' dir='ltr'>optandum</span> <span class='ocrx_word' id='word_1_146' title='bbox 1020 1265 1204 1318; x_wconf 84' lang='lat' dir='ltr'>videtur,</span> <span class='ocrx_word' id='word_1_147' title='bbox 1242 1268 1290 1306; x_wconf 91' lang='lat' dir='ltr'>ut</span> <span class='ocrx_word' id='word_1_148' title='bbox 1319 1279 1456 1320; x_wconf 86' lang='lat' dir='ltr'>neque</span> 
     </span>
    </p>

    <p class='ocr_par' dir='ltr' id='par_1_6' title="bbox 64 1323 1456 1378">
     <span class='ocr_line' id='line_1_21' title="bbox 64 1323 1456 1378; baseline 0.001 -14"><span class='ocrx_word' id='word_1_149' title='bbox 64 1339 99 1364; x_wconf 77' lang='lat'>20</span> <span class='ocrx_word' id='word_1_150' title='bbox 117 1323 255 1365; x_wconf 85' lang='lat' dir='ltr'>bonus</span> <span class='ocrx_word' id='word_1_151' title='bbox 312 1324 538 1378; x_wconf 85' lang='lat' dir='ltr'>quisquam</span> <span class='ocrx_word' id='word_1_152' title='bbox 591 1325 778 1366; x_wconf 88' lang='lat' dir='ltr'>intereat</span> <span class='ocrx_word' id='word_1_153' title='bbox 827 1337 1143 1378; x_wconf 86' lang='lat' dir='ltr'>paucorumque</span> <span class='ocrx_word' id='word_1_154' title='bbox 1192 1338 1331 1377; x_wconf 86' lang='lat' dir='ltr'>poena</span> <span class='ocrx_word' id='word_1_155' title='bbox 1379 1338 1456 1365; x_wconf 84' lang='lat' dir='ltr'>vos</span> 
     </span>
    </p>
   </div>
   <div class='ocr_carea' id='block_1_5' title="bbox 119 1381 1490 1437">
    <p class='ocr_par' dir='ltr' id='par_1_7' title="bbox 119 1381 1490 1437">
     <span class='ocr_line' id='line_1_22' title="bbox 119 1381 1490 1437; baseline -0.001 -13"><span class='ocrx_word' id='word_1_156' title='bbox 119 1395 266 1424; x_wconf 83' lang='lat' dir='ltr'>omnes</span> <span class='ocrx_word' id='word_1_157' title='bbox 305 1382 422 1423; x_wconf 85' lang='lat' dir='ltr'>salvi</span> <span class='ocrx_word' id='word_1_158' title='bbox 458 1396 549 1424; x_wconf 86' lang='lat' dir='ltr'>esse</span> <span class='ocrx_word' id='word_1_159' title='bbox 582 1384 771 1437; x_wconf 84' lang='lat' dir='ltr'>possitis.</span> <span class='ocrx_word' id='word_1_160' title='bbox 838 1381 954 1430; x_wconf 83' lang='lat' dir='ltr'>Quae</span> <span class='ocrx_word' id='word_1_161' title='bbox 994 1381 1162 1435; x_wconf 87' lang='lat' dir='ltr'>quidem</span> <span class='ocrx_word' id='word_1_162' title='bbox 1203 1395 1282 1436; x_wconf 81' lang='lat' dir='ltr'>ego</span> <span class='ocrx_word' id='word_1_163' title='bbox 1319 1396 1490 1436; x_wconf 41' lang='lat' dir='ltr'>neque*</span> 
     </span>
    </p>
   </div>
   <div class='ocr_carea' id='block_1_6' title="bbox 66 1439 1456 2079">
    <p class='ocr_par' dir='ltr' id='par_1_8' title="bbox 66 1439 1456 2079">
     <span class='ocr_line' id='line_1_23' title="bbox 117 1439 1456 1496; baseline 0 -15"><span class='ocrx_word' id='word_1_164' title='bbox 117 1454 212 1481; x_wconf 85' lang='lat' dir='ltr'>mea</span> <span class='ocrx_word' id='word_1_165' title='bbox 236 1439 461 1494; x_wconf 90' lang='lat' dir='ltr'>prudentia</span> <span class='ocrx_word' id='word_1_166' title='bbox 491 1456 626 1496; x_wconf 85' lang='lat' dir='ltr'>neque</span> <span class='ocrx_word' id='word_1_167' title='bbox 652 1440 849 1482; x_wconf 87' lang='lat' dir='ltr'>humanis</span> <span class='ocrx_word' id='word_1_168' title='bbox 875 1439 1065 1482; x_wconf 88' lang='lat' dir='ltr'>consiliis</span> <span class='ocrx_word' id='word_1_169' title='bbox 1088 1440 1223 1480; x_wconf 83' lang='lat' dir='ltr'>fretus</span> <span class='ocrx_word' id='word_1_170' title='bbox 1248 1440 1456 1494; x_wconf 83' lang='lat' dir='ltr'>polliceor</span> 
     </span>
     <span class='ocr_line' id='line_1_24' title="bbox 117 1498 1454 1552; baseline -0.001 -12"><span class='ocrx_word' id='word_1_171' title='bbox 117 1499 259 1552; x_wconf 82' lang='lat' dir='ltr'>vobis,</span> <span class='ocrx_word' id='word_1_172' title='bbox 297 1498 501 1552; x_wconf 80' lang='lat' dir='ltr'>Quirites,</span> <span class='ocrx_word' id='word_1_173' title='bbox 539 1501 610 1541; x_wconf 89' lang='lat' dir='ltr'>sed</span> <span class='ocrx_word' id='word_1_174' title='bbox 646 1499 792 1541; x_wconf 85' lang='lat' dir='ltr'>multis</span> <span class='ocrx_word' id='word_1_175' title='bbox 825 1501 867 1539; x_wconf 93' lang='lat' dir='ltr'>et</span> <span class='ocrx_word' id='word_1_176' title='bbox 898 1513 984 1540; x_wconf 90' lang='lat' dir='ltr'>non</span> <span class='ocrx_word' id='word_1_177' title='bbox 1016 1498 1156 1539; x_wconf 85' lang='lat' dir='ltr'>dubiis</span> <span class='ocrx_word' id='word_1_178' title='bbox 1189 1498 1364 1538; x_wconf 90' lang='lat' dir='ltr'>deorum</span> <span class='ocrx_word' id='word_1_179' title='bbox 1395 1500 1454 1539; x_wconf 80' lang='lat' dir='ltr'>in-</span> 
     </span>
     <span class='ocr_line' id='line_1_25' title="bbox 119 1556 1454 1611; baseline 0 -13"><span class='ocrx_word' id='word_1_180' title='bbox 119 1557 365 1598; x_wconf 84' lang='lat' dir='ltr'>mortalium</span> <span class='ocrx_word' id='word_1_181' title='bbox 385 1558 781 1611; x_wconf 81' lang='lat' dir='ltr'>significationibus,</span> <span class='ocrx_word' id='word_1_182' title='bbox 808 1557 961 1611; x_wconf 86' lang='lat' dir='ltr'>quibus</span> <span class='ocrx_word' id='word_1_183' title='bbox 983 1570 1060 1611; x_wconf 84' lang='lat' dir='ltr'>ego</span> <span class='ocrx_word' id='word_1_184' title='bbox 1082 1556 1260 1597; x_wconf 88' lang='lat' dir='ltr'>ducibus</span> <span class='ocrx_word' id='word_1_185' title='bbox 1279 1556 1326 1597; x_wconf 90' lang='lat' dir='ltr'>in</span> <span class='ocrx_word' id='word_1_186' title='bbox 1344 1557 1454 1598; x_wconf 88' lang='lat' dir='ltr'>hanc</span> 
     </span>
     <span class='ocr_line' id='line_1_26' title="bbox 66 1614 1455 1671; baseline 0 -14"><span class='ocrx_word' id='word_1_187' title='bbox 66 1632 100 1657; x_wconf 79' lang='lat'>‘25</span> <span class='ocrx_word' id='word_1_188' title='bbox 120 1630 239 1671; x_wconf 86' lang='lat' dir='ltr'>spem</span> <span class='ocrx_word' id='word_1_189' title='bbox 272 1616 608 1671; x_wconf 83' lang='lat' dir='ltr'>sententiamque</span> <span class='ocrx_word' id='word_1_190' title='bbox 642 1630 735 1658; x_wconf 84' lang='lat' dir='ltr'>sum</span> <span class='ocrx_word' id='word_1_191' title='bbox 766 1616 1004 1670; x_wconf 69' lang='lat' dir='ltr'>ingressus,</span> <span class='ocrx_word' id='word_1_192' title='bbox 1037 1615 1108 1669; x_wconf 88' lang='lat' dir='ltr'>qui</span> <span class='ocrx_word' id='word_1_193' title='bbox 1133 1614 1220 1655; x_wconf 88' lang='lat' dir='ltr'>iam</span> <span class='ocrx_word' id='word_1_194' title='bbox 1244 1629 1331 1656; x_wconf 91' lang='lat' dir='ltr'>non</span> <span class='ocrx_word' id='word_1_195' title='bbox 1356 1630 1455 1670; x_wconf 89' lang='lat' dir='ltr'>pro-</span> 
     </span>
     <span class='ocr_line' id='line_1_27' title="bbox 120 1673 1453 1729; baseline 0 -14"><span class='ocrx_word' id='word_1_196' title='bbox 120 1675 206 1729; x_wconf 91' lang='lat' dir='ltr'>cul,</span> <span class='ocrx_word' id='word_1_197' title='bbox 249 1677 298 1716; x_wconf 89' lang='lat' dir='ltr'>ut</span> <span class='ocrx_word' id='word_1_198' title='bbox 339 1675 552 1728; x_wconf 86' lang='lat' dir='ltr'>quondam</span> <span class='ocrx_word' id='word_1_199' title='bbox 595 1675 810 1728; x_wconf 85' lang='lat' dir='ltr'>solebant,</span> <span class='ocrx_word' id='word_1_200' title='bbox 855 1674 908 1715; x_wconf 90' lang='lat' dir='ltr'>ab</span> <span class='ocrx_word' id='word_1_201' title='bbox 955 1676 1128 1715; x_wconf 83' lang='lat' dir='ltr'>externo</span> <span class='ocrx_word' id='word_1_202' title='bbox 1166 1673 1288 1714; x_wconf 88' lang='lat' dir='ltr'>hoste</span> <span class='ocrx_word' id='word_1_203' title='bbox 1326 1680 1453 1728; x_wconf 86' lang='lat' dir='ltr'>atque</span> 
     </span>
     <span class='ocr_line' id='line_1_28' title="bbox 118 1732 1453 1789; baseline 0 -15"><span class='ocrx_word' id='word_1_204' title='bbox 118 1733 366 1789; x_wconf 82' lang='lat' dir='ltr'>longinquo,</span> <span class='ocrx_word' id='word_1_205' title='bbox 392 1733 464 1774; x_wconf 90' lang='lat' dir='ltr'>sed</span> <span class='ocrx_word' id='word_1_206' title='bbox 489 1734 559 1774; x_wconf 92' lang='lat' dir='ltr'>hic</span> <span class='ocrx_word' id='word_1_207' title='bbox 583 1735 830 1788; x_wconf 87' lang='lat' dir='ltr'>praesentes</span> <span class='ocrx_word' id='word_1_208' title='bbox 859 1747 934 1774; x_wconf 85' lang='lat' dir='ltr'>suo</span> <span class='ocrx_word' id='word_1_209' title='bbox 955 1732 1127 1773; x_wconf 88' lang='lat' dir='ltr'>numine</span> <span class='ocrx_word' id='word_1_210' title='bbox 1148 1734 1275 1786; x_wconf 90' lang='lat' dir='ltr'>atque</span> <span class='ocrx_word' id='word_1_211' title='bbox 1295 1733 1453 1774; x_wconf 82' lang='lat' dir='ltr'>auxilio</span> 
     </span>
     <span class='ocr_line' id='line_1_29' title="bbox 121 1789 1453 1846; baseline 0 -14"><span class='ocrx_word' id='word_1_212' title='bbox 121 1807 197 1833; x_wconf 87' lang='lat' dir='ltr'>sua</span> <span class='ocrx_word' id='word_1_213' title='bbox 234 1792 397 1846; x_wconf 80' lang='lat' dir='ltr'>templa</span> <span class='ocrx_word' id='word_1_214' title='bbox 432 1795 558 1845; x_wconf 89' lang='lat' dir='ltr'>atque</span> <span class='ocrx_word' id='word_1_215' title='bbox 595 1792 714 1832; x_wconf 88' lang='lat' dir='ltr'>urbis</span> <span class='ocrx_word' id='word_1_216' title='bbox 750 1794 863 1833; x_wconf 84' lang='lat' dir='ltr'>tecta</span> <span class='ocrx_word' id='word_1_217' title='bbox 900 1791 1141 1832; x_wconf 88' lang='lat' dir='ltr'>defendunt.</span> <span class='ocrx_word' id='word_1_218' title='bbox 1213 1789 1327 1838; x_wconf 90' lang='lat' dir='ltr'>Quos</span> <span class='ocrx_word' id='word_1_219' title='bbox 1365 1806 1453 1846; x_wconf 84' lang='lat' dir='ltr'>vos,</span> 
     </span>
     <span class='ocr_line' id='line_1_30' title="bbox 121 1849 1454 1904; baseline 0.001 -14"><span class='ocrx_word' id='word_1_220' title='bbox 121 1849 319 1903; x_wconf 87' lang='lat' dir='ltr'>Quirites,</span> <span class='ocrx_word' id='word_1_221' title='bbox 350 1851 526 1904; x_wconf 81' lang='lat' dir='ltr'>precari,</span> <span class='ocrx_word' id='word_1_222' title='bbox 557 1850 761 1903; x_wconf 82' lang='lat' dir='ltr'>venerari,</span> <span class='ocrx_word' id='word_1_223' title='bbox 785 1850 1013 1904; x_wconf 87' lang='lat' dir='ltr'>implorare</span> <span class='ocrx_word' id='word_1_224' title='bbox 1040 1849 1215 1904; x_wconf 81' lang='lat' dir='ltr'>debetiS,</span> <span class='ocrx_word' id='word_1_225' title='bbox 1239 1852 1300 1903; x_wconf 85' lang='lat' dir='ltr'>ut,</span> <span class='ocrx_word' id='word_1_226' title='bbox 1326 1865 1454 1904; x_wconf 87' lang='lat' dir='ltr'>quam</span> 
     </span>
     <span class='ocr_line' id='line_1_31' title="bbox 67 1908 1454 1963; baseline 0.001 -15"><span class='ocrx_word' id='word_1_227' title='bbox 67 1923 102 1948; x_wconf 85' lang='lat'>30</span> <span class='ocrx_word' id='word_1_228' title='bbox 120 1909 269 1949; x_wconf 88' lang='lat' dir='ltr'>urbem</span> <span class='ocrx_word' id='word_1_229' title='bbox 294 1909 622 1963; x_wconf 87' lang='lat' dir='ltr'>pulcherrimam</span> <span class='ocrx_word' id='word_1_230' title='bbox 646 1909 1077 1963; x_wconf 85' lang='lat' dir='ltr'>florentissimamque</span> <span class='ocrx_word' id='word_1_231' title='bbox 1103 1922 1194 1949; x_wconf 87' lang='lat' dir='ltr'>esse</span> <span class='ocrx_word' id='word_1_232' title='bbox 1215 1908 1454 1962; x_wconf 86' lang='lat' dir='ltr'>voluerunt,</span> 
     </span>
     <span class='ocr_line' id='line_1_32' title="bbox 121 1967 1452 2022; baseline 0 -15"><span class='ocrx_word' id='word_1_233' title='bbox 121 1967 231 2007; x_wconf 88' lang='lat' dir='ltr'>hanc</span> <span class='ocrx_word' id='word_1_234' title='bbox 262 1967 458 2009; x_wconf 81' lang='lat' dir='ltr'>omnibus</span> <span class='ocrx_word' id='word_1_235' title='bbox 489 1968 680 2009; x_wconf 88' lang='lat' dir='ltr'>hostium</span> <span class='ocrx_word' id='word_1_236' title='bbox 712 1968 844 2022; x_wconf 90' lang='lat' dir='ltr'>copiis</span> <span class='ocrx_word' id='word_1_237' title='bbox 876 1970 990 2008; x_wconf 86' lang='lat' dir='ltr'>terra</span> <span class='ocrx_word' id='word_1_238' title='bbox 1022 1967 1212 2022; x_wconf 85' lang='lat' dir='ltr'>marique</span> <span class='ocrx_word' id='word_1_239' title='bbox 1240 1968 1452 2022; x_wconf 87' lang='lat' dir='ltr'>superatis</span> 
     </span>
     <span class='ocr_line' id='line_1_33' title="bbox 123 2025 1453 2079; baseline 0 -13"><span class='ocrx_word' id='word_1_240' title='bbox 123 2039 147 2066; x_wconf 87' lang='lat' dir='ltr'>a</span> <span class='ocrx_word' id='word_1_241' title='bbox 187 2025 572 2079; x_wconf 86' lang='lat' dir='ltr'>perditissimorum</span> <span class='ocrx_word' id='word_1_242' title='bbox 616 2026 772 2068; x_wconf 89' lang='lat' dir='ltr'>civium</span> <span class='ocrx_word' id='word_1_243' title='bbox 809 2026 972 2067; x_wconf 82' lang='lat' dir='ltr'>nefario</span> <span class='ocrx_word' id='word_1_244' title='bbox 1014 2026 1172 2068; x_wconf 83' lang='lat' dir='ltr'>scelere</span> <span class='ocrx_word' id='word_1_245' title='bbox 1211 2025 1453 2067; x_wconf 82' lang='lat' dir='ltr'>defendant.</span> 
     </span>
    </p>
   </div>
   <div class='ocr_carea' id='block_1_7' title="bbox 195 2389 1241 2420">
    <p class='ocr_par' dir='ltr' id='par_1_9' title="bbox 195 2389 1241 2420">
     <span class='ocr_line' id='line_1_34' title="bbox 195 2389 1241 2420; baseline 0.004 -4"><span class='ocrx_word' id='word_1_246' title='bbox 195 2390 265 2418; x_wconf 79' lang='lat'><em>010.</em></span> <span class='ocrx_word' id='word_1_247' title='bbox 285 2391 323 2416; x_wconf 93' lang='lat'>11.</span> <span class='ocrx_word' id='word_1_248' title='bbox 350 2393 376 2418; x_wconf 74' lang='lat'>2.</span> <span class='ocrx_word' id='word_1_249' title='bbox 1200 2389 1241 2420; x_wconf 72' lang='lat'>18</span> 
     </span>
    </p>
   </div>
   <div class='ocr_carea' id='block_1_8' title="bbox 1480 725 1524 755">
    <p class='ocr_par' dir='ltr' id='par_1_10' title="bbox 1480 725 1524 755">
     <span class='ocr_line' id='line_1_35' title="bbox 1480 725 1524 755; baseline 0 0"><span class='ocrx_word' id='word_1_250' title='bbox 1480 725 1524 755; x_wconf 81' lang='lat'>28</span> 
     </span>
    </p>
   </div>
  </div>
 </body>
</html>
