1619 2542
499 110 778 146 ADNOTATIO
806 110 1006 146 CRITICA.
1291 110 1422 146 CXXV

84 205 222 241 Rueck.
248 217 282 250 p.
310 210 366 241 26.
400 226 441 230 ——
475 204 513 239 P.
540 209 678 240 477.17
705 205 858 240 Romam
889 205 1032 247 Garat„
1066 205 1203 240 Rueck.
1230 218 1265 250 p.
1292 210 1336 240 26
1358 217 1421 250 sq.,

87 253 227 289 Romae
252 255 370 297 (rome,
386 253 516 293 Roma)
543 252 662 295 codd„
688 252 783 287 Bait.
799 252 837 297 (†
850 253 1001 296 decess.),
1027 253 1111 287 inde
1125 252 1266 296 Lamb.,
1287 252 1420 296 Klotz,

85 299 199 344 Kays.
240 320 282 325 —
321 300 360 334 P.
393 304 471 334 477.
494 303 537 333 32
578 300 670 334 luem
707 298 869 343 Georges
907 299 1000 335 Phil.
1033 299 1172 333 XXXII
1208 312 1242 344 p.
1271 303 1338 334 540
1376 300 1421 336 cf.

86 360 121 391 p.
150 351 228 382 524.
250 351 310 390 24,
343 347 469 381 eluiem
500 346 577 381 cod.
605 346 660 382 ΡΙ.
700 367 742 371 -
782 346 821 381 P.
847 350 925 381 477.
942 351 986 381 36
1013 357 1091 389 sqq.
1119 346 1308 391 parabas?
1335 347 1423 382 Cum

86 414 132 420 —
151 414 197 420 ——
222 393 440 439 quaerebas?
467 392 554 428 Oum
578 414 624 418 —
642 414 689 419 ———
712 393 992 428 machinabare?
1019 393 1108 428 Cum
1131 413 1177 419 -—
1201 394 1423 439 reppulisti?

87 441 169 476 edd.
199 441 429 475 ‘Praestabit
460 439 653 483 fortasse’,
691 440 814 484 inquit
838 440 966 483 Wolf,
995 440 1133 475 ‘deleri
1171 439 1280 485 signa
1310 440 1421 475 inter-

87 487 326 533 rogationis',
359 488 493 521 assent.
526 486 664 521 Rueck.
690 499 725 531 p.
753 491 814 530 273
850 488 896 522 ad
933 499 968 531 p.
995 491 1050 522 40.
1065 492 1097 522 3.
1135 508 1178 513 —
1216 487 1254 521 P.
1282 492 1422 523 478.16

87 539 262 580 spectatos
294 533 337 568 H.
365 533 406 568 A.
433 533 547 569 Koch.
580 546 702 578 progr.
735 533 833 569 Port.
863 538 951 570 1868
983 546 1018 579 p.
1048 538 1107 577 13,
1131 539 1290 579 speratos
1316 534 1421 570 codd.

88 584 126 616 eb
151 581 252 625 edd,
273 582 436 627 perditos
459 580 587 615 Lahm.
613 581 707 616 Phil.
734 581 854 615 XXIII
879 594 914 625 p.
943 585 996 616 71.
1037 602 1079 606 —
1118 580 1155 615 Ρ.
1183 585 1262 616 478.
1278 586 1320 617 27
1343 594 1422 627 sqq.

85 628 185 672 fuit?
215 640 290 664 non
321 629 440 663 dicam
470 649 517 653 —
545 632 707 663 natura.-
737 629 825 673 quid
856 628 923 663 illa·
947 649 994 654 —
1017 628 1147 663 milia?
1190 630 1278 673 quid
1302 650 1348 654 ——
1371 641 1422 664 se-

84 675 226 711 natus?
257 676 344 720 quid
368 696 414 701 —-
440 675 555 710 boni?
587 675 685 718 edd,
720 675 767 709 ad
791 686 825 718 p.
853 679 978 710 22.10.
1011 695 1056 700 —
1088 675 1126 710 Ρ.
1153 680 1232 711 478.
1248 680 1292 710 36
1318 677 1422 711 Iudi-

85 722 265 758 ciumne?
293 723 412 757 Causa
436 727 510 758 tam
535 724 668 767 turpis
692 723 781 765 scil„
805 723 907 757 homo
933 733 1012 764 scr.,
1037 723 1224 758 Iudicium
1247 724 1289 757 in
1313 735 1424 759 eausa

85 775 159 805 tam
189 770 317 815 turpi?
353 770 429 805 scil.
460 770 561 804 homo
598 769 722 812 codd,
757 768 856 812 edd,
888 769 1107 804 Iudicium?
1138 771 1179 804 in
1209 781 1321 805 causa
1350 775 1425 806 tam

85 819 188 862 turpi
217 818 318 852 seiL:
351 828 402 851 an
433 818 465 851 is
494 817 596 851 homo
626 836 672 841 —
702 815 915 861 eoeplieare?
955 815 1096 859 Garat„
1129 816 1266 852 Rueck.
1299 829 1335 862 p.
1367 821 1423 861 27,

85 863 302 899 Iudicium?
332 865 374 898 in
404 874 514 898 causa
546 868 619 898 tam
649 865 750 908 turpi
781 864 877 907 seil.;
908 865 940 898 is
970 864 1104 898 scilicet
1132 864 1234 899 homo
1259 864 1422 909 Madvig.

85 911 177 946 Adv.
203 911 237 945 Π
262 922 297 955 p.
325 914 404 945 218.
444 931 486 935 —
524 910 562 945 P.
589 914 668 945 478.
686 915 727 944 37
755 912 818 955 qui
849 921 1021 945 causam
1046 910 1164 944 Klotz.
1198 931 1241 936 —
1278 911 1317 946 P.
1343 915 1423 947 479.

86 962 106 992 2
130 970 182 1002 sq.
204 962 386 1003 poteram,
417 959 521 992 cuius
545 978 591 983 -—
612 957 812 1002 probarit?
844 957 944 997 edd.;
983 957 1030 991 ad
1060 969 1096 1002 p.
1122 962 1272 994 377.31.
1323 958 1425 993 Idem

91 1005 188 1049 quod
214 1016 281 1039 nos
306 1005 453 1039 videtur
477 1004 639 1039 voluisse
665 1004 785 1038 Halm.
810 1004 909 1049 apud
928 1004 1065 1039 Rueck.
1080 1016 1115 1049 p.
1131 1009 1186 1039 27.
1215 1026 1257 1030 —-
1284 1005 1323 1041 P.
1344 1009 1423 1041 479.

87 1058 107 1087 3
133 1053 279 1088 absente
304 1051 427 1087 Madv.
453 1051 544 1086 Adv.
561 1051 595 1084 II
619 1063 654 1096 p.
670 1055 749 1094 218,
775 1051 880 1096 impr.
908 1051 1046 1086 Rueck.
1071 1064 1106 1096 p.
1133 1056 1188 1086 27.
1217 1073 1259 1077 —
1286 1052 1324 1087 Ρ.
1344 1056 1422 1087 479.

88 1104 110 1133 4
137 1110 255 1135 omnes
287 1098 371 1133 add.
398 1098 540 1141 Garat„
566 1098 610 1133 H.
636 1098 678 1132 A.
705 1097 821 1133 Koch.
848 1109 971 1143 progr.
998 1099 1097 1134 Pori.
1126 1102 1214 1133 1868
1247 1111 1281 1144 p.
1310 1104 1352 1134 13
1379 1099 1423 1134 cf.

88 1159 123 1191 p.
150 1151 229 1181 506.
247 1150 308 1187 25,
334 1145 471 1180 Rueck.
498 1158 532 1190 p.
559 1149 615 1180 27.
655 1166 697 1171 ——
736 1145 773 1180 P.
801 1150 916 1180 4799
941 1146 994 1180 At
1017 1157 1098 1181 vero
1124 1146 1246 1180 Madv.
1272 1146 1365 1182 Adv.
1392 1146 1425 1180 II

85 1206 120 1238 p.
147 1198 231 1236 2193
258 1192 305 1226 ad
330 1205 365 1237 p.
392 1197 446 1227 39.
463 1196 517 1227 21.
558 1213 599 1218 -
638 1192 678 1226 P.
704 1197 843 1228 479.10
869 1194 1120 1238 privilegium,
1147 1195 1338 1238 pertimui,
1369 1206 1425 1237 ne,

85 1242 173 1276 mihi
193 1241 376 1285 praesenti
397 1241 428 1274 si
452 1241 573 1285 irroy„
600 1239 671 1275 del.
697 1240 822 1283 multa,
848 1239 970 1276 Madv,
998 1240 1090 1275 Adv.
1111 1239 1148 1278 H,
1164 1252 1199 1285 p.
1220 1244 1299 1283 219,
1327 1241 1425 1284 quod

85 1287 201 1322 nolim
220 1288 299 1321 tam
318 1287 543 1322 confidenter
562 1286 757 1332 repudiare
772 1297 882 1331 quam
896 1287 1033 1322 Rueck.
1047 1299 1081 1331 p.
1098 1291 1154 1330 27,
1175 1287 1238 1331 qui
1252 1287 1297 1322 de
1311 1289 1426 1323 multa

92 1334 138 1369 cf.
163 1334 241 1368 Mil.
271 1339 325 1368 14.
340 1338 384 1368 36
409 1345 472 1375 m.;
503 1333 568 1368 sed
592 1346 624 1368 v.
653 1334 700 1368 ad
727 1333 793 1369 Off.
820 1338 984 1378 p.189.3
1012 1335 1067 1368 ed.
1086 1337 1185 1368 1882.
1215 1355 1257 1360 ——
1284 1334 1323 1369 P.
1344 1339 1423 1370 479.

91 1386 133 1416 16
159 1382 211 1417 At
240 1380 440 1416 Lehmann.
466 1380 589 1415 Herm.
619 1384 709 1415 1880
733 1393 768 1425 p.
795 1385 875 1415 355.
911 1401 951 1405 --
992 1380 1032 1415 P.
1059 1385 1196 1415 479.23
1219 1392 1298 1424 sqq.
1328 1382 1426 1426 Quid

85 1440 163 1464 mea
186 1449 232 1453 —
256 1427 466 1472 flectebant?
494 1428 591 1473 Quid
610 1440 808 1473 parvus—
821 1428 1012 1463 voluistis?
1040 1427 1137 1472 Quid
1161 1429 1278 1470 frater
1301 1429 1425 1464 meus?

88 1475 188 1517 edd.;
221 1475 269 1509 ad
293 1487 328 1519 p.
356 1478 482 1510 22.10.
509 1495 551 1500 —
578 1474 616 1509 P.
642 1479 721 1509 479.
736 1479 781 1509 34
806 1476 980 1520 εοεΡφΗοῖΜο
1006 1474 1103 1517 E1·.,n
1130 1474 1252 1509 Madv.
1279 1474 1371 1510 Adv.
1392 1475 1426 1509 Π

86 1534 122 1567 p.
149 1525 235 1565 219,
273 1532 439 1565 eoepromo
470 1521 577 1556 codd.
610 1523 648 1556 et
679 1522 778 1564 edd,
816 1521 954 1556 Rueck.
980 1532 1014 1565 p.
1042 1525 1098 1555 2.7
1138 1542 1180 1546 —
1219 1521 1258 1556 P.
1285 1526 1425 1558 480.15

86 1571 255 1604 i·nteinec.
293 1567 441 1610 Graev„
479 1567 586 1611 Bait„
623 1570 789 1603 τ”νιῐεφηία
825 1567 906 1611 Kay
910 1579 954 1602 s..
991 1567 1112 1602 Klotz.
1145 1572 1207 1612 (ad
1226 1579 1260 1612 p.
1282 1573 1337 1603 84.
1352 1570 1424 1613 36),

86 1616 293 1651 innociuom
323 1615 401 1648 cod.
427 1596 467 1656 P,
497 1616 707 1650 intestinum
739 1579 906 1648 GrMW.y
920 1635 963 1639 —
1001 1614 1038 1649 P.
1065 1618 1144 1649 480.
1166 1618 1211 1649 24
1245 1626 1297 1658 sq.
1322 1627 1423 1651 sena-

86 1668 146 1698 tus
175 1662 334 1697 consules
363 1662 538 1696 vocabant
563 1661 668 1696 codd.
684 1661 780 1704 PW,
812 1666 958 1697 senatus
984 1673 1022 1696 .c.
1047 1662 1219 1697 volabant
1243 1662 1290 1705 G,
1322 1673 1424 1698 sena-

86 1709 310 1745 tusconsulta
338 1709 508 1744 volabaut
532 1707 588 1750 M,
617 1708 788 1744 Senatum
821 1709 980 1744 consules
1009 1709 1185 1744 vocabant
1209 1719 1302 1744 rece.
1328 1709 1423 1753 edd„

86 1761 250 1792 senatum
290 1756 451 1790 consules
496 1755 614 1800 luyere
655 1756 823 1790 vetabant
866 1755 1014 1798 Garat..
1061 1760 1224 1791 senatum
1266 1758 1425 1792 eonsules

87 1815 161 1839 non
199 1803 375 1838 vocabant
411 1801 626 1846 Naegelsb.,
669 1807 816 1837 sectores
851 1803 1071 1838 advolabant
1109 1803 1220 1846 Rau„
1266 1809 1425 1848 senatus,

87 1851 247 1885 consules
271 1850 437 1885 tacebant
460 1849 556 1893 Ieep.
581 1860 706 1893 progr.
726 1848 913 1884 Wolfenb.
943 1853 1030 1884 1862
1056 1862 1091 1894 p.
1107 1854 1138 1893 9,
1165 1861 1315 1886 sarraca
1340 1862 1421 1886 con-

86 1898 258 1932 volabant
293 1895 416 1931 Madv.
448 1896 564 1986 Adv.p
574 1897 607 1930 11
641 1907 677 1940 p.
704 1900 771 1930 219
799 1907 869 1939 sq„
907 1896 1078 1932 Cenatum
1120 1908 1204 1932 coss.
1247 1899 1424 1934 vocabant

87 1943 208 1978 Halm.
242 1943 341 1987 apud
372 1942 508 1977 Rueck
601 1947 656 1978 2.8
691 1964 729 1967 —
778 1942 816 1977 P.
843 1947 922 1978 481.
940 1947 982 1978 10
1020 1948 1097 1980 erat
1134 1943 1251 1988 vulg,
1291 1944 1421 1987 Klotz„

87 1992 215 2034 fuisset
237 1989 400 2024 famosus
426 1989 490 2024 ille
525 1989 604 2024 cod.
631 1990 696 2033 Lg.
724 1994 760 2033 9,
793 1989 905 2033 Bait„
937 1989 1065 2034 Kajs„
1092 2001 1163 2025 om.
1189 1991 1287 2025 mell.
1315 1991 1420 2027 codd.

88 2057 133 2063 —
164 2037 202 2071 P.
228 2040 307 2072 481.
325 2040 366 2071 18
392 2037 592 2072 ἀαόῑᾛεαφετη
624 2036 775 2079 (inicere
805 2047 864 2070 me
893 2037 933 2071 in
964 2037 1105 2071 medios
1131 2037 1270 2080 hostes)
1296 2037 1315 2072 ?
1341 2038 1422 2073 Hoc

87 2085 230 2119 meliore
261 2084 362 2119 cond.
395 2095 511 2118 essem
542 2083 664 2118 Madv.
690 2084 780 2118 Adv.
808 2083 945 2119 11220.
995 2083 1089 2118 Mihi
1119 2095 1187 2118 nec
1220 2086 1422 2119 dubitarem

89 2131 232 2166 meliore
262 2131 364 2165 cond.
390 2141 460 2165 esse
489 2131 741 2174 ‘perversum'
771 2130 919 2164 videtur
947 2141 1016 2165 nec
1036 2142 1106 2176 pro
1131 2143 1168 2166 re
1192 2143 1231 2176 p.
1258 2142 1328 2166 esse
1352 2143 1420 2166 me-

89 2178 176 2212 liore
206 2178 423 2213 condicione.
457 2176 578 2213 Halm.
611 2178 709 2221 apud
739 2176 876 2211 Rueck.
907 2190 942 2222 p.
969 2181 1014 2213 28
1045 2179 1248 2213 dubitarem
1278 2189 1331 2212 me
1362 2179 1420 2213 cle-

87 2235 227 2267 vovere,
259 2225 322 2269 qui
350 2224 416 2259 hoc
439 2225 516 2259 mel.
543 2225 644 2259 cond.
670 2235 776 2259 essem
801 2234 917 2268 aeque
943 2235 1130 2269 supervac.
1159 2246 1200 2250 —
1227 2224 1266 2259 P.
1282 2228 1361 2259 481.
1376 2229 1420 2259 20

85 2269 305 2315 potuissem?
346 2270 484 2313 Klotz„
528 2270 658 2314 Kays.,
692 2272 898 2316 potuissem.
929 2271 1044 2313 Bait.;
1083 2271 1130 2305 ad
1161 2283 1195 2315 p.
1227 2275 1282 2305 40.
1305 2275 1336 2305 3.
1377 2292 1420 2297 —-

87 2317 127 2352 P.
148 2321 227 2353 481.
242 2321 286 2353 25
307 2327 359 2361 sq.
383 2317 480 2363 Quid
504 2318 649 2364 ayeres?
673 2328 747 2353 non
772 2322 861 2362 erat,
884 2322 937 2362 ut,
962 2320 1025 2363 qui
1043 2319 1132 2353 milii
1150 2319 1267 2353 socius
1287 2319 1421 2355 laboris
