1687 2533
206 1848 246 1878 16

227 2248 249 2288 7

262 100 348 141 452
393 99 568 135 ORATIO
594 99 712 135 POST
737 97 959 133 REDITUM
984 96 1049 132 AD
1077 97 1299 139 QUIRITES
1324 97 1516 133 HABITA.

264 211 358 238 eam
390 211 479 237 rem
505 195 722 250 publicam
746 194 972 246 habuistis,
1003 196 1051 235 ut
1078 208 1209 248 aeque
1235 208 1301 235 me
1327 196 1455 248 atque
1479 194 1600 235 illam

263 254 572 296 restituendam
611 253 834 308 putaretis.
895 252 990 308 Ego
1029 255 1188 306 autem,
1225 252 1271 293 in
1308 267 1390 306 qua
1427 253 1601 294 civitate

263 314 373 355 nihil
411 315 574 355 valeret
620 315 809 366 senatus,
854 311 991 352 omnis
1037 313 1149 352 esset
1187 311 1439 365 impunitas,
1481 312 1602 352 nulla

264 373 439 426 iudicia,
471 372 535 414 vis
569 374 610 413 et
641 371 798 412 ferrum
833 370 878 411 in
907 369 1002 411 foro
1034 372 1289 424 versaretur,
1321 385 1415 411 cum
1445 370 1603 425 privati

264 432 478 486 parietum
517 445 561 472 se
598 429 831 484 praesidio,
867 443 955 470 non
986 429 1132 483 legum
1163 431 1402 483 tuerentur,
1439 429 1602 470 tribuni

265 491 322 545 pl.
354 491 476 531 vobis
520 489 862 543 inspectantibus
901 487 1242 540 vulnerarentur,
1287 487 1341 528 ad
1377 488 1603 542 magistra-

264 552 387 590 tuum
431 549 580 589 domos
625 562 720 588 cum
763 547 875 587 ferro
920 549 962 587 et
1003 546 1168 587 facibus
1212 546 1365 600 iretur,
1415 547 1602 588 consulis

264 607 402 648 fasces
440 607 758 662 frangerentur,
797 606 972 646 deorum
1011 605 1321 645 immortalium
1352 605 1512 659 templa
1541 605 1603 646 in-

266 666 557 719 cenderentur,
583 679 673 706 rem
699 664 917 718 publicam
944 678 1035 705 esse
1059 663 1223 704 nullam
1250 664 1410 718 putavi.
1453 663 1604 718 Itaque

265 739 402 779 neque
433 739 478 765 re
510 723 682 778 publica
714 723 996 764 exterminata
1026 722 1133 763 mihi
1159 722 1301 763 locum
1326 722 1371 763 in
1395 722 1476 763 hac
1501 723 1604 764 urbe

267 798 358 824 esse
392 783 491 824 duxi
522 798 618 836 nec,
652 782 688 823 si
718 782 795 822 illa
826 781 1135 833 restitueretur,
1169 781 1372 835 dubitavi,
1404 781 1506 835 quin
1538 796 1604 822 me

268 857 410 884 secum
447 842 543 896 ipsa
580 841 809 882 reduceret.
871 839 941 880 An
977 854 1074 895 ego,
1113 854 1207 880 cum
1247 840 1353 880 milii
1395 842 1507 881 esset
1537 854 1605 881 ex-

266 901 607 955 ploratissimum
644 899 689 940 P.
727 899 957 940 Lentulum
1001 898 1196 953 proximo
1242 913 1351 940 anno
1390 899 1605 940 consulem

266 960 478 1013 futurum,
524 959 595 1013 qui
633 958 720 998 illis
758 957 863 1012 ipsis
902 957 962 998 rei
998 957 1193 1012 publicae
1231 957 1604 1011 periculosissimis

267 1018 530 1072 temporibus
558 1017 708 1058 aedilis
735 1016 891 1058 curulis
922 1030 987 1056 me
1009 1016 1181 1057 consule
1203 1016 1392 1057 omnium
1413 1030 1605 1057 meorum

268 1076 543 1118 consiliorum
586 1075 801 1129 particeps
844 1074 1214 1129 periculorumque
1259 1075 1398 1116 socius
1442 1074 1606 1128 fuisset,

269 1136 531 1188 dubitarem,
563 1134 664 1188 quin
696 1134 732 1174 is
765 1147 832 1174 me
865 1132 1103 1174 confectum
1136 1133 1430 1174 consularibus
1463 1133 1605 1174 vulne-

268 1195 386 1235 ribus
421 1192 637 1234 consulari
670 1191 877 1233 medicina
909 1191 962 1232 ad
995 1192 1177 1232 salutem
1210 1191 1457 1233 reduceret?
1513 1191 1605 1234 Hoc

269 1253 385 1307 duce,
417 1252 580 1306 collega
613 1253 754 1291 autem
788 1251 889 1304 eius,
921 1250 1251 1291 clementissimo
1285 1254 1412 1305 atque
1442 1251 1605 1304 optimo

268 1311 374 1364 viro,
406 1310 544 1365 primo
570 1324 657 1350 non
682 1309 947 1363 adversante,
978 1311 1078 1364 post
1104 1309 1232 1349 etiam
1259 1309 1485 1350 adiuvante
1512 1310 1605 1350 reli-

270 1369 342 1424 qui
368 1369 647 1424 magistratus
674 1382 808 1422 paene
829 1382 975 1409 omnes
994 1367 1169 1408 fuerunt
1188 1367 1431 1409 defensores
1454 1368 1605 1409 salutis

270 1443 405 1482 meae,
439 1442 489 1468 ex
522 1427 674 1481 quibus
700 1426 926 1467 excellenti
951 1426 1106 1479 animo,
1136 1426 1307 1480 virtute,
1340 1426 1607 1478 auctoritate,

269 1486 496 1541 praesidio,
528 1485 662 1540 copiis
694 1485 741 1526 T.
761 1484 928 1526 Annius
961 1488 1003 1526 et
1034 1484 1079 1526 P.
1100 1483 1263 1526 Sestius
1295 1485 1532 1539 praestanti
1563 1487 1607 1526 in

271 1561 338 1586 me
370 1544 660 1586 benivolentia
692 1546 734 1584 et
760 1544 900 1585 divino
928 1543 1067 1585 studio
1096 1544 1346 1598 extiterunt3
1377 1544 1607 1598 eodemque

270 1604 316 1645 P.
349 1604 527 1645 Lentulo
572 1605 746 1644 auctore
791 1605 833 1643 et
876 1602 1038 1657 pariter
1074 1601 1283 1643 referente
1322 1603 1487 1658 collega
1523 1602 1607 1644 fre-

273 1662 576 1717 quentissimus
627 1663 799 1702 senatus
844 1675 926 1702 uno
972 1661 1267 1714 dissentiente,
1315 1661 1435 1702 nullo
1479 1661 1604 1702 inter-

272 1721 446 1762 cedente
485 1720 741 1775 dignitatem
773 1734 930 1773 meam,
968 1719 1121 1773 quibus
1153 1719 1311 1773 potuit,
1348 1719 1490 1761 verbis
1523 1734 1608 1760 am-

273 1779 480 1834 plissimis
513 1779 700 1831 ornavit,
741 1779 921 1820 salutem
952 1778 1092 1831 vobis,
1128 1778 1388 1833 municipiis,
1428 1778 1607 1820 coloniis

274 1838 471 1879 omnibus
510 1837 833 1878 commendavit.
895 1836 962 1878 Ita
999 1851 1066 1877 me
1097 1837 1257 1878 nudum
1291 1851 1314 1877 a
1345 1836 1608 1891 propinquis,

273 1896 395 1937 nulla
426 1896 680 1950 cognatione
707 1896 917 1936 munitum
943 1896 1150 1949 consules,
1182 1897 1414 1949 praetoreS,
1446 1895 1608 1936 tribuni

274 1956 349 2009 pl.,
382 1956 571 2007 senatus,
608 1954 736 1995 Italia
773 1957 924 1995 cuncta
961 1968 1127 2008 semper
1165 1968 1190 1994 a
1227 1953 1348 1994 vobis
1386 1953 1608 2008 deprecata

276 2016 358 2067 est,
408 2012 586 2066 denique
632 2027 796 2066 omnes,
840 2013 911 2066 qui
954 2012 1107 2053 vestris
1152 2012 1347 2053 maximis
1391 2011 1608 2053 beneficiis

275 2071 591 2124 honoribusque
633 2073 731 2111 sunt
764 2071 922 2125 ornati,
959 2070 1154 2124 producti
1187 2070 1239 2111 ad
1270 2085 1344 2112 vos
1378 2071 1430 2111 ab
1463 2070 1607 2112 eodem

276 2145 362 2171 non
404 2130 543 2170 solum
580 2128 632 2169 ad
671 2143 737 2169 me
776 2129 1112 2171 conservandum
1144 2143 1219 2170 vos
1253 2129 1467 2170 cohortati
1498 2131 1609 2183 sunt,

278 2189 351 2231 sed
389 2188 518 2229 etiam
555 2202 697 2228 rerum
736 2202 926 2228 mearum
964 2190 1182 2243 gestarum
1215 2190 1428 2241 auctores,
1465 2189 1609 2241 testes,

277 2247 519 2288 laudatores
556 2246 739 2286 fuerunt.
790 2245 978 2293 Quorum
1010 2246 1205 2300 princeps
1239 2246 1291 2287 ad
1323 2245 1607 2287 cohortandos

277 2320 353 2347 vos
393 2308 435 2346 et
473 2305 525 2346 ad
563 2304 777 2360 rogandos
814 2303 898 2345 fuit
931 2304 1004 2347 Cn.
1036 2303 1281 2359 Pompeius,
1312 2304 1377 2346 vir
1409 2304 1610 2354 omnium,

1625 734 1657 758 10

1626 1027 1657 1052 15

1626 1321 1659 1346 20

1627 1613 1659 1639 25

1628 1907 1662 1931 30

1628 2197 1660 2224 35
