1619 2542
547 64 646 100 CAP.
673 69 810 99 30-32
838 68 857 106 g
883 67 1033 99 82—87.
1377 62 1460 103 133

115 163 202 217 ille,
236 163 320 217 qui,
352 162 466 217 quod
499 162 630 203 stulte
663 161 789 202 alteri
820 160 938 202 venit
961 159 1005 200 in
1037 162 1237 213 mentem,
1270 173 1462 213 compro-

116 223 204 264 bat.
272 222 409 262 Istam
447 220 787 262 conciliationem
829 219 992 275 gratiae
1032 217 1230 260 Staienus
1268 220 1361 258 tum
1399 232 1462 258 re-

118 281 231 323 centi
269 295 332 333 re,
371 295 466 321 cum
496 279 692 321 faucibus
724 280 1006 333 premeretur,
1045 276 1322 332 excogitavit,
1361 276 1462 329 sive,

118 343 166 381 ut
197 339 392 381 homines
425 341 518 379 tum
548 338 846 392 loquebantur,
879 352 904 378 a
930 336 975 378 P.
996 335 1188 391 Cethego
1217 334 1461 376 admonitus

82 409 99 436 5
119 400 247 440 istam
276 398 391 439 dedit
418 397 731 438 conciliationis
759 396 925 451 gratiae
950 395 1155 436 fabulam.
1191 394 1306 436 Nam
1331 393 1463 435 fuisse

118 458 230 499 hunc
286 459 378 497 tum
433 456 656 497 hominum
713 469 950 495 sermonem
1006 453 1220 496 recordari
1270 453 1464 507 potestis,

121 516 370 570 Cethegum,
404 515 517 569 quod
548 514 769 555 hominem
796 514 957 555 odisset
984 516 1026 554 et
1052 513 1166 567 quod
1192 513 1282 553 eius
1308 512 1464 566 impro-

120 575 301 616 bitatem
340 574 503 615 versari
541 573 587 614 in
625 588 669 614 re
709 572 882 627 publica
912 572 1049 613 nollet
1082 574 1124 612 et
1157 571 1271 626 quod
1301 570 1466 612 videret

121 648 236 687 eum,
269 633 341 687 qui
373 647 417 674 se
450 632 503 673 ab
535 646 607 673 reo
639 631 875 686 pecuniam,
908 646 1003 672 cum
1035 630 1160 671 iudex
1192 632 1322 683 esset,
1354 630 1466 670 clam

71 703 102 727 10
122 695 249 746 atque
276 695 397 733 extra
423 691 613 732 ordinem
641 691 856 744 accepisse
892 689 1112 731 confessus
1140 691 1265 740 esset,
1297 688 1466 729 salvum

122 765 214 792 esse
245 765 332 792 non
362 765 501 805 posse,
532 750 672 790 minus
706 749 743 790 ei
775 749 899 789 fidele
932 748 1158 789 consilium
1190 747 1366 789 dedisse.
1415 746 1467 787 In

121 810 203 852 hoc
240 809 277 850 si
314 809 536 863 improbus
576 807 792 863 Cethegus
829 807 929 861 fuit,
970 807 1139 848 videtur
1178 806 1283 847 mihi
1322 806 1466 847 adver-

123 869 283 910 sarium
321 882 539 909 removere
571 867 777 920 voluisse,
817 866 883 907 sin
922 869 1014 907 erat
1051 866 1140 906 eius
1180 864 1295 906 modi
1329 879 1468 917 causa,

122 930 170 969 ut
203 926 401 968 Staienus
439 940 637 967 nummos
677 941 721 967 se
754 925 966 980 accepisse
998 939 1155 979 negare
1190 938 1277 965 non
1308 927 1467 978 posset,

73 997 103 1022 15
123 986 232 1028 nihil
271 989 413 1027 autem
452 988 545 1026 erat
582 984 863 1039 periculosius
900 998 978 1025 nec
1015 983 1184 1038 turpius
1224 998 1370 1036 quam,
1414 982 1467 1022 ad

126 1060 254 1099 quam
302 1059 393 1086 rem
441 1044 695 1099 accepisset,
741 1043 952 1096 confiteri,
998 1057 1085 1084 non
1136 1044 1201 1083 est
1241 1040 1468 1082 consilium

126 1103 308 1158 Cethegi
364 1103 771 1158 reprehendendum.
851 1101 1011 1142 Verum
1063 1101 1149 1142 alia
1198 1114 1327 1142 causa
1375 1102 1468 1140 tum

127 1162 290 1204 Staieni
321 1162 418 1215 fuit,
457 1161 543 1202 alia
581 1176 712 1215 1111116,
749 1160 872 1214 Α661,
909 1162 985 1201 tua
1025 1162 1101 1201 est.
1169 1158 1250 1200 Ille
1289 1173 1386 1199 cum
1423 1172 1469 1198 re

126 1224 406 1276 premeretur,
456 1220 750 1274 quodcumque
800 1220 977 1271 diceret,
1025 1218 1249 1260 honestius
1300 1217 1471 1269 diceret,

75 1290 108 1315 20
128 1295 256 1334 quam
295 1280 348 1333 si,
386 1279 499 1334 quod
537 1281 629 1320 erat
665 1278 846 1331 factum,
883 1277 1111 1332 fateretur,
1148 1279 1191 1318 te
1229 1291 1330 1317 vero
1362 1250 1471 1316 illud

128 1339 252 1392 idem,
285 1338 398 1392 quod
429 1341 521 1379 tum
554 1338 775 1392 explosum
808 1312 850 1378 et
883 1337 1064 1378 eiectum
1091 1337 1167 1390 est,
1199 1349 1310 1376 nunc
1336 1336 1469 1375 r-ettu

129 1398 231 1438 lisse
265 1397 462 1438 demiror.
513 1395 595 1444 Qui
629 1396 742 1437 enim
773 1397 945 1450 poterat
977 1397 1069 1435 tum
1101 1394 1145 1434 in
1171 1394 1355 1448 gratiam
1381 1393 1471 1433 red-

128 1456 191 1496 ire
229 1470 324 1496 cum
357 1454 590 1509 Oppianico
625 1453 866 1508 Cluentius,
904 1453 976 1508 qui
1014 1467 1111 1494 cum
1146 1452 1313 1493 matre?
1362 1450 1471 1491 Hae-

129 1514 253 1555 rebat
278 1514 323 1554 in
348 1513 509 1554 tabulis
536 1513 718 1567 publicis
745 1527 840 1553 reus
868 1515 910 1553 et
934 1513 1173 1564 accusator3
1200 1510 1471 1552 condemnati

78 1583 110 1608 25
132 1574 256 1614 erant
286 1571 488 1623 Fabricii3
526 1586 602 1612 nec
641 1571 751 1612 elabi
790 1571 874 1611 alio
914 1572 1160 1611 accusatore
1197 1571 1367 1623 poterat
1398 1567 1471 1608 Al-

132 1631 228 1672 bius
267 1645 345 1672 nec
377 1631 467 1671 sine
498 1629 738 1685 ignominia
764 1629 1001 1670 calumniae
1032 1628 1272 1682 relinquere
1305 1641 1472 1668 accusa-

132 1762 300 1802 quoque
351 1748 403 1789 ad
454 1746 809 1801 coriumpendum
858 1746 1062 1787 iudicium
1110 1745 1309 1800 peltinet.
1391 1743 1472 1785 Sed

134 1807 234 1872 quid
267 1821 374 1861 opus
407 1809 498 1848 erat
530 1806 581 1847 ad
616 1820 708 1847 eam
740 1819 831 1845 rem
862 1804 998 1845 iudice
1031 1803 1279 1858 sequestre?
1312 1806 1355 1845 et
1387 1818 1473 1844 om-

82 1876 115 1900 30
133 1866 234 1906 nino
269 1880 396 1920 quam
429 1865 484 1906 ob
516 1879 607 1905 rem
639 1866 732 1904 tota
763 1863 849 1904 ista
874 1877 942 1904 res
967 1877 1044 1917 per
1069 1861 1289 1904 Staienum
1315 1862 1474 1916 potius,

133 1924 350 1965 hominem
401 1924 454 1964 ab
504 1926 685 1977 utroque
736 1921 1062 1975 alienissimum,
1121 1921 1474 1973 smdidissimum,

134 1982 450 2037 turpissimum,
486 1996 613 2037 quam
645 1995 721 2035 per
752 1981 911 2022 bonum
944 1955 1129 2034 aliqiiem
1161 1980 1301 2020 virum
1333 1993 1474 2033 agere-

134 2044 204 2082 tur
237 2044 279 2082 et
311 2041 495 2082 amicum
526 2039 896 2093 necessariumque
923 2039 1219 2080 communem?
1264 2036 1345 2079 Sed
1375 2037 1475 2090 quid

136 2113 215 2154 ego
257 2100 361 2140 haec
397 2099 592 2165 pluribus
631 2098 754 2152 quasi
786 2098 836 2138 de
861 2112 906 2138 re
939 2097 1120 2139 obscura
1152 2097 1341 2151 disputo,
1380 2110 1475 2136 611111

83 2167 116 2193 35
135 2157 230 2212 ipsa
255 2159 444 2212 pecunia,
472 2172 580 2212 quae
602 2156 775 2198 Staieno
802 2156 901 2196 data
927 2158 1004 2210 est,
1029 2170 1206 2197 numero
1234 2169 1281 2195 ac
1307 2168 1475 2194 summa

136 2230 225 2269 sua,
256 2230 342 2257 non
374 2217 500 2257 modo
534 2218 696 2271 quanta
721 2214 863 2266 fuerit,
895 2214 969 2255 sed
994 2214 1122 2255 etiam
1150 2214 1203 2255 ad
1230 2227 1357 2266 quam
1385 2226 1475 2252 rem

1490 404 1533 436 85

1496 1108 1539 1139 85

132 1690 294 1731 tionem
340 1688 573 1730 Cluentius.
641 1688 711 1728 An
753 1690 801 1728 ut
843 1686 1241 1742 praevaricaretur?
1284 1701 1386 1727 nam
1429 1685 1473 1726 id
1487 1659 1543 1742 ἐξ

137 2273 279 2325 fuerit,
311 2274 537 2316 ostendat?
586 2273 777 2315 Sedecim
809 2273 901 2314 dico
933 2272 1104 2326 iudices,
1135 2275 1184 2313 ut
1216 2270 1474 2326 Oppianicus
1535 2292 1538 2293 ν
1571 2285 1579 2293 ·
