<?xml version="1.0" encoding="UTF-8"?>
<!DOCTYPE html PUBLIC "-//W3C//DTD XHTML 1.0 Transitional//EN"
    "http://www.w3.org/TR/xhtml1/DTD/xhtml1-transitional.dtd">
<html xmlns="http://www.w3.org/1999/xhtml" xml:lang="en" lang="en">
 <head>
  <title>
</title>
<meta http-equiv="Content-Type" content="text/html;charset=utf-8" />
  <meta name='ocr-system' content='tesseract 3.04.00' />
  <meta name='ocr-capabilities' content='ocr_page ocr_carea ocr_par ocr_line ocrx_word'/>
</head>
<body>
  <div class='ocr_page' id='page_1' title='image "./p2scriptaquaemanse02ciceuoft_0253.png"; bbox 0 0 1619 2542; ppageno 0'>
   <div class='ocr_carea' id='block_1_1' title="bbox 57 1477 91 1501">
    <p class='ocr_par' dir='ltr' id='par_1_1' title="bbox 57 1477 91 1501">
     <span class='ocr_line' id='line_1_1' title="bbox 57 1477 91 1501; baseline 0 0"><span class='ocrx_word' id='word_1_1' title='bbox 57 1477 91 1501; x_wconf 82' lang='lat'>10</span> 
     </span>
    </p>
   </div>
   <div class='ocr_carea' id='block_1_2' title="bbox 59 1770 91 1796">
    <p class='ocr_par' dir='ltr' id='par_1_2' title="bbox 59 1770 91 1796">
     <span class='ocr_line' id='line_1_2' title="bbox 59 1770 91 1796; baseline 0.063 -2"><span class='ocrx_word' id='word_1_2' title='bbox 59 1770 91 1796; x_wconf 87' lang='lat'>15</span> 
     </span>
    </p>
   </div>
   <div class='ocr_carea' id='block_1_3' title="bbox 58 2064 92 2089">
    <p class='ocr_par' dir='ltr' id='par_1_3' title="bbox 58 2064 92 2089">
     <span class='ocr_line' id='line_1_3' title="bbox 58 2064 92 2089; baseline 0 0"><span class='ocrx_word' id='word_1_3' title='bbox 58 2064 92 2089; x_wconf 81' lang='lat'>20</span> 
     </span>
    </p>
   </div>
   <div class='ocr_carea' id='block_1_4' title="bbox 596 80 1438 123">
    <p class='ocr_par' dir='ltr' id='par_1_4' title="bbox 596 80 1438 123">
     <span class='ocr_line' id='line_1_4' title="bbox 596 80 1438 123; baseline 0.01 -8"><span class='ocrx_word' id='word_1_4' title='bbox 596 80 698 116; x_wconf 85' lang='lat' dir='ltr'>CAP.</span> <span class='ocrx_word' id='word_1_5' title='bbox 728 85 745 115; x_wconf 93' lang='lat'>1</span> <span class='ocrx_word' id='word_1_6' title='bbox 773 86 791 123; x_wconf 59' lang='grc' dir='ltr'>ξ</span> <span class='ocrx_word' id='word_1_7' title='bbox 819 85 920 116; x_wconf 85' lang='grc'>1-3.</span> <span class='ocrx_word' id='word_1_8' title='bbox 1357 83 1438 123; x_wconf 88' lang='grc'>101</span> 
     </span>
    </p>
   </div>
   <div class='ocr_carea' id='block_1_5' title="bbox 101 174 1445 830">
    <p class='ocr_par' dir='ltr' id='par_1_5' title="bbox 101 174 1445 830">
     <span class='ocr_line' id='line_1_5' title="bbox 101 174 1442 221; baseline 0.001 -13"><span class='ocrx_word' id='word_1_9' title='bbox 101 174 240 219; x_wconf 84' lang='lat' dir='ltr'>plebis,</span> <span class='ocrx_word' id='word_1_10' title='bbox 268 174 332 218; x_wconf 88' lang='lat' dir='ltr'>qui</span> <span class='ocrx_word' id='word_1_11' title='bbox 358 174 602 220; x_wconf 79' lang='lat' dir='ltr'>Oppianicum</span> <span class='ocrx_word' id='word_1_12' title='bbox 628 174 860 219; x_wconf 83' lang='lat' dir='ltr'>defenderat,</span> <span class='ocrx_word' id='word_1_13' title='bbox 887 175 1082 210; x_wconf 86' lang='lat' dir='ltr'>concitatis</span> <span class='ocrx_word' id='word_1_14' title='bbox 1108 186 1226 221; x_wconf 85' lang='lat' dir='ltr'>paene</span> <span class='ocrx_word' id='word_1_15' title='bbox 1252 175 1442 211; x_wconf 88' lang='lat' dir='ltr'>cotidiano</span> 
     </span>
     <span class='ocr_line' id='line_1_6' title="bbox 103 221 1440 267; baseline 0.002 -12"><span class='ocrx_word' id='word_1_16' title='bbox 103 221 340 256; x_wconf 82' lang='lat' dir='ltr'>contionibus</span> <span class='ocrx_word' id='word_1_17' title='bbox 377 232 455 256; x_wconf 87' lang='lat' dir='ltr'>rem</span> <span class='ocrx_word' id='word_1_18' title='bbox 492 221 532 256; x_wconf 91' lang='lat' dir='ltr'>in</span> <span class='ocrx_word' id='word_1_19' title='bbox 565 222 745 257; x_wconf 86' lang='lat' dir='ltr'>invidiam</span> <span class='ocrx_word' id='word_1_20' title='bbox 780 222 950 266; x_wconf 84' lang='lat' dir='ltr'>adduxit,</span> <span class='ocrx_word' id='word_1_21' title='bbox 986 224 1027 257; x_wconf 90' lang='lat' dir='ltr'>ut</span> <span class='ocrx_word' id='word_1_22' title='bbox 1065 234 1110 257; x_wconf 87' lang='lat' dir='ltr'>ea</span> <span class='ocrx_word' id='word_1_23' title='bbox 1135 223 1292 267; x_wconf 87' lang='lat' dir='ltr'>pecunia</span> <span class='ocrx_word' id='word_1_24' title='bbox 1320 224 1366 257; x_wconf 85' lang='lat' dir='ltr'>ab</span> <span class='ocrx_word' id='word_1_25' title='bbox 1398 224 1440 259; x_wconf 86' lang='lat' dir='ltr'>A.</span> 
     </span>
     <span class='ocr_line' id='line_1_7' title="bbox 104 268 1443 315; baseline 0.001 -12"><span class='ocrx_word' id='word_1_26' title='bbox 104 268 275 304; x_wconf 89' lang='lat' dir='ltr'>Cluentio</span> <span class='ocrx_word' id='word_1_27' title='bbox 308 269 454 303; x_wconf 84' lang='lat' dir='ltr'>venisse</span> <span class='ocrx_word' id='word_1_28' title='bbox 485 269 684 304; x_wconf 85' lang='lat' dir='ltr'>videretur.</span> <span class='ocrx_word' id='word_1_29' title='bbox 736 268 993 313; x_wconf 86' lang='lat' dir='ltr'>Quinquennio</span> <span class='ocrx_word' id='word_1_30' title='bbox 1026 272 1113 315; x_wconf 89' lang='lat' dir='ltr'>post</span> <span class='ocrx_word' id='word_1_31' title='bbox 1145 269 1372 315; x_wconf 80' lang='lat' dir='ltr'>Oppianicus</span> <span class='ocrx_word' id='word_1_32' title='bbox 1403 270 1443 304; x_wconf 92' lang='lat' dir='ltr'>in</span> 
     </span>
     <span class='ocr_line' id='line_1_8' title="bbox 104 315 1443 358; baseline 0.001 -9"><span class='ocrx_word' id='word_1_33' title='bbox 104 315 214 350; x_wconf 83' lang='lat' dir='ltr'>exilio</span> <span class='ocrx_word' id='word_1_34' title='bbox 251 315 375 350; x_wconf 86' lang='lat' dir='ltr'>subito</span> <span class='ocrx_word' id='word_1_35' title='bbox 414 327 501 350; x_wconf 88' lang='lat' dir='ltr'>casu</span> <span class='ocrx_word' id='word_1_36' title='bbox 537 317 702 350; x_wconf 88' lang='lat' dir='ltr'>mortuus</span> <span class='ocrx_word' id='word_1_37' title='bbox 738 318 804 351; x_wconf 88' lang='lat' dir='ltr'>est.</span> <span class='ocrx_word' id='word_1_38' title='bbox 864 316 942 358; x_wconf 91' lang='lat' dir='ltr'>Quo</span> <span class='ocrx_word' id='word_1_39' title='bbox 980 318 1126 352; x_wconf 87' lang='lat' dir='ltr'>mortuo</span> <span class='ocrx_word' id='word_1_40' title='bbox 1160 317 1284 351; x_wconf 80' lang='lat' dir='ltr'>Sassia</span> <span class='ocrx_word' id='word_1_41' title='bbox 1316 316 1443 352; x_wconf 88' lang='lat' dir='ltr'>statim</span> 
     </span>
     <span class='ocr_line' id='line_1_9' title="bbox 104 362 1442 408; baseline 0.001 -12"><span class='ocrx_word' id='word_1_42' title='bbox 104 362 201 397; x_wconf 77' lang='lat' dir='ltr'>dixit</span> <span class='ocrx_word' id='word_1_43' title='bbox 227 362 432 408; x_wconf 82' lang='lat' dir='ltr'>Oppianico</span> <span class='ocrx_word' id='word_1_44' title='bbox 461 363 506 397; x_wconf 89' lang='lat' dir='ltr'>ab</span> <span class='ocrx_word' id='word_1_45' title='bbox 534 363 577 397; x_wconf 88' lang='lat' dir='ltr'>A.</span> <span class='ocrx_word' id='word_1_46' title='bbox 592 362 760 398; x_wconf 88' lang='lat' dir='ltr'>Cluentio</span> <span class='ocrx_word' id='word_1_47' title='bbox 786 363 863 397; x_wconf 85' lang='lat' dir='ltr'>filio</span> <span class='ocrx_word' id='word_1_48' title='bbox 890 375 954 399; x_wconf 88' lang='lat' dir='ltr'>suo</span> <span class='ocrx_word' id='word_1_49' title='bbox 979 375 1046 408; x_wconf 88' lang='lat' dir='ltr'>per</span> <span class='ocrx_word' id='word_1_50' title='bbox 1064 365 1112 399; x_wconf 83' lang='lat' dir='ltr'>M.</span> <span class='ocrx_word' id='word_1_51' title='bbox 1127 364 1308 399; x_wconf 87' lang='lat' dir='ltr'>Asellium</span> <span class='ocrx_word' id='word_1_52' title='bbox 1333 375 1442 399; x_wconf 84' lang='lat' dir='ltr'>vene-</span> 
     </span>
     <span class='ocr_line' id='line_1_10' title="bbox 102 409 1442 451; baseline 0 -7"><span class='ocrx_word' id='word_1_53' title='bbox 102 421 191 444; x_wconf 89' lang='lat' dir='ltr'>num</span> <span class='ocrx_word' id='word_1_54' title='bbox 224 420 302 444; x_wconf 88' lang='lat' dir='ltr'>esse</span> <span class='ocrx_word' id='word_1_55' title='bbox 335 409 473 444; x_wconf 87' lang='lat' dir='ltr'>datum.</span> <span class='ocrx_word' id='word_1_56' title='bbox 525 409 701 451; x_wconf 75' lang='lat' dir='ltr'>Quaestio</span> <span class='ocrx_word' id='word_1_57' title='bbox 735 410 780 444; x_wconf 92' lang='lat' dir='ltr'>de</span> <span class='ocrx_word' id='word_1_58' title='bbox 812 410 985 446; x_wconf 83' lang='lat' dir='ltr'>Stratone</span> <span class='ocrx_word' id='word_1_59' title='bbox 1017 413 1055 446; x_wconf 89' lang='lat' dir='ltr'>et</span> <span class='ocrx_word' id='word_1_60' title='bbox 1086 411 1300 446; x_wconf 86' lang='lat' dir='ltr'>Nicostrato</span> <span class='ocrx_word' id='word_1_61' title='bbox 1326 411 1442 446; x_wconf 85' lang='lat' dir='ltr'>servis</span> 
     </span>
     <span class='ocr_line' id='line_1_11' title="bbox 103 456 1443 503; baseline 0.001 -13"><span class='ocrx_word' id='word_1_62' title='bbox 103 457 235 491; x_wconf 86' lang='lat' dir='ltr'>habita</span> <span class='ocrx_word' id='word_1_63' title='bbox 260 458 332 498; x_wconf 85' lang='lat' dir='ltr'>est,</span> <span class='ocrx_word' id='word_1_64' title='bbox 367 456 432 490; x_wconf 90' lang='lat' dir='ltr'>sed</span> <span class='ocrx_word' id='word_1_65' title='bbox 456 456 551 491; x_wconf 85' lang='lat' dir='ltr'>nihil</span> <span class='ocrx_word' id='word_1_66' title='bbox 578 458 817 501; x_wconf 86' lang='lat' dir='ltr'>compertum.</span> <span class='ocrx_word' id='word_1_67' title='bbox 868 457 1040 493; x_wconf 81' lang='lat' dir='ltr'>Triennio</span> <span class='ocrx_word' id='word_1_68' title='bbox 1066 460 1154 503; x_wconf 89' lang='lat' dir='ltr'>post</span> <span class='ocrx_word' id='word_1_69' title='bbox 1179 458 1306 493; x_wconf 79' lang='lat' dir='ltr'>Sassia</span> <span class='ocrx_word' id='word_1_70' title='bbox 1331 457 1443 503; x_wconf 88' lang='lat' dir='ltr'>Oppi-</span> 
     </span>
     <span class='ocr_line' id='line_1_12' title="bbox 104 503 1444 551; baseline 0.001 -14.001"><span class='ocrx_word' id='word_1_71' title='bbox 104 504 221 546; x_wconf 85' lang='lat' dir='ltr'>anico,</span> <span class='ocrx_word' id='word_1_72' title='bbox 247 503 418 548; x_wconf 86' lang='lat' dir='ltr'>privigno</span> <span class='ocrx_word' id='word_1_73' title='bbox 445 514 526 547; x_wconf 84' lang='lat' dir='ltr'>suo,</span> <span class='ocrx_word' id='word_1_74' title='bbox 559 504 619 538; x_wconf 88' lang='lat' dir='ltr'>cui</span> <span class='ocrx_word' id='word_1_75' title='bbox 650 504 765 538; x_wconf 88' lang='lat' dir='ltr'>filiam</span> <span class='ocrx_word' id='word_1_76' title='bbox 790 515 941 539; x_wconf 80' lang='lat' dir='ltr'>uxorem</span> <span class='ocrx_word' id='word_1_77' title='bbox 968 505 1136 549; x_wconf 81' lang='lat' dir='ltr'>dederat,</span> <span class='ocrx_word' id='word_1_78' title='bbox 1169 506 1369 551; x_wconf 82' lang='lat' dir='ltr'>persuasit,</span> <span class='ocrx_word' id='word_1_79' title='bbox 1402 507 1444 540; x_wconf 92' lang='lat' dir='ltr'>ut</span> 
     </span>
     <span class='ocr_line' id='line_1_13' title="bbox 105 549 1443 596; baseline 0.002 -13"><span class='ocrx_word' id='word_1_80' title='bbox 105 550 147 585; x_wconf 92' lang='lat' dir='ltr'>A.</span> <span class='ocrx_word' id='word_1_81' title='bbox 177 549 388 585; x_wconf 74' lang='lat' dir='ltr'>Cluentium</span> <span class='ocrx_word' id='word_1_82' title='bbox 415 550 460 584; x_wconf 88' lang='lat' dir='ltr'>de</span> <span class='ocrx_word' id='word_1_83' title='bbox 484 550 662 585; x_wconf 83' lang='lat' dir='ltr'>veneficio</span> <span class='ocrx_word' id='word_1_84' title='bbox 689 554 888 587; x_wconf 84' lang='lat' dir='ltr'>accusaret.</span> <span class='ocrx_word' id='word_1_85' title='bbox 940 552 984 586; x_wconf 90' lang='lat' dir='ltr'>Ei</span> <span class='ocrx_word' id='word_1_86' title='bbox 1002 552 1152 595; x_wconf 89' lang='lat' dir='ltr'>iudicio,</span> <span class='ocrx_word' id='word_1_87' title='bbox 1178 552 1278 596; x_wconf 88' lang='lat' dir='ltr'>quod</span> <span class='ocrx_word' id='word_1_88' title='bbox 1302 553 1443 586; x_wconf 85' lang='lat' dir='ltr'>factum</span> 
     </span>
     <span class='ocr_line' id='line_1_14' title="bbox 108 597 1442 643; baseline 0.001 -12"><span class='ocrx_word' id='word_1_89' title='bbox 108 598 165 632; x_wconf 88' lang='lat' dir='ltr'>est</span> <span class='ocrx_word' id='word_1_90' title='bbox 198 597 340 642; x_wconf 86' lang='lat' dir='ltr'>Lepido</span> <span class='ocrx_word' id='word_1_91' title='bbox 377 598 414 632; x_wconf 90' lang='lat' dir='ltr'>et</span> <span class='ocrx_word' id='word_1_92' title='bbox 447 597 556 632; x_wconf 84' lang='lat' dir='ltr'>Tullo</span> <span class='ocrx_word' id='word_1_93' title='bbox 589 609 680 633; x_wconf 88' lang='lat' dir='ltr'>coss.</span> <span class='ocrx_word' id='word_1_94' title='bbox 714 610 746 633; x_wconf 90' lang='lat' dir='ltr'>a.</span> <span class='ocrx_word' id='word_1_95' title='bbox 773 611 807 643; x_wconf 90' lang='lat' dir='ltr'>p.</span> <span class='ocrx_word' id='word_1_96' title='bbox 833 611 867 633; x_wconf 92' lang='lat' dir='ltr'>u.</span> <span class='ocrx_word' id='word_1_97' title='bbox 896 610 924 634; x_wconf 86' lang='lat' dir='ltr'>e.</span> <span class='ocrx_word' id='word_1_98' title='bbox 953 604 1036 641; x_wconf 74' lang='grc'>688</span> <span class='ocrx_word' id='word_1_99' title='bbox 1064 599 1104 641; x_wconf 88' lang='lat' dir='ltr'>Q.</span> <span class='ocrx_word' id='word_1_100' title='bbox 1131 600 1317 634; x_wconf 84' lang='lat' dir='ltr'>Voconius</span> <span class='ocrx_word' id='word_1_101' title='bbox 1342 600 1442 634; x_wconf 85' lang='lat' dir='ltr'>Naso</span> 
     </span>
     <span class='ocr_line' id='line_1_15' title="bbox 107 643 1443 698; baseline 0.002 -20"><span class='ocrx_word' id='word_1_102' title='bbox 107 644 280 689; x_wconf 73' lang='lat' dir='ltr'>praefuit</span> <span class='ocrx_word' id='word_1_103' title='bbox 319 643 602 680; x_wconf 83' lang='lat' dir='ltr'>Accusationem</span> <span class='ocrx_word' id='word_1_104' title='bbox 627 656 694 689; x_wconf 86' lang='lat' dir='ltr'>pro</span> <span class='ocrx_word' id='word_1_105' title='bbox 715 645 918 698; x_wconf 83' lang='lat' dir='ltr'>Oppianico</span> <span class='ocrx_word' id='word_1_106' title='bbox 945 658 1074 691; x_wconf 75' lang='lat' dir='ltr'>spusce</span> <span class='ocrx_word' id='word_1_107' title='bbox 1077 646 1155 681; x_wconf 88' lang='lat' dir='ltr'>it-L.</span> <span class='ocrx_word' id='word_1_108' title='bbox 1168 646 1302 681; x_wconf 83' lang='lat' dir='ltr'>Accius</span> <span class='ocrx_word' id='word_1_109' title='bbox 1317 647 1443 680; x_wconf 87' lang='lat' dir='ltr'>Pisau-</span> 
     </span>
     <span class='ocr_line' id='line_1_16' title="bbox 105 659 1444 737; baseline 0.002 -12"><span class='ocrx_word' id='word_1_110' title='bbox 105 692 242 733; x_wconf 86' lang='lat' dir='ltr'>rensis,</span> <span class='ocrx_word' id='word_1_111' title='bbox 276 692 377 726; x_wconf 88' lang='lat' dir='ltr'>cuius</span> <span class='ocrx_word' id='word_1_112' title='bbox 410 691 639 726; x_wconf 81' lang='lat' dir='ltr'>accusationi</span> <span class='ocrx_word' id='word_1_113' title='bbox 670 692 738 727; x_wconf 87' lang='lat' dir='ltr'>hac</span> <span class='ocrx_word' id='word_1_114' title='bbox 773 694 855 737; x_wconf 86' lang='lat' dir='ltr'>ipsa</span> <span class='ocrx_word' id='word_1_115' title='bbox 881 693 1046 728; x_wconf 89' lang='lat' dir='ltr'>oratione</span> <span class='ocrx_word' id='word_1_116' title='bbox 1050 659 1120 729; x_wconf 75' lang='lat' dir='ltr'>PM</span> <span class='ocrx_word' id='word_1_117' title='bbox 1146 693 1289 728; x_wconf 87' lang='lat' dir='ltr'>Tullius</span> <span class='ocrx_word' id='word_1_118' title='bbox 1316 693 1444 728; x_wconf 84' lang='lat' dir='ltr'>Cicero</span> 
     </span>
     <span class='ocr_line' id='line_1_17' title="bbox 105 739 1445 784; baseline 0.001 -12"><span class='ocrx_word' id='word_1_119' title='bbox 105 739 254 783; x_wconf 81' lang='lat' dir='ltr'>piaetor</span> <span class='ocrx_word' id='word_1_120' title='bbox 286 749 329 773; x_wconf 91' lang='lat' dir='ltr'>eo</span> <span class='ocrx_word' id='word_1_121' title='bbox 361 739 441 783; x_wconf 83' lang='lat' dir='ltr'>ipso</span> <span class='ocrx_word' id='word_1_122' title='bbox 469 750 565 773; x_wconf 89' lang='lat' dir='ltr'>anno</span> <span class='ocrx_word' id='word_1_123' title='bbox 592 739 692 773; x_wconf 92' lang='lat' dir='ltr'>solus</span> <span class='ocrx_word' id='word_1_124' title='bbox 718 740 912 784; x_wconf 80' lang='lat' dir='ltr'>respondit</span> <span class='ocrx_word' id='word_1_125' title='bbox 937 742 974 774; x_wconf 88' lang='lat' dir='ltr'>et</span> <span class='ocrx_word' id='word_1_126' title='bbox 999 741 1054 775; x_wconf 86' lang='lat' dir='ltr'>ita</span> <span class='ocrx_word' id='word_1_127' title='bbox 1078 741 1119 776; x_wconf 90' lang='lat' dir='ltr'>A.</span> <span class='ocrx_word' id='word_1_128' title='bbox 1148 741 1359 775; x_wconf 89' lang='lat' dir='ltr'>Cluentium</span> <span class='ocrx_word' id='word_1_129' title='bbox 1384 740 1445 774; x_wconf 88' lang='lat' dir='ltr'>de-</span> 
     </span>
     <span class='ocr_line' id='line_1_18' title="bbox 104 785 1333 830; baseline 0.003 -11"><span class='ocrx_word' id='word_1_130' title='bbox 104 785 235 830; x_wconf 86' lang='lat' dir='ltr'>fendit,</span> <span class='ocrx_word' id='word_1_131' title='bbox 259 786 302 820; x_wconf 87' lang='lat' dir='ltr'>ut</span> <span class='ocrx_word' id='word_1_132' title='bbox 324 785 464 821; x_wconf 84' lang='lat' dir='ltr'>iudices</span> <span class='ocrx_word' id='word_1_133' title='bbox 491 786 727 822; x_wconf 84' lang='lat' dir='ltr'>absolverint.</span> <span class='ocrx_word' id='word_1_134' title='bbox 778 787 859 822; x_wconf 90' lang='lat' dir='ltr'>Vid.</span> <span class='ocrx_word' id='word_1_135' title='bbox 888 787 1103 830; x_wconf 81' lang='lat' dir='ltr'>Quintilian.</span> <span class='ocrx_word' id='word_1_136' title='bbox 1137 788 1170 822; x_wconf 89' lang='grc' dir='ltr'><strong><em>Π</em></strong></span> <span class='ocrx_word' id='word_1_137' title='bbox 1197 792 1250 823; x_wconf 82' lang='lat'>17.</span> <span class='ocrx_word' id='word_1_138' title='bbox 1278 792 1333 824; x_wconf 74' lang='lat'>21.</span> 
     </span>
    </p>
   </div>
   <div class='ocr_carea' id='block_1_6' title="bbox 106 932 1494 2343">
    <p class='ocr_par' dir='ltr' id='par_1_6' title="bbox 106 932 1494 2343">
     <span class='ocr_line' id='line_1_19' title="bbox 195 932 1494 995; baseline 0.002 -13"><span class='ocrx_word' id='word_1_139' title='bbox 195 940 502 995; x_wconf 80' lang='lat' dir='ltr'>Animadverti,</span> <span class='ocrx_word' id='word_1_140' title='bbox 526 941 699 995; x_wconf 73' lang='lat' dir='ltr'>iudices,</span> <span class='ocrx_word' id='word_1_141' title='bbox 725 956 893 984; x_wconf 90' lang='lat' dir='ltr'>omnem</span> <span class='ocrx_word' id='word_1_142' title='bbox 920 942 1181 984; x_wconf 82' lang='lat' dir='ltr'>accusatoris</span> <span class='ocrx_word' id='word_1_143' title='bbox 1208 943 1445 984; x_wconf 82' lang='lat' dir='ltr'>orationem</span> <span class='ocrx_word' id='word_1_144' title='bbox 1473 932 1494 973; x_wconf 78' lang='grc' dir='ltr'>Ῑ-</span> 
     </span>
     <span class='ocr_line' id='line_1_20' title="bbox 106 986 1490 1055; baseline 0.001 -15"><span class='ocrx_word' id='word_1_145' title='bbox 106 1000 152 1040; x_wconf 90' lang='grc'>111</span> <span class='ocrx_word' id='word_1_146' title='bbox 184 1000 287 1040; x_wconf 83' lang='lat' dir='ltr'>duas</span> <span class='ocrx_word' id='word_1_147' title='bbox 321 1000 501 1041; x_wconf 82' lang='lat' dir='ltr'>divisam</span> <span class='ocrx_word' id='word_1_148' title='bbox 535 1015 625 1042; x_wconf 89' lang='lat' dir='ltr'>esse</span> <span class='ocrx_word' id='word_1_149' title='bbox 658 1001 811 1054; x_wconf 86' lang='lat' dir='ltr'>partis,</span> <span class='ocrx_word' id='word_1_150' title='bbox 845 1016 1024 1055; x_wconf 85' lang='lat' dir='ltr'>quarum</span> <span class='ocrx_word' id='word_1_151' title='bbox 1058 1002 1194 1042; x_wconf 88' lang='lat' dir='ltr'>altera</span> <span class='ocrx_word' id='word_1_152' title='bbox 1227 1001 1334 1042; x_wconf 88' lang='lat' dir='ltr'>mihi</span> <span class='ocrx_word' id='word_1_153' title='bbox 1364 1001 1446 1042; x_wconf 89' lang='lat' dir='ltr'>niti</span> <span class='ocrx_word' id='word_1_154' title='bbox 1474 986 1490 1014; x_wconf 88' lang='lat'>1</span> 
     </span>
     <span class='ocr_line' id='line_1_21' title="bbox 109 1059 1446 1114; baseline 0.001 -15"><span class='ocrx_word' id='word_1_155' title='bbox 109 1062 151 1099; x_wconf 89' lang='lat' dir='ltr'>et</span> <span class='ocrx_word' id='word_1_156' title='bbox 191 1072 349 1114; x_wconf 82' lang='lat' dir='ltr'>magno</span> <span class='ocrx_word' id='word_1_157' title='bbox 392 1073 517 1113; x_wconf 85' lang='lat' dir='ltr'>opere</span> <span class='ocrx_word' id='word_1_158' title='bbox 559 1059 768 1100; x_wconf 88' lang='lat' dir='ltr'>confidere</span> <span class='ocrx_word' id='word_1_159' title='bbox 808 1060 1034 1101; x_wconf 85' lang='lat' dir='ltr'>videbatur</span> <span class='ocrx_word' id='word_1_160' title='bbox 1070 1059 1231 1101; x_wconf 84' lang='lat' dir='ltr'>invidia</span> <span class='ocrx_word' id='word_1_161' title='bbox 1268 1060 1355 1101; x_wconf 84' lang='lat' dir='ltr'>iam</span> <span class='ocrx_word' id='word_1_162' title='bbox 1386 1060 1446 1101; x_wconf 91' lang='lat' dir='ltr'>in-</span> 
     </span>
     <span class='ocr_line' id='line_1_22' title="bbox 108 1116 1447 1172; baseline 0.002 -15"><span class='ocrx_word' id='word_1_163' title='bbox 108 1119 302 1158; x_wconf 85' lang='lat' dir='ltr'>veterata</span> <span class='ocrx_word' id='word_1_164' title='bbox 342 1117 486 1159; x_wconf 82' lang='lat' dir='ltr'>iudicii</span> <span class='ocrx_word' id='word_1_165' title='bbox 517 1116 704 1172; x_wconf 78' lang='lat' dir='ltr'>Iuniani,</span> <span class='ocrx_word' id='word_1_166' title='bbox 745 1118 882 1159; x_wconf 87' lang='lat' dir='ltr'>altera</span> <span class='ocrx_word' id='word_1_167' title='bbox 913 1121 1083 1160; x_wconf 86' lang='lat' dir='ltr'>tantum</span> <span class='ocrx_word' id='word_1_168' title='bbox 1116 1119 1242 1160; x_wconf 91' lang='lat' dir='ltr'>modo</span> <span class='ocrx_word' id='word_1_169' title='bbox 1275 1133 1447 1160; x_wconf 87' lang='lat' dir='ltr'>consue-</span> 
     </span>
     <span class='ocr_line' id='line_1_23' title="bbox 110 1175 1446 1232; baseline 0.001 -16"><span class='ocrx_word' id='word_1_170' title='bbox 110 1175 271 1216; x_wconf 81' lang='lat' dir='ltr'>tudinis</span> <span class='ocrx_word' id='word_1_171' title='bbox 305 1190 432 1217; x_wconf 85' lang='lat' dir='ltr'>causa</span> <span class='ocrx_word' id='word_1_172' title='bbox 463 1176 611 1217; x_wconf 84' lang='lat' dir='ltr'>timide</span> <span class='ocrx_word' id='word_1_173' title='bbox 643 1179 685 1218; x_wconf 89' lang='lat' dir='ltr'>et</span> <span class='ocrx_word' id='word_1_174' title='bbox 717 1176 959 1218; x_wconf 87' lang='lat' dir='ltr'>diffidenter</span> <span class='ocrx_word' id='word_1_175' title='bbox 990 1177 1202 1232; x_wconf 82' lang='lat' dir='ltr'>attingere</span> <span class='ocrx_word' id='word_1_176' title='bbox 1234 1177 1446 1219; x_wconf 88' lang='lat' dir='ltr'>rationem</span> 
     </span>
     <span class='ocr_line' id='line_1_24' title="bbox 113 1234 1446 1291; baseline 0.002 -17"><span class='ocrx_word' id='word_1_177' title='bbox 113 1234 300 1275; x_wconf 71' lang='lat' dir='ltr'>veneficii</span> <span class='ocrx_word' id='word_1_178' title='bbox 338 1235 580 1288; x_wconf 80' lang='lat' dir='ltr'>criminum,</span> <span class='ocrx_word' id='word_1_179' title='bbox 619 1250 702 1289; x_wconf 89' lang='lat' dir='ltr'>qua</span> <span class='ocrx_word' id='word_1_180' title='bbox 735 1235 784 1276; x_wconf 93' lang='lat' dir='ltr'>de</span> <span class='ocrx_word' id='word_1_181' title='bbox 816 1250 861 1276; x_wconf 91' lang='lat' dir='ltr'>re</span> <span class='ocrx_word' id='word_1_182' title='bbox 893 1237 986 1291; x_wconf 82' lang='lat' dir='ltr'>lege</span> <span class='ocrx_word' id='word_1_183' title='bbox 1020 1238 1084 1277; x_wconf 90' lang='lat' dir='ltr'>est</span> <span class='ocrx_word' id='word_1_184' title='bbox 1114 1236 1220 1277; x_wconf 84' lang='lat' dir='ltr'>haec</span> <span class='ocrx_word' id='word_1_185' title='bbox 1252 1237 1446 1290; x_wconf 82' lang='lat' dir='ltr'>quaestio</span> 
     </span>
     <span class='ocr_line' id='line_1_25' title="bbox 109 1293 1445 1347; baseline 0.001 -14"><span class='ocrx_word' id='word_1_186' title='bbox 109 1294 355 1334; x_wconf 83' lang='lat' dir='ltr'>constituta.</span> <span class='ocrx_word' id='word_1_187' title='bbox 398 1293 549 1347; x_wconf 84' lang='lat' dir='ltr'>Itaque</span> <span class='ocrx_word' id='word_1_188' title='bbox 582 1294 688 1335; x_wconf 84' lang='grc'>1111111</span> <span class='ocrx_word' id='word_1_189' title='bbox 720 1297 883 1335; x_wconf 80' lang='lat' dir='ltr'>certum</span> <span class='ocrx_word' id='word_1_190' title='bbox 915 1297 980 1335; x_wconf 88' lang='lat' dir='ltr'>est</span> <span class='ocrx_word' id='word_1_191' title='bbox 1011 1294 1122 1336; x_wconf 85' lang='lat' dir='ltr'>hanc</span> <span class='ocrx_word' id='word_1_192' title='bbox 1155 1295 1331 1336; x_wconf 87' lang='lat' dir='ltr'>eandem</span> <span class='ocrx_word' id='word_1_193' title='bbox 1364 1295 1445 1335; x_wconf 90' lang='lat' dir='ltr'>dis-</span> 
     </span>
     <span class='ocr_line' id='line_1_26' title="bbox 108 1351 1446 1394; baseline 0.001 -2"><span class='ocrx_word' id='word_1_194' title='bbox 108 1351 389 1393; x_wconf 87' lang='lat' dir='ltr'>tributionem</span> <span class='ocrx_word' id='word_1_195' title='bbox 432 1352 616 1394; x_wconf 84' lang='lat' dir='ltr'>invidiae</span> <span class='ocrx_word' id='word_1_196' title='bbox 660 1355 702 1393; x_wconf 89' lang='lat' dir='ltr'>et</span> <span class='ocrx_word' id='word_1_197' title='bbox 746 1353 972 1394; x_wconf 85' lang='lat' dir='ltr'>criminum</span> <span class='ocrx_word' id='word_1_198' title='bbox 1017 1354 1076 1394; x_wconf 89' lang='lat' dir='ltr'>sic</span> <span class='ocrx_word' id='word_1_199' title='bbox 1119 1353 1164 1394; x_wconf 90' lang='lat' dir='ltr'>in</span> <span class='ocrx_word' id='word_1_200' title='bbox 1202 1353 1446 1394; x_wconf 87' lang='lat' dir='ltr'>defensione</span> 
     </span>
     <span class='ocr_line' id='line_1_27' title="bbox 110 1411 1446 1466; baseline 0.001 -16"><span class='ocrx_word' id='word_1_201' title='bbox 110 1424 290 1463; x_wconf 83' lang='lat' dir='ltr'>servare,</span> <span class='ocrx_word' id='word_1_202' title='bbox 315 1414 364 1451; x_wconf 89' lang='lat' dir='ltr'>ut</span> <span class='ocrx_word' id='word_1_203' title='bbox 390 1425 535 1452; x_wconf 89' lang='lat' dir='ltr'>omnes</span> <span class='ocrx_word' id='word_1_204' title='bbox 560 1411 817 1464; x_wconf 76' lang='lat' dir='ltr'>intellegant</span> <span class='ocrx_word' id='word_1_205' title='bbox 836 1411 945 1451; x_wconf 87' lang='grc'>1111111</span> <span class='ocrx_word' id='word_1_206' title='bbox 966 1426 1032 1452; x_wconf 90' lang='lat' dir='ltr'>me</span> <span class='ocrx_word' id='word_1_207' title='bbox 1051 1426 1129 1452; x_wconf 90' lang='lat' dir='ltr'>nec</span> <span class='ocrx_word' id='word_1_208' title='bbox 1150 1411 1446 1466; x_wconf 82' lang='lat' dir='ltr'>subterfugere</span> 
     </span>
     <span class='ocr_line' id='line_1_28' title="bbox 110 1468 1445 1511; baseline 0.001 -3"><span class='ocrx_word' id='word_1_209' title='bbox 110 1468 297 1509; x_wconf 81' lang='lat' dir='ltr'>voluisse</span> <span class='ocrx_word' id='word_1_210' title='bbox 342 1469 556 1510; x_wconf 84' lang='lat' dir='ltr'>reticendo</span> <span class='ocrx_word' id='word_1_211' title='bbox 594 1484 671 1510; x_wconf 87' lang='lat' dir='ltr'>nec</span> <span class='ocrx_word' id='word_1_212' title='bbox 709 1470 936 1511; x_wconf 83' lang='lat' dir='ltr'>obscurare</span> <span class='ocrx_word' id='word_1_213' title='bbox 976 1470 1161 1511; x_wconf 88' lang='lat' dir='ltr'>dicendo.</span> <span class='ocrx_word' id='word_1_214' title='bbox 1231 1468 1312 1510; x_wconf 76' lang='lat' dir='ltr'>Sed</span> <span class='ocrx_word' id='word_1_215' title='bbox 1349 1484 1445 1511; x_wconf 87' lang='lat' dir='ltr'>cum</span> 
     </span>
     <span class='ocr_line' id='line_1_29' title="bbox 110 1526 1446 1581; baseline 0.001 -14"><span class='ocrx_word' id='word_1_216' title='bbox 110 1526 344 1580; x_wconf 75' lang='lat' dir='ltr'>considero,</span> <span class='ocrx_word' id='word_1_217' title='bbox 377 1541 459 1580; x_wconf 90' lang='lat' dir='ltr'>quo</span> <span class='ocrx_word' id='word_1_218' title='bbox 492 1528 617 1569; x_wconf 89' lang='lat' dir='ltr'>modo</span> <span class='ocrx_word' id='word_1_219' title='bbox 650 1527 756 1568; x_wconf 88' lang='lat' dir='ltr'>mihi</span> <span class='ocrx_word' id='word_1_220' title='bbox 786 1528 832 1568; x_wconf 89' lang='lat' dir='ltr'>in</span> <span class='ocrx_word' id='word_1_221' title='bbox 862 1530 1042 1581; x_wconf 88' lang='lat' dir='ltr'>utraque</span> <span class='ocrx_word' id='word_1_222' title='bbox 1068 1543 1113 1568; x_wconf 89' lang='lat' dir='ltr'>re</span> <span class='ocrx_word' id='word_1_223' title='bbox 1147 1528 1203 1568; x_wconf 90' lang='lat' dir='ltr'>sit</span> <span class='ocrx_word' id='word_1_224' title='bbox 1229 1529 1446 1569; x_wconf 89' lang='lat' dir='ltr'>elaboran-</span> 
     </span>
     <span class='ocr_line' id='line_1_30' title="bbox 111 1585 1447 1640; baseline 0.001 -14"><span class='ocrx_word' id='word_1_225' title='bbox 111 1585 222 1638; x_wconf 83' lang='lat' dir='ltr'>dum,</span> <span class='ocrx_word' id='word_1_226' title='bbox 256 1586 393 1626; x_wconf 84' lang='lat' dir='ltr'>altera</span> <span class='ocrx_word' id='word_1_227' title='bbox 423 1600 523 1640; x_wconf 88' lang='lat' dir='ltr'>pars</span> <span class='ocrx_word' id='word_1_228' title='bbox 557 1588 599 1626; x_wconf 88' lang='lat' dir='ltr'>et</span> <span class='ocrx_word' id='word_1_229' title='bbox 631 1600 692 1639; x_wconf 80' lang='lat' dir='ltr'>ea,</span> <span class='ocrx_word' id='word_1_230' title='bbox 725 1600 832 1639; x_wconf 86' lang='lat' dir='ltr'>quae</span> <span class='ocrx_word' id='word_1_231' title='bbox 858 1586 1034 1640; x_wconf 88' lang='lat' dir='ltr'>propria</span> <span class='ocrx_word' id='word_1_232' title='bbox 1060 1589 1124 1627; x_wconf 89' lang='lat' dir='ltr'>est</span> <span class='ocrx_word' id='word_1_233' title='bbox 1149 1586 1294 1628; x_wconf 89' lang='lat' dir='ltr'>iudicii</span> <span class='ocrx_word' id='word_1_234' title='bbox 1314 1587 1447 1628; x_wconf 82' lang='lat' dir='ltr'>vestri</span> 
     </span>
     <span class='ocr_line' id='line_1_31' title="bbox 111 1643 1447 1699; baseline 0.001 -15"><span class='ocrx_word' id='word_1_235' title='bbox 111 1647 153 1685; x_wconf 88' lang='lat' dir='ltr'>et</span> <span class='ocrx_word' id='word_1_236' title='bbox 189 1643 407 1698; x_wconf 81' lang='lat' dir='ltr'>legitimae</span> <span class='ocrx_word' id='word_1_237' title='bbox 438 1643 630 1685; x_wconf 82' lang='lat' dir='ltr'>veneficii</span> <span class='ocrx_word' id='word_1_238' title='bbox 668 1644 948 1698; x_wconf 83' lang='lat' dir='ltr'>quaestioniS‚</span> <span class='ocrx_word' id='word_1_239' title='bbox 985 1659 1060 1699; x_wconf 86' lang='lat' dir='ltr'>per</span> <span class='ocrx_word' id='word_1_240' title='bbox 1091 1645 1197 1685; x_wconf 90' lang='lat' dir='ltr'>mihi</span> <span class='ocrx_word' id='word_1_241' title='bbox 1229 1645 1371 1687; x_wconf 85' lang='lat' dir='ltr'>brevis</span> <span class='ocrx_word' id='word_1_242' title='bbox 1405 1649 1447 1686; x_wconf 87' lang='lat' dir='ltr'>et</span> 
     </span>
     <span class='ocr_line' id='line_1_32' title="bbox 109 1702 1446 1758; baseline 0.001 -15"><span class='ocrx_word' id='word_1_243' title='bbox 109 1716 196 1744; x_wconf 88' lang='lat' dir='ltr'>non</span> <span class='ocrx_word' id='word_1_244' title='bbox 228 1717 409 1757; x_wconf 80' lang='lat' dir='ltr'>magnae</span> <span class='ocrx_word' id='word_1_245' title='bbox 440 1702 486 1743; x_wconf 90' lang='lat' dir='ltr'>in</span> <span class='ocrx_word' id='word_1_246' title='bbox 517 1702 690 1744; x_wconf 87' lang='lat' dir='ltr'>dicendo</span> <span class='ocrx_word' id='word_1_247' title='bbox 724 1702 1008 1744; x_wconf 88' lang='lat' dir='ltr'>contentionis</span> <span class='ocrx_word' id='word_1_248' title='bbox 1040 1703 1132 1745; x_wconf 84' lang='lat' dir='ltr'>fore</span> <span class='ocrx_word' id='word_1_249' title='bbox 1164 1703 1349 1758; x_wconf 82' lang='lat' dir='ltr'>videtur,</span> <span class='ocrx_word' id='word_1_250' title='bbox 1388 1705 1446 1745; x_wconf 90' lang='lat' dir='ltr'>al-</span> 
     </span>
     <span class='ocr_line' id='line_1_33' title="bbox 110 1761 1446 1817; baseline 0.001 -15"><span class='ocrx_word' id='word_1_251' title='bbox 110 1764 204 1802; x_wconf 87' lang='lat' dir='ltr'>tera</span> <span class='ocrx_word' id='word_1_252' title='bbox 236 1764 397 1815; x_wconf 80' lang='lat' dir='ltr'>autem,</span> <span class='ocrx_word' id='word_1_253' title='bbox 436 1775 541 1815; x_wconf 85' lang='lat' dir='ltr'>quae</span> <span class='ocrx_word' id='word_1_254' title='bbox 572 1761 721 1815; x_wconf 83' lang='lat' dir='ltr'>procul</span> <span class='ocrx_word' id='word_1_255' title='bbox 754 1761 807 1802; x_wconf 86' lang='lat' dir='ltr'>ab</span> <span class='ocrx_word' id='word_1_256' title='bbox 840 1761 994 1803; x_wconf 88' lang='lat' dir='ltr'>iudicio</span> <span class='ocrx_word' id='word_1_257' title='bbox 1027 1764 1192 1804; x_wconf 88' lang='lat' dir='ltr'>remota</span> <span class='ocrx_word' id='word_1_258' title='bbox 1224 1765 1306 1816; x_wconf 79' lang='lat' dir='ltr'>est,</span> <span class='ocrx_word' id='word_1_259' title='bbox 1339 1777 1446 1817; x_wconf 85' lang='lat' dir='ltr'>quae</span> 
     </span>
     <span class='ocr_line' id='line_1_34' title="bbox 111 1819 1447 1863; baseline 0.001 -3"><span class='ocrx_word' id='word_1_260' title='bbox 111 1820 382 1861; x_wconf 83' lang='lat' dir='ltr'>contionibus</span> <span class='ocrx_word' id='word_1_261' title='bbox 440 1819 640 1861; x_wconf 84' lang='lat' dir='ltr'>seditiose</span> <span class='ocrx_word' id='word_1_262' title='bbox 698 1820 920 1860; x_wconf 87' lang='lat' dir='ltr'>concitatis</span> <span class='ocrx_word' id='word_1_263' title='bbox 972 1821 1333 1863; x_wconf 85' lang='lat' dir='ltr'>accommodatior</span> <span class='ocrx_word' id='word_1_264' title='bbox 1381 1824 1447 1862; x_wconf 87' lang='lat' dir='ltr'>est</span> 
     </span>
     <span class='ocr_line' id='line_1_35' title="bbox 113 1878 1446 1934; baseline 0.002 -16"><span class='ocrx_word' id='word_1_265' title='bbox 113 1893 241 1932; x_wconf 85' lang='lat' dir='ltr'>quam</span> <span class='ocrx_word' id='word_1_266' title='bbox 302 1878 547 1932; x_wconf 85' lang='lat' dir='ltr'>tranquillis</span> <span class='ocrx_word' id='word_1_267' title='bbox 604 1878 920 1932; x_wconf 85' lang='lat' dir='ltr'>moderatisque</span> <span class='ocrx_word' id='word_1_268' title='bbox 975 1879 1159 1933; x_wconf 77' lang='lat' dir='ltr'>iudiciis,</span> <span class='ocrx_word' id='word_1_269' title='bbox 1219 1880 1446 1934; x_wconf 79' lang='lat' dir='ltr'>perspicio,</span> 
     </span>
     <span class='ocr_line' id='line_1_36' title="bbox 113 1936 1444 1992; baseline 0.002 -15"><span class='ocrx_word' id='word_1_270' title='bbox 113 1939 318 1990; x_wconf 84' lang='lat' dir='ltr'>quantum</span> <span class='ocrx_word' id='word_1_271' title='bbox 358 1937 403 1978; x_wconf 92' lang='lat' dir='ltr'>in</span> <span class='ocrx_word' id='word_1_272' title='bbox 444 1937 607 1992; x_wconf 79' lang='lat' dir='ltr'>agendo</span> <span class='ocrx_word' id='word_1_273' title='bbox 651 1936 915 1978; x_wconf 85' lang='lat' dir='ltr'>difficultatis</span> <span class='ocrx_word' id='word_1_274' title='bbox 957 1940 999 1978; x_wconf 92' lang='lat' dir='ltr'>et</span> <span class='ocrx_word' id='word_1_275' title='bbox 1039 1940 1246 1992; x_wconf 85' lang='lat' dir='ltr'>quantum</span> <span class='ocrx_word' id='word_1_276' title='bbox 1283 1938 1444 1980; x_wconf 86' lang='lat' dir='ltr'>laboris</span> 
     </span>
     <span class='ocr_line' id='line_1_37' title="bbox 113 1994 1478 2038; baseline 0.001 -3"><span class='ocrx_word' id='word_1_277' title='bbox 113 1995 169 2036; x_wconf 89' lang='lat' dir='ltr'>sit</span> <span class='ocrx_word' id='word_1_278' title='bbox 217 1995 429 2036; x_wconf 83' lang='lat' dir='ltr'>habitura.</span> <span class='ocrx_word' id='word_1_279' title='bbox 504 1994 585 2037; x_wconf 78' lang='lat' dir='ltr'>Sed</span> <span class='ocrx_word' id='word_1_280' title='bbox 633 1995 678 2036; x_wconf 89' lang='lat' dir='ltr'>in</span> <span class='ocrx_word' id='word_1_281' title='bbox 725 1996 804 2037; x_wconf 82' lang='lat' dir='ltr'>hac</span> <span class='ocrx_word' id='word_1_282' title='bbox 854 1995 1105 2037; x_wconf 84' lang='lat' dir='ltr'>difficultate</span> <span class='ocrx_word' id='word_1_283' title='bbox 1148 1997 1224 2037; x_wconf 89' lang='lat' dir='ltr'>illa</span> <span class='ocrx_word' id='word_1_284' title='bbox 1268 2011 1335 2037; x_wconf 89' lang='lat' dir='ltr'>me</span> <span class='ocrx_word' id='word_1_285' title='bbox 1378 2011 1478 2038; x_wconf 88' lang='lat' dir='ltr'>res·</span> 
     </span>
     <span class='ocr_line' id='line_1_38' title="bbox 112 2054 1444 2108; baseline 0.002 -14"><span class='ocrx_word' id='word_1_286' title='bbox 112 2056 273 2107; x_wconf 83' lang='lat' dir='ltr'>tamen,</span> <span class='ocrx_word' id='word_1_287' title='bbox 315 2054 492 2107; x_wconf 78' lang='lat' dir='ltr'>iudices,</span> <span class='ocrx_word' id='word_1_288' title='bbox 535 2054 798 2105; x_wconf 88' lang='lat' dir='ltr'>consolatur,</span> <span class='ocrx_word' id='word_1_289' title='bbox 843 2055 954 2108; x_wconf 87' lang='lat' dir='ltr'>quod</span> <span class='ocrx_word' id='word_1_290' title='bbox 992 2069 1068 2096; x_wconf 84' lang='lat' dir='ltr'>vos</span> <span class='ocrx_word' id='word_1_291' title='bbox 1107 2055 1157 2096; x_wconf 88' lang='lat' dir='ltr'>de</span> <span class='ocrx_word' id='word_1_292' title='bbox 1196 2055 1444 2096; x_wconf 85' lang='lat' dir='ltr'>criminibus</span> 
     </span>
     <span class='ocr_line' id='line_1_39' title="bbox 113 2112 1444 2166; baseline 0.001 -14"><span class='ocrx_word' id='word_1_293' title='bbox 113 2112 174 2153; x_wconf 88' lang='lat' dir='ltr'>sic</span> <span class='ocrx_word' id='word_1_294' title='bbox 205 2112 348 2153; x_wconf 86' lang='lat' dir='ltr'>audire</span> <span class='ocrx_word' id='word_1_295' title='bbox 375 2112 624 2166; x_wconf 87' lang='lat' dir='ltr'>consuestis</span> <span class='ocrx_word' id='word_1_296' title='bbox 656 2115 703 2153; x_wconf 87' lang='lat' dir='ltr'>ut</span> <span class='ocrx_word' id='word_1_297' title='bbox 730 2127 877 2153; x_wconf 85' lang='lat' dir='ltr'>eorum</span> <span class='ocrx_word' id='word_1_298' title='bbox 903 2113 1092 2154; x_wconf 90' lang='lat' dir='ltr'>omnium</span> <span class='ocrx_word' id='word_1_299' title='bbox 1119 2113 1444 2155; x_wconf 88' lang='lat' dir='ltr'>dissolutionem</span> 
     </span>
     <span class='ocr_line' id='line_1_40' title="bbox 113 2170 1445 2225; baseline 0.001 -14"><span class='ocrx_word' id='word_1_300' title='bbox 113 2170 166 2211; x_wconf 86' lang='lat' dir='ltr'>ab</span> <span class='ocrx_word' id='word_1_301' title='bbox 200 2173 368 2211; x_wconf 79' lang='lat' dir='ltr'>ciatore</span> <span class='ocrx_word' id='word_1_302' title='bbox 401 2171 635 2225; x_wconf 80' lang='lat' dir='ltr'>quaeratis,</span> <span class='ocrx_word' id='word_1_303' title='bbox 673 2173 721 2211; x_wconf 85' lang='lat' dir='ltr'>ut</span> <span class='ocrx_word' id='word_1_304' title='bbox 752 2185 837 2212; x_wconf 93' lang='lat' dir='ltr'>non</span> <span class='ocrx_word' id='word_1_305' title='bbox 870 2171 1122 2213; x_wconf 85' lang='lat' dir='ltr'>existimetis</span> <span class='ocrx_word' id='word_1_306' title='bbox 1154 2172 1251 2225; x_wconf 89' lang='lat' dir='ltr'>plus</span> <span class='ocrx_word' id='word_1_307' title='bbox 1283 2185 1357 2212; x_wconf 82' lang='lat' dir='ltr'>vos</span> <span class='ocrx_word' id='word_1_308' title='bbox 1391 2172 1445 2212; x_wconf 88' lang='lat' dir='ltr'>ad</span> 
     </span>
     <span class='ocr_line' id='line_1_41' title="bbox 113 2228 1446 2285; baseline 0.001 -16"><span class='ocrx_word' id='word_1_309' title='bbox 113 2228 295 2270; x_wconf 88' lang='lat' dir='ltr'>salutem</span> <span class='ocrx_word' id='word_1_310' title='bbox 327 2243 399 2270; x_wconf 84' lang='lat' dir='ltr'>reo</span> <span class='ocrx_word' id='word_1_311' title='bbox 431 2229 582 2284; x_wconf 82' lang='lat' dir='ltr'>largiri</span> <span class='ocrx_word' id='word_1_312' title='bbox 615 2232 824 2284; x_wconf 74' lang='lat' dir='ltr'>oportere,</span> <span class='ocrx_word' id='word_1_313' title='bbox 856 2244 982 2283; x_wconf 89' lang='lat' dir='ltr'>quam</span> <span class='ocrx_word' id='word_1_314' title='bbox 1015 2232 1223 2285; x_wconf 83' lang='lat' dir='ltr'>quantum</span> <span class='ocrx_word' id='word_1_315' title='bbox 1250 2229 1446 2271; x_wconf 87' lang='lat' dir='ltr'>defensor</span> 
     </span>
     <span class='ocr_line' id='line_1_42' title="bbox 110 2287 1446 2343; baseline 0.001 -15"><span class='ocrx_word' id='word_1_316' title='bbox 110 2287 346 2342; x_wconf 82' lang='lat' dir='ltr'>purgandis</span> <span class='ocrx_word' id='word_1_317' title='bbox 372 2287 619 2329; x_wconf 85' lang='lat' dir='ltr'>criminibus</span> <span class='ocrx_word' id='word_1_318' title='bbox 646 2287 847 2342; x_wconf 87' lang='lat' dir='ltr'>consequi</span> <span class='ocrx_word' id='word_1_319' title='bbox 873 2290 915 2329; x_wconf 89' lang='lat' dir='ltr'>et</span> <span class='ocrx_word' id='word_1_320' title='bbox 942 2288 1116 2330; x_wconf 89' lang='lat' dir='ltr'>dicendo</span> <span class='ocrx_word' id='word_1_321' title='bbox 1141 2288 1325 2343; x_wconf 74' lang='lat' dir='ltr'>probare</span> <span class='ocrx_word' id='word_1_322' title='bbox 1349 2291 1446 2343; x_wconf 87' lang='lat' dir='ltr'>pot-</span> 
     </span>
    </p>
   </div>
  </div>
 </body>
</html>
