1687 2533
514 52 615 89 CAP.
642 56 780 88 20-22
807 56 826 94 ξ
851 57 897 88 48
911 57 1003 89 -53,
1342 54 1428 96 409

86 149 363 205 recuperandi
399 149 519 191 fundi
559 149 729 204 paterni
759 149 903 191 venire
946 149 1000 191 ad
1042 149 1339 191 testimonium
1372 150 1428 190 di-

87 209 266 250 cendum
310 208 511 263 coegisti3
554 209 626 263 qui
670 208 870 263 quoniam
914 208 1211 250 testimonium
1247 210 1429 251 nondum

88 267 208 321 dixit,
241 267 443 322 quidnam
475 267 532 309 sit
563 268 765 321 dicturus,
798 269 987 322 expecto.
1046 266 1161 309 Novi
1193 281 1327 323 genus
1353 267 1426 309 ho-

87 327 268 376 minum,
304 326 405 368 novi
437 326 802 379 consuetudinem,
838 326 940 368 novi
970 326 1203 368 libidinem.
1264 326 1426 381 Itaque,

52 396 68 422 ⁵
89 386 170 427 etsi
201 389 337 439 teneo,
371 385 471 440 quid
504 386 560 426 sit
585 385 723 426 dicere
748 388 937 439 paratus,
968 385 1078 426 nihil
1104 388 1251 427 tamen
1278 388 1428 427 contra

88 444 330 498 disputabo,
361 444 610 499 priusquam
641 443 805 485 dixerit.
867 443 1026 485 Totum
1058 444 1172 485 enim
1205 447 1427 486 convertet

88 506 214 558 atque
246 503 331 545 alia
361 503 506 557 finget.
569 502 706 552 Quam
739 503 793 544 ob
826 517 916 544 rem
949 505 992 544 et
1023 503 1095 544 ille
1127 505 1281 556 servet,
1314 503 1427 558 quod

86 562 274 616 paravit,
311 565 354 603 et
392 576 472 617 ego
511 576 578 603 me
616 561 669 602 ad
706 561 767 615 id,
805 562 917 615 quod
950 561 1172 617 adtulerit,
1209 562 1427 618 integrum

86 621 359 662 conservabo.

34 691 67 715 10
174 679 312 721 Venio
344 693 455 721 nunc
487 679 540 721 ad
572 694 666 721 eam
693 679 926 734 civitatem,
957 679 1002 720 in
1028 694 1157 734 quam
1184 693 1263 733 ego
1289 680 1426 721 multa
1441 665 1497 706 22

85 741 129 780 et
171 752 330 793 magna
375 737 515 780 studia
558 741 601 779 et
645 738 787 780 officia
831 738 1009 793 contuli,
1055 740 1098 779 et
1141 753 1268 792 quam
1307 753 1426 780 meus

85 797 218 839 frater
256 798 302 839 in
338 797 490 852 primis
528 797 632 839 colit
670 800 798 851 atque
837 797 994 852 diligit.
1055 796 1172 845 Quae
1205 797 1243 838 si
1274 797 1425 839 civitas

85 870 161 909 per
199 857 314 898 viros
353 856 486 897 bonos
520 869 757 911 gravesque
789 856 984 898 homines
1018 856 1228 910 querellas
1263 856 1316 897 ad
1348 871 1423 898 vos

86 914 323 967 detulisset,
352 915 482 970 paulo
514 929 805 956 commoverer
836 915 988 970 magis.
1038 914 1163 956 Nunc
1189 929 1291 957 vero
1325 915 1426 969 quid

32 985 65 1010 15
85 974 260 1027 putem?
293 972 532 1015 Trallianos
551 973 799 1015 Maeandrio
826 988 999 1015 causam
1017 973 1227 1026 publicam
1255 974 1426 1015 commi-

86 1032 210 1085 sisse,
246 1032 410 1074 homini
447 1032 608 1088 egenti,
645 1033 836 1086 sordido,
874 1032 963 1073 sine
1003 1032 1182 1085 honore,
1220 1032 1311 1074 sine
1343 1032 1423 1074 exi-

86 1091 362 1143 stumatione,
407 1091 497 1132 sine
542 1092 699 1133 censu?
771 1090 859 1132 Ubi
902 1093 1024 1132 erant
1066 1091 1132 1132 illi
1175 1090 1426 1145 Pythodori,

84 1149 311 1203 Aetiderni,
341 1149 541 1205 Epigoni,
567 1151 695 1192 ceteri
720 1150 915 1191 homines
943 1149 1056 1203 apud
1080 1145 1159 1191 nos
1184 1150 1290 1204 noti,
1314 1150 1426 1191 inter

85 1223 185 1250 suos
215 1208 394 1262 nobiles,
425 1209 499 1250 ubi
530 1209 608 1250 illa
639 1209 868 1264 magnifica
900 1211 942 1250 et
975 1208 1165 1263 gloriosa
1191 1209 1425 1250 ostentatio

30 1279 64 1304 20
84 1267 300 1309 civitatis?
345 1267 498 1309 Nonne
531 1270 643 1309 esset
673 1267 881 1322 puditum,
914 1267 951 1309 si
980 1267 1091 1308 hanc
1124 1282 1298 1308 causam
1330 1281 1425 1322 age-

84 1328 179 1366 rent
210 1340 372 1377 severe,
410 1340 498 1367 non
530 1326 656 1368 modo
689 1326 901 1381 legatum,
934 1326 1007 1366 sed
1039 1325 1305 1366 Trallianum
1339 1340 1424 1367 om-

83 1384 184 1425 nino
216 1384 300 1425 dici
324 1383 647 1425 Maeandrium?
697 1384 807 1425 Huic
838 1384 905 1424 illi
934 1384 1093 1439 legato,
1126 1384 1224 1425 huic
1248 1384 1423 1438 publico

84 1443 187 1484 testi
214 1445 443 1496 patronum
470 1457 591 1484 suum
622 1443 709 1484 iam
728 1442 824 1483 inde
846 1458 869 1483 a
889 1445 1010 1496 patre
1030 1445 1158 1496 atque
1178 1443 1424 1496 maioribus,

83 1501 128 1543 L.
161 1500 378 1554 Flaccum,
428 1501 702 1542 mactandum
752 1501 940 1542 civitatis
991 1500 1241 1542 testimonio
1292 1501 1422 1542 tradi-

30 1571 64 1596 25
84 1560 276 1601 dissent?
325 1559 424 1600 Non
456 1562 521 1601 est
551 1561 625 1613 ita,
656 1559 828 1612 iudices,
858 1573 945 1600 non
977 1562 1042 1600 est
1071 1559 1277 1614 profecto.
1321 1559 1423 1601 Vidi

84 1632 163 1674 ego
192 1618 236 1659 in
262 1618 446 1673 quodam
470 1618 626 1660 iudicio
652 1633 788 1673 nuper
813 1617 1093 1659 Philodorum
1117 1619 1274 1659 testem
1300 1617 1422 1660 Tral-

82 1677 263 1731 lianum,
294 1676 382 1718 vidi
412 1676 703 1730 Parrhasium,
734 1676 823 1718 vidi
855 1676 1171 1731 Archidemum,
1204 1691 1300 1718 cum
1333 1677 1422 1731 qui-

83 1736 178 1777 dem
228 1735 341 1777 idem
390 1735 461 1778 hic
509 1735 617 1777 mihi
660 1735 934 1777 Maeandrius
985 1734 1108 1790 quasi
1151 1735 1422 1778 ministrator

85 1795 233 1836 aderat
271 1794 500 1849 subiciens,
538 1794 637 1849 quid
674 1794 720 1836 in
759 1808 858 1835 suos
891 1793 993 1836 civis
1027 1793 1347 1849 civitatemque,
1386 1795 1422 1835 si

31 1863 66 1889 30
83 1853 247 1907 vellem,
279 1853 472 1895 dicerem.
520 1853 642 1894 Nihil
675 1853 787 1894 enim
818 1852 893 1893 illo
926 1852 1099 1894 homine
1130 1853 1278 1905 levius,
1309 1853 1421 1893 nihil

85 1913 297 1966 egentius,
339 1911 448 1953 nihil
495 1911 770 1966 inquinatius.
838 1910 994 1965 Quare,
1039 1911 1075 1952 si
1111 1911 1224 1953 hunc
1260 1911 1422 1952 habent

84 1972 301 2011 auctorem
333 1970 540 2011 Tralliani
573 1970 730 2011 doloris
757 1969 833 2020 sui,
866 1969 902 2011 si
926 1970 1038 2012 hunc
1064 1969 1285 2011 custodem
1310 1969 1422 2010 litte-

83 2042 246 2080 rarum,
295 2029 333 2070 si
374 2028 488 2070 hunc
530 2030 687 2070 testem
730 2028 926 2082 iniuriae,
970 2028 1007 2070 si
1049 2027 1161 2069 hunc
1205 2030 1422 2069 auctorem

85 2087 388 2141 querellarum,
430 2087 657 2129 remittant
701 2086 896 2141 spirituS,
941 2087 1211 2142 conprimant
1256 2086 1419 2127 animos

31 2155 64 2181 35
85 2159 205 2199 suos,
237 2145 384 2186 sedent
415 2146 725 2200 adrogantiam,
755 2145 974 2187 fateantur
1003 2145 1048 2186 in
1080 2143 1300 2186 Maeandri
1331 2158 1422 2198 per-

84 2217 189 2244 sona
238 2217 331 2244 esse
381 2218 626 2258 expressam
671 2204 855 2259 speciem
899 2203 1098 2245 civitatis.
1173 2201 1248 2243 Sin
1289 2202 1421 2243 istum

83 2275 251 2316 semper
287 2261 355 2303 illi
390 2261 475 2317 ipsi
513 2263 628 2304 domi
665 2262 969 2317 proterendum
1009 2264 1051 2303 et
1090 2260 1421 2302 conculcandum

1453 718 1496 748 52

1449 1570 1519 1620 53*
