1619 2542
522 543 584 588 M.
625 542 813 588 TULLI
852 542 1180 590 CICERONIS

234 651 329 704 DE
360 651 544 705 LEGE
588 649 902 705 AGRARIA
946 651 1199 706 ORATIO
1244 651 1467 706 PRIMA

182 752 435 800 CONTRA
472 753 521 800 P.
550 749 895 799 SERVILIUM
932 753 1194 800 RULLUM
1233 754 1522 803 TRPLEB.

664 835 734 881 IN
774 834 1040 883 SENATU.

642 1008 1067 1051 ARGUMENTUM.

276 1089 314 1124 P.
337 1087 513 1123 Servilius
538 1088 670 1122 Rullus
697 1099 778 1122 cum
805 1100 836 1122 a.
865 1088 898 1122 d.
920 1088 970 1123 IV
995 1088 1047 1122 Id.
1074 1089 1159 1124 Dec.
1189 1101 1221 1124 a.
1247 1101 1280 1124 n.
1310 1100 1338 1124 ο.
1367 1093 1434 1125 690
1454 1089 1521 1124 tri-

180 1136 362 1170 bunatum
392 1135 540 1178 inisset,
573 1146 644 1179 quo
678 1135 748 1169 sibi
780 1136 941 1179 gratiam
967 1135 1097 1180 populi
1123 1135 1356 1179 conciliaret,
1389 1136 1521 1170 statim

181 1183 303 1227 legem
328 1182 632 1227 promulgaverat
657 1182 853 1226 agrariam.
893 1181 994 1224 Quae
1019 1183 1079 1216 lex
1105 1193 1188 1216 cum
1213 1183 1361 1226 iniquas
1379 1183 1519 1218 multas

183 1229 419 1264 condiciones
445 1241 563 1273 neque
589 1229 699 1263 utiles
726 1230 777 1263 rei
804 1229 905 1274 publ.
933 1229 1122 1263 continere
1148 1229 1350 1274 videretur,
1374 1241 1447 1274 qua
1473 1230 1519 1264 de

180 1287 219 1311 re
246 1276 394 1321 copiose
422 1276 632 1320 disputatur
656 1276 814 1310 maxime
841 1276 878 1310 in
905 1276 1070 1310 oratione
1097 1276 1142 1310 de
1168 1276 1252 1320 lege
1273 1277 1423 1320 agraria
1442 1276 1477 1310 II
1499 1287 1521 1311 a

181 1334 259 1367 cap.
288 1329 306 1358 7
333 1328 352 1365 ξ
381 1328 433 1366 16,
460 1323 506 1358 M.
534 1322 676 1357 Tullius
704 1323 828 1357 Cicero
854 1323 944 1367 ipsis
971 1323 1146 1357 Kalendis
1174 1323 1357 1357 Ianuariis
1384 1334 1417 1358 a.
1439 1328 1518 1366 691,

180 1381 264 1405 eum
288 1371 448 1414 primum
474 1370 601 1404 consul
626 1369 665 1403 in
690 1371 821 1404 senatu
846 1371 958 1405 verba
976 1369 1077 1413 fecit,
1105 1381 1186 1404 eam
1206 1370 1328 1414 legem
1347 1370 1417 1404 hac
1438 1370 1521 1415 ipsa

180 1418 358 1460 oratione,
384 1418 486 1451 cuius
512 1420 638 1451 tamen
664 1428 800 1461 magna
824 1428 907 1461 pars
932 1416 1092 1460 interiit,
1118 1419 1314 1462 praesente
1339 1417 1378 1452 P.
1406 1417 1520 1452 Rullo

180 1464 369 1499 dissuasit.

591 1604 1110 1647 FRAGMENTA.

272 1690 306 1729 1.
329 1688 463 1730 Cicero
482 1689 685 1730 Kalendis
705 1688 926 1730 Ianuariis
950 1688 997 1729 cle
1022 1689 1102 1741 leye
1120 1689 1314 1741 agyraria:
1339 1688 1519 1730 inberba

179 1747 410 1788 iuventute.
459 1746 641 1799 (Charis.
673 1747 706 1788 I
722 1761 766 1799 p.
799 1748 863 1788 95.
894 1748 979 1797 20.)

268 1805 306 1846 2.
339 1806 377 1847 3.
409 1805 525 1847 Haec
560 1806 696 1858 fissura
732 1803 1077 1859 (διεζευγμένον)
1116 1806 1174 1845 ita
1213 1807 1334 1846 ornat
1363 1807 1401 1845 et
1429 1818 1518 1845 am-

175 1864 333 1916 plificat
374 1865 596 1905 orationem
638 1888 687 1892 —
726 1863 797 1904 hoc
834 1865 971 1905 modo:
1012 1862 1203 1916 Capuam
1242 1863 1406 1904 colonis
1448 1863 1518 1904 de—

181 1922 317 1963 ductis
368 1923 654 1976 occupabunt,
710 1922 901 1962 Atellani
948 1921 1161 1976 praesidio
1212 1921 1514 1975 communient,
1552 1943 1570 1970 5

179 1980 424 2031 Nuceriam,
480 1980 635 2021 Cumas
691 1980 963 2021 multitudine
1020 1994 1194 2020 suorum
1251 1979 1516 2032 obtinebunt,

180 2042 320 2080 cetera
358 2038 515 2092 oppida
553 2039 774 2092 praesidiis
807 2038 1045 2080 divincient.
1110 2038 1208 2078 Tale
1238 2041 1296 2079 est
1325 2041 1362 2079 et
1390 2039 1517 2080 illud:

178 2096 356 2138 Venibit
402 2096 538 2151 igitur
589 2097 667 2138 sub
718 2111 926 2151 praecone
976 2099 1068 2137 tota
1111 2095 1343 2150 Propontis
1389 2099 1517 2150 atque

179 2155 508 2210 Hellespontus,
560 2155 775 2196 addicetur
819 2155 956 2196 omnis
1001 2169 1076 2195 ora
1122 2154 1347 2208 Lyciorum
1391 2157 1517 2208 atque

180 2214 378 2267 Cilicum,
415 2213 553 2267 Mysia
591 2216 632 2254 et
669 2213 861 2268 Phrygia
898 2212 1034 2254 eidem
1072 2213 1310 2254 condicioni
1347 2212 1516 2267 legique
1538 2235 1572 2260 10

180 2273 403 2327 parebunt.
465 2270 641 2326 (Aquila
671 2272 788 2313 Rom.
821 2275 876 2313 43
897 2285 941 2325 p.
973 2274 1039 2312 36.
1072 2275 1114 2321 3,
1147 2272 1275 2313 Mart.
1308 2270 1405 2324 Cap.
1436 2274 1520 2312 537

171 2346 216 2384 2).
248 2334 346 2373 482.
377 2333 435 2373 24
474 2328 638 2385 Halm.)
