1687 2533
529 79 632 115 CAP.
658 83 750 114 4-ss
778 83 796 122 g
823 83 950 115 9—14.
1330 81 1414 122 451

75 174 281 216 Lentulus
309 175 471 229 consul,
502 189 670 230 parens,
697 175 811 229 deus,
837 175 952 216 salus
979 177 1153 217 nostrae
1179 176 1306 230 vitae,
1331 176 1417 218 for-

75 237 216 288 tunae,
241 234 484 284 memoriae,
509 234 710 288 nominis,
738 234 917 276 simulac
943 234 993 276 de
1021 235 1219 276 sollemni
1242 235 1416 277 deorum

76 292 282 347 religione
319 293 506 346 rettulit,
544 293 652 334 nihil
690 293 976 335 humanarum
1007 308 1149 335 rerum
1182 294 1266 335 sibi
1297 294 1415 349 prius

77 366 204 406 quam
243 351 292 392 de
330 366 397 392 me
436 352 647 406 agendum
683 351 897 393 iudicavit.
959 351 1104 407 Atque
1141 367 1190 394 eo
1223 353 1288 394 die
1321 368 1416 395 con-
1446 364 1486 394 12

42 422 58 448 5
77 409 189 451 fecta
222 424 289 451 res
323 413 455 465 esset,
491 410 574 452 nisi
605 411 642 451 is
674 411 873 452 tribunus
905 411 978 465 pL,
1016 426 1140 465 quem
1173 425 1252 467 ego
1284 412 1417 453 maxi-

14 485 18 489 ·
77 469 156 510 mis
200 469 416 511 beneficiis
460 471 730 523 quaestorem
775 470 923 511 consul
967 484 1184 525 ornaram,
1237 485 1331 512 611111
1376 473 1418 512 et

78 530 252 569 cunctus
298 528 400 569 ordo
447 532 489 569 et
531 528 658 569 multi
702 543 796 569 eum
840 529 996 570 summi
1036 528 1117 570 viri
1161 532 1333 570 orarent
1376 533 1419 571 et

78 585 151 627 Cn.
190 586 353 641 Oppius
399 601 535 640 socer,
585 587 772 642 optimus
815 587 898 640 vir,
942 588 995 628 ad
1038 587 1165 642 pedes
1209 588 1315 629 fiens
1360 588 1418 630 ia-

78 648 208 699 ceret,
240 648 410 687 noctem
443 646 523 687 sibi
556 646 609 687 ad
641 645 962 687 deliberandum
993 647 1277 701 postulasset,
1310 662 1417 702 quae

28 716 61 742 10
81 704 330 745 deliberatio
374 719 460 746 non
502 704 547 745 in
589 705 818 758 reddenda,
863 719 989 759 quem
1030 706 1081 746 ad
1120 706 1293 747 modum
1331 720 1419 747 non

76 763 186 804 nulli
213 763 549 817 arbitrabantur,
575 763 659 817 sed,
686 767 733 804 ut
758 763 1022 818 patefactum
1050 766 1127 818 est,
1152 764 1198 805 in
1225 765 1419 819 augenda

77 821 269 863 mercede
303 825 556 876 consumpta
582 825 657 864 est.
707 822 864 864 Postea
889 837 956 864 res
983 825 1080 864 acta
1105 826 1171 864 est
1195 823 1240 864 in
1266 826 1418 865 senatu

78 880 162 921 alia
182 881 315 934 nulla,
335 896 429 922 cum
451 881 580 922 variis
601 881 841 922 rationibus
863 881 1158 936 impediretur;
1179 882 1251 923 sed
1273 883 1418 923 volun-

77 942 168 980 tate
213 942 357 981 tamen
399 942 624 994 perspecta
667 943 841 981 senatus
886 955 1015 981 causa
1060 941 1113 981 ad
1154 956 1228 982 vos
1274 956 1417 982 mense

25 1011 58 1036 15
77 998 277 1040 Ianuario
317 998 596 1040 deferebatur.
656 998 739 1041 Hic
776 1001 947 1040 tantum
979 999 1174 1040 interfuit
1205 999 1318 1040 inter
1350 1014 1417 1041 me
1446 1010 1487 1041 13

78 1060 120 1098 et
163 1057 359 1099 inimicos
403 1072 539 1099 meos:
582 1057 697 1111 Ego,
743 1072 838 1099 cum
883 1057 1078 1099 homines
1122 1059 1167 1099 in
1210 1058 1418 1099 tribunali

78 1116 254 1158 Aurelio
293 1116 439 1170 palam
472 1117 682 1158 conscribi
716 1116 1030 1170 centuriarique
1063 1116 1282 1171 vidissem,
1322 1132 1418 1158 611111

77 1175 373 1230 intellegerem
409 1177 574 1217 veteres
618 1175 671 1217 ad
703 1190 822 1230 spem
854 1175 994 1217 caedis
1027 1171 1240 1217 Catilinae
1272 1176 1417 1230 copias

78 1248 169 1275 esse
214 1237 454 1288 revocatas,
498 1249 593 1276 cum
637 1234 824 1276 viderem
870 1248 920 1275 ex
964 1249 1013 1275 ea
1049 1237 1171 1288 parte
1210 1235 1418 1288 homines,

25 1305 58 1330 20
78 1292 195 1334 cuius
233 1293 368 1347 partis
405 1307 484 1334 nos
515 1293 584 1334 vel
622 1293 837 1347 principes
868 1293 1219 1346 numerabamur,
1256 1294 1418 1347 partim

80 1351 192 1405 quod
224 1351 329 1392 1111111
360 1351 617 1404 inviderent,
648 1351 807 1405 partim
840 1351 952 1405 quod
985 1350 1067 1392 sibi
1098 1352 1311 1405 timerent,
1344 1354 1419 1392 aut

78 1409 318 1464 proditores
352 1424 442 1451 esse
476 1412 548 1451 aut
579 1410 818 1451 desertores
853 1409 1004 1450 salutis
1037 1424 1174 1462 meae,
1207 1425 1302 1451 cum
1336 1410 1417 1451 duo

79 1468 274 1510 consules
308 1468 442 1522 empti
473 1468 670 1522 pactione
702 1468 1019 1522 provinciarum
1047 1471 1240 1509 auctores
1268 1482 1312 1509 se
1338 1468 1418 1509 ini-

78 1527 199 1568 micis
237 1526 298 1567 rei
335 1526 532 1581 publicae
565 1527 859 1577 tradidissent,
899 1541 993 1568 cum
1027 1529 1281 1581 egestatem,
1320 1542 1418 1568 ava-

25 1598 58 1623 25
78 1585 235 1639 ritiam,
268 1585 465 1626 libidines
498 1600 596 1626 suas
629 1586 820 1626 viderent
852 1585 1014 1639 expleri
1045 1600 1131 1626 non
1163 1600 1302 1640 posse,
1333 1586 1418 1626 nisi

77 1658 139 1686 mc
176 1644 456 1685 constrictum
494 1644 738 1685 domesticis
777 1644 975 1685 hostibus
1002 1644 1281 1697 dedidissent,
1321 1658 1417 1685 cum

79 1706 251 1745 senatus
303 1702 543 1757 equitesque
584 1702 767 1744 Romani
806 1703 904 1743 flere
942 1717 1019 1768 pro
1058 1717 1125 1743 me
1164 1717 1211 1744 ac
1249 1705 1417 1744 mutata

78 1765 194 1803 veste
235 1761 357 1803 vobis
391 1762 629 1816 supplicale
662 1761 809 1802 edictis
842 1764 970 1815 atque
1001 1761 1192 1816 imperiis
1224 1764 1416 1803 vetaren-

78 1823 158 1875 tur,
190 1835 285 1862 cum
318 1820 507 1862 omnium
539 1820 854 1874 provinciarum
887 1820 1119 1874 pactiones,
1152 1835 1247 1861 cum
1275 1820 1417 1862 omnia

25 1891 58 1917 30
78 1894 174 1921 cum
226 1879 423 1921 omnibus
474 1879 646 1920 foedera
688 1878 1133 1931 reconciliationesque
1177 1879 1416 1934 gratiarum

78 1938 283 1993 sanguine
316 1952 411 1979 meo
444 1937 724 1988 sancirentur,
757 1952 851 1978 cum
884 1951 1030 1978 omnes
1062 1938 1165 1978 boni
1190 1952 1278 1979 non
1303 1951 1417 1977 recu-

79 2000 240 2050 sarent,
280 1997 381 2050 quin
417 1998 484 2038 vel
522 2011 599 2051 pro
638 2011 705 2037 1116
737 1996 805 2037 vel
843 2010 1008 2037 mecum
1040 1996 1246 2050 perirent,
1285 1995 1416 2036 armis

77 2055 292 2096 decertare
330 2069 407 2110 pro
446 2069 541 2096 mea
579 2055 717 2096 salute
754 2054 891 2107 nolui,
936 2055 1048 2109 quod
1086 2058 1129 2096 et
1166 2055 1332 2096 vincere
1374 2056 1417 2094 et

76 2114 188 2156 vinci
222 2114 465 2155 luctuosum
495 2114 557 2155 rei
588 2113 786 2168 publicae
818 2113 907 2154 fore
939 2113 1099 2167 putavi.
1161 2112 1221 2153 At
1252 2111 1416 2152 inimici
1445 2121 1488 2151 14

22 2183 56 2209 35
76 2172 171 2226 mei,
204 2186 348 2213 mense
380 2171 578 2214 Ianuario
612 2187 707 2213 cum
740 2172 789 2212 (16
821 2186 888 2213 1116
921 2174 1132 2226 ageretur,
1167 2170 1416 2224 corporibus

77 2231 232 2272 civium
280 2230 505 2272 trucidatis
554 2231 728 2271 flumine
780 2230 1000 2286 sanguinis
1046 2244 1186 2271 meum
1231 2229 1416 2269 reditum

77 2288 445 2331 intercludendum
476 2291 747 2344 putaverunt.
802 2288 973 2344 Itaque,
1006 2289 1104 2330 dum
1139 2301 1216 2342 ego
1251 2287 1414 2339 absum,
1443 2286 1469 2327 6

1133 2356 1203 2390 29*
