1619 2542
552 67 655 102 CAP.
675 72 712 111 4,
739 71 759 101 5
786 71 805 109 ξ
834 71 980 102 10—16.
1371 67 1455 108 183

111 163 395 217 vectigalibus
422 163 664 217 recipiatur,
690 164 771 205 hac
796 163 859 204 uti
885 163 1159 204 decemviros.
1198 162 1330 211 Quasi
1352 178 1454 205 vero

110 237 197 264 non
228 223 527 276 intellegamus
560 222 664 263 haec
698 236 769 263 eos
802 222 1051 277 vectigalia,
1084 236 1192 275 quae
1225 220 1298 263 Cn.
1329 221 1455 263 Pom-

110 281 230 335 peius
264 281 514 334 adiunxerit,
545 281 726 322 vendere
758 282 958 336 cogitare.

199 339 365 380 Videtis
403 339 506 391 iam,
546 342 691 393 patres
731 339 981 393 conscripti,
1021 339 1219 380 omnibus
1252 340 1379 380 rebus
1412 342 1455 381 et

75 398 249 439 zmodis
288 399 578 439 constructam
617 406 659 439 et
697 401 991 440 coacervatam
1027 398 1250 452 pecuniam
1291 399 1454 440 decem-

112 457 301 497 viralem.
344 456 561 497 Minuetur
591 456 718 498 huius
745 457 949 511 pecuniae
976 457 1154 511 invidia3
1180 460 1453 498 consumetur

111 516 223 556 enim
262 516 306 556 in
345 528 546 569 agrorum
588 516 891 569 emptionibus.
947 514 1143 569 Optume.
1207 515 1310 564 Quis
1349 530 1452 571 ergo

111 577 223 615 emet
255 587 382 629 agros
408 574 545 614 istos?
584 574 702 615 Idem
735 574 980 627 decemviri3
1013 576 1072 628 tu,
1104 574 1243 628 Rulle,
1276 574 1452 629 (missos

112 634 225 673 enim
262 632 373 673 facio
413 630 596 686 ceteros)
635 647 767 685 erues,
806 633 919 687 quod
951 633 1088 686 voles,
1126 634 1301 687 vendes,
1340 634 1454 687 quod

58 702 92 726 10
110 692 246 745 voles,
283 694 511 745 utrumque
552 691 706 732 horum
746 691 896 744 facies,
935 693 1084 746 quanti
1124 693 1256 733 voles.
1319 691 1453 733 Cavet

112 751 223 791 enim
255 750 320 792 vir
352 750 553 803 optimus,
584 765 636 791 ne
663 752 777 791 emat
804 750 857 791 ab
884 750 1031 792 invito.
1082 749 1214 799 Quasi
1239 765 1340 792 vero
1367 766 1453 792 non

111 809 413 863 intellegamus
448 808 501 849 ab
534 809 669 851 invito
702 823 842 850 emere
867 808 1124 850 iniuriosum
1151 824 1256 863 esse,
1288 810 1341 850 ab
1368 824 1454 851 non

110 867 244 908 invito
290 870 606 922 quaestuosum.
675 867 891 916 Quantum
936 868 1017 909 tibi
1056 868 1150 924 agri
1191 869 1362 919 vendet,
1406 871 1454 909 ut

111 926 217 968 alios
250 926 466 980 omittam,
500 940 618 968 socer
649 929 768 980 tuus,
808 929 862 979 et,
895 926 930 967 si
962 940 1040 981 ego
1074 927 1164 968 eius
1191 927 1453 981 aequitatem

59 994 90 1020 15
112 985 242 1025 animi
274 986 406 1039 probe
438 985 556 1038 novi,
597 985 751 1026 vendet
781 999 869 1026 non
900 985 1090 1028 invitus?
1132 985 1308 1026 Facient
1340 986 1450 1027 idem

111 1044 239 1085 ceteri
271 1043 467 1096 libenter,
499 1046 547 1084 ut
572 1044 859 1098 possessionis
892 1044 1098 1085 invidiam
1129 1045 1310 1099 pecunia
1342 1060 1453 1086 com-

110 1105 294 1156 mutent,
327 1102 557 1157 accipiant,
595 1103 707 1156 quod
740 1103 934 1157 cupiunt,
975 1103 1093 1156 dent,
1126 1103 1239 1158 quod
1270 1103 1452 1145 retinere

111 1161 180 1202 vix
212 1164 407 1215 possunt.

198 1219 322 1261 Nunc
353 1219 583 1274 perspicite
610 1221 800 1261 omnium
827 1235 971 1261 rerum
997 1220 1212 1262 infinitam
1239 1224 1366 1275 atque
1393 1221 1454 1261 in-

57 1289 92 1313 20
111 1278 379 1320 tolerandam
425 1279 657 1320 licentiam.
724 1279 911 1320 Pecunia
947 1283 1096 1320 coacta
1133 1282 1198 1320 est
1236 1279 1289 1320 ad
1327 1293 1453 1334 agros

112 1337 330 1391 emendos3
363 1337 394 1378 ii
425 1352 552 1391 porro
587 1338 640 1378 ab
672 1337 819 1378 invitis
845 1352 932 1378 non
959 1340 1163 1378 ementur.
1209 1336 1253 1378 Si
1280 1352 1453 1379 consen-

112 1395 245 1436 serint
290 1410 558 1449 possessores
602 1411 688 1438 non
731 1396 929 1449 vendere,
977 1396 1077 1449 quid
1119 1396 1312 1437 futurum
1359 1397 1453 1437 est‘?

112 1453 335 1494 Referetur
383 1455 592 1508 pecunia?
671 1454 768 1495 Non
818 1454 928 1496 licet.
999 1454 1240 1509 Exigetur‘?
1308 1454 1453 1496 Vetat.

111 1511 273 1553 Verum
306 1514 415 1565 esto3
447 1513 555 1553 nihil
582 1515 659 1566 est,
685 1513 796 1562 quod
821 1527 908 1553 non
934 1512 1017 1552 emi
1043 1513 1194 1566 possit,
1221 1512 1256 1553 si
1282 1515 1454 1554 tantum

59 1581 92 1606 25
113 1570 198 1624 des,
230 1573 439 1625 quantum
470 1571 574 1611 velit
605 1571 812 1612 venditor.
866 1569 1105 1624 Spoliemus
1138 1572 1286 1612 orbem
1318 1574 1453 1612 terra-

112 1644 224 1680 rum,
270 1629 502 1670 vendamus
539 1629 786 1684 vectigalia,
831 1629 1095 1670 effundamus
1133 1629 1361 1683 aerarium,
1405 1632 1454 1671 ut

112 1688 384 1742 locupletatis
418 1691 491 1729 aut
522 1687 706 1729 invidiae
732 1690 806 1728 aut
831 1688 1104 1742 pestilentiae
1130 1689 1452 1742 possessoribus

114 1746 208 1801 agri
238 1749 384 1787 tamen
416 1749 624 1787 emantur.

202 1803 311 1853 Quid
342 1805 463 1846 tum‘?
498 1820 603 1859 quae
636 1805 717 1845 erit
742 1805 786 1845 in
812 1804 919 1846 istos
947 1819 1073 1859 agros
1101 1805 1308 1859 deductio,
1341 1821 1449 1860 quae

61 1872 96 1899 3⁰
114 1863 248 1904 totius
274 1863 336 1904 rei
367 1864 478 1905 ratio
505 1868 632 1918 atque
658 1863 916 1917 descriptio?
962 1863 1277 1918 ‘Deducentur',
1303 1865 1453 1919 inquit,

116 1921 349 1963 ‘coloniae’.
414 1921 536 1970 Quo?
577 1936 757 1975 quorum
798 1921 1049 1963 hominum?
1097 1923 1142 1963 in
1180 1937 1288 1977 quae
1326 1923 1452 1964 loca‘?

116 1979 219 2029 Quis
252 1980 364 2021 enim
395 1995 483 2022 non
512 1980 628 2021 videt
660 1982 703 2021 in
735 1980 912 2021 coloniis
944 1995 1035 2022 esse
1060 1981 1165 2023 haec
1190 1981 1333 2022 omnia
1360 1996 1454 2022 con·

117 2038 368 2080 sideranda‘?
430 2038 526 2080 Tibi
559 2054 653 2092 nos,
684 2038 827 2091 Rulle,
860 2041 902 2079 et
932 2039 1028 2080 istis
1060 2039 1146 2081 tuis
1177 2040 1329 2080 harum
1363 2054 1453 2080 om—

115 2097 234 2137 nium
274 2111 415 2138 rerum
460 2097 826 2139 machinatoribus
863 2099 1001 2138 totam
1038 2098 1209 2139 Italiam
1247 2098 1453 2139 inermem

65 2164 98 2190 ³5
117 2155 351 2195 tradituros
389 2156 662 2208 existimasti,
700 2170 827 2209 quam
868 2156 1090 2210 praesidiis
1130 2156 1453 2209 confirmaretis,

118 2213 298 2254 coloniis
349 2215 630 2268 occuparetis,
682 2214 878 2255 omnibus
922 2214 1074 2256 vinclis
1126 2214 1366 2255 devinctam
1410 2218 1452 2255 et

118 2271 394 2312 constrictam
426 2272 658 2313 teneretis?
709 2271 795 2313 Ubi
827 2272 938 2313 enim
970 2276 1155 2326 cavetur,
1186 2287 1238 2313 ne
1269 2272 1314 2312 in
1345 2272 1453 2314 Iani—

1484 315 1502 322 ,ο

1480 327 1507 355 Ο

1482 366 1524 396 14

1483 1230 1525 1261 15

1479 1818 1522 1848 16
