1619 2542
100 552 119 581 ex
92 499 121 541 0³

99 1987 127 2027 4

142 132 229 173 264
465 131 517 166 ΙΝ
542 131 582 166 L.
610 130 873 166 CATILINAM
901 127 1078 164 ORATIO
1098 127 1143 162 Π.

142 231 261 270 131113
300 228 461 269 exierit.
524 226 698 269 Utinam
736 226 810 266 ille
849 224 985 266 omnis
1024 237 1166 265 secum
1204 238 1302 265 suas
1334 224 1477 277 copias

144 287 373 328 eduxisset!
430 285 677 341 Tongilium
722 284 828 325 mihi
872 282 1033 335 eduxit,
1078 297 1203 337 quem
1249 297 1390 323 amare
1433 282 1478 323 in

144 348 366 398 praetexta
404 348 619 399 coeperat,
657 343 898 384 Publicium
936 345 977 382 et
1006 341 1257 393 Minucium,
1298 355 1477 395 quorum

146 419 217 446 aes
245 405 432 446 alienum
459 405 725 444 contractum
751 402 796 442 111
821 401 980 456 popina
1004 400 1173 441 nullum
1198 399 1259 440 rei
1283 400 1478 455 publicae

146 466 311 505 motum
350 462 512 503 adferre
551 464 739 516 poterat3
783 460 955 514 reliquit
991 473 1096 513 quos
1138 459 1270 510 viros,
1316 462 1476 512 quanto
1497 469 1513 496 5

147 537 242 563 aere
294 522 450 574 alieno,
495 535 618 574 quam
672 519 873 570 valentis,
915 533 1043 572 quam
1085 517 1262 559 nobilis!
1328 517 1479 571 Itaque

147 594 226 634 ego
258 581 381 621 illum
414 579 644 620 exercitum
676 593 777 632 prae
804 577 1038 618 Gallicanis
1064 576 1305 631 legionibus
1331 578 1374 616 et
1398 575 1480 617 hoc

147 640 322 692 dilectu,
362 653 487 692 quem
524 638 569 678 111
600 651 704 692 agro
736 637 890 678 Piceno
931 638 972 676 et
1008 634 1172 677 Gallico
1205 634 1252 683 Q.
1282 634 1479 676 Metellus

146 698 315 751 habuit,
342 700 384 738 et
410 697 476 738 1113
503 696 647 750 copiis,
674 710 780 750 quae
801 711 826 736 a
844 694 968 736 nobis
991 694 1144 735 cotidie
1166 695 1480 747 comparantur,

147 771 303 811 magno
331 770 456 809 opere
477 758 702 797 contemno
724 754 947 796 collectum
968 767 1017 794 ex
1039 753 1211 794 senibus
1232 752 1480 806 desperatis,
1501 763 1534 788 10

148 830 198 856 ex
231 816 393 869 agresti
417 814 596 867 luxuria,
629 828 678 854 ex
703 812 874 854 rusticis
902 812 1206 865 decoctoribus,
1238 826 1287 853 ex
1313 811 1378 864 iis,
1410 811 1482 865 qui

146 873 391 915 vadimonia
423 873 613 914 deserere
646 886 774 926 quam
805 871 926 912 illum
959 871 1189 912 exercitum
1220 870 1481 923 maluerunt3

149 933 303 987 quibus
331 946 410 987 ego
438 946 523 973 non
549 930 674 972 modo
701 931 738 971 si
763 930 895 971 aciem
921 929 1128 970 exercitus
1154 929 1303 982 nostri,
1333 943 1481 970 verum

149 992 279 1033 etiam
311 991 348 1031 31
381 990 564 1031 edictum
591 988 801 1044 praetoris
828 988 1064 1041 ostendero,
1097 987 1328 1029 concident.
1377 987 1481 1040 Hos,

149 1065 254 1105 quos
297 1049 420 1090 video
459 1048 642 1090 volitare
686 1048 730 1088 in
767 1047 876 1099 foro,
922 1061 1026 1101 quos
1066 1050 1180 1087 stare
1219 1046 1271 1087 ad
1309 1046 1481 1099 curiam,
1501 1055 1535 1082 15

149 1123 254 1162 quos
293 1107 423 1148 etiam
463 1107 507 1147 in
540 1108 734 1147 senatum
766 1105 927 1158 venire,
968 1105 1038 1159 qui
1069 1106 1207 1146 nitent
1239 1104 1481 1159 unguentis,

150 1167 222 1221 qui
252 1166 421 1220 fulgent
451 1180 651 1220 purpura,
682 1164 857 1205 mallem
890 1178 1032 1205 secum
1065 1178 1163 1205 suos
1195 1163 1354 1204 milites
1387 1162 1482 1204 edu-

149 1226 300 1277 xisset3
346 1225 418 1278 qui
461 1225 497 1265 si
540 1224 608 1265 hic
652 1226 920 1278 permanent,
963 1224 1219 1263 mementote
1262 1236 1348 1263 non
1391 1224 1481 1262 tam

151 1283 380 1325 exercitum
418 1283 540 1323 illum
573 1296 664 1324 esse
696 1281 817 1322 nobis
851 1296 979 1336 quam
1010 1281 1107 1333 hos,
1146 1281 1217 1335 qui
1249 1280 1480 1322 exercitum

150 1343 440 1394 deseruerunt,
480 1341 852 1396 pertimescendos.
918 1339 1061 1393 Atque
1098 1340 1176 1380 hoc
1216 1339 1345 1380 etiam
1383 1341 1482 1380 sunt
1502 1349 1537 1374 20

150 1399 329 1442 timendi
360 1400 510 1455 magis,
542 1399 666 1454 quod,
698 1399 799 1453 quid
830 1398 1031 1452 cogitent,
1062 1413 1128 1439 me
1160 1398 1268 1440 scire
1294 1397 1484 1439 sentiunt

150 1474 287 1514 neque
318 1462 463 1499 tamen
494 1460 807 1511 permoventur.
857 1456 1010 1510 Video,
1042 1458 1109 1498 cui
1139 1457 1197 1498 sit
1227 1456 1386 1511 Apulia
1416 1455 1484 1497 ad-

150 1518 333 1571 tributa,
373 1517 467 1571 quis
499 1517 657 1558 habeat
687 1516 927 1569 Etruriam,
961 1515 1055 1570 quis
1089 1529 1239 1570 agrum
1270 1515 1484 1568 Picenum,

151 1577 244 1631 quis
278 1575 509 1627 Gallicum,
549 1575 642 1630 quis
682 1575 764 1616 sibi
800 1575 878 1616 has
920 1575 1105 1616 urbanas
1137 1574 1311 1615 insidias
1344 1573 1483 1615 caedis

151 1638 277 1689 atque
330 1635 625 1676 incendiorum
683 1633 988 1688 depoposcerit.
1054 1632 1207 1674 Omnia
1255 1632 1482 1687 superioris
1503 1643 1538 1669 25

150 1694 288 1735 noctis
330 1693 508 1734 consilia
546 1693 598 1734 ad
636 1707 702 1733 me
740 1693 905 1747 perlata
937 1706 1028 1733 esse
1061 1691 1266 1744 sentiunt3
1304 1690 1484 1744 patefeci

151 1753 196 1793 in
234 1753 385 1792 senatu
416 1751 617 1792 hesterno
651 1751 735 1804 die3
773 1749 960 1792 Catilina
990 1750 1081 1804 ipse
1114 1749 1351 1804 pertimuit,
1387 1763 1483 1803 pro-

151 1809 281 1864 fugit,
312 1809 357 1850 hi
390 1809 490 1862 quid
522 1810 775 1864 expectant?
836 1809 900 1850 Ne
932 1809 996 1849 illi
1027 1809 1298 1849 vehementer
1329 1810 1484 1859 errant,

152 1869 188 1909 si
218 1868 341 1908 illam
370 1882 509 1908 meam
534 1868 761 1922 pristinam
788 1867 1009 1909 lenitatem
1035 1869 1283 1921 perpetuam
1311 1869 1485 1920 sperant

150 1926 351 1967 futuram.
1503 1935 1540 1961 30

241 1983 362 2033 Quod
393 1984 627 2037 expectavi,
659 1985 741 2026 iam
774 1999 869 2025 sum
895 1984 1132 2035 adsecutus,
1164 1985 1211 2023 ut
1236 1996 1312 2024 vos
1339 1997 1484 2024 01111103

151 2043 312 2085 factam
339 2056 429 2083 esse
457 2045 602 2096 aperte
628 2043 962 2084 coniurationem
988 2044 1137 2084 contra
1161 2055 1249 2082 rem
1269 2041 1485 2094 publicam

152 2101 372 2154 videretis,
410 2100 493 2141 nisi
534 2115 634 2142 vero
672 2101 709 2142 31
740 2101 834 2155 quis
867 2103 948 2155 est,
986 2100 1057 2154 qui
1089 2098 1300 2140 Catilinae
1333 2099 1484 2140 similis

154 2175 249 2202 cum
281 2158 466 2202 Catilina
498 2158 654 2200 sentire
685 2174 773 2201 11011
802 2161 935 2214 putet.
985 2157 1083 2199 Non
1114 2160 1180 2199 est
1204 2158 1291 2200 iam
1316 2157 1486 2199 lenitati

154 2220 288 2272 locus3
321 2217 591 2259 severitatem
616 2231 682 2258 res
708 2218 802 2271 ipsa
827 2217 1007 2271 flagitat.
1051 2215 1192 2258 Unum
1219 2216 1350 2258 etiam
1374 2231 1485 2258 nunc
1503 2226 1538 2253 35

154 2277 399 2319 concedam:
445 2279 613 2328 exeant,
656 2276 996 2328 proficiscantur,
1032 2288 1085 2315 ne
1122 2275 1343 2330 patiantur
1381 2275 1485 2316 desi-

154 2336 270 2377 derio
304 2334 369 2376 sui
395 2333 627 2377 Catilinam
660 2334 861 2375 miserum
892 2333 1119 2375 tabescere.
1168 2333 1484 2375 Demonstrabo
