1687 2533
525 93 626 130 CAP.
653 98 789 130 33-35
817 98 835 137 ξ
863 98 1012 130 87—94.
1345 96 1429 137 491

92 190 241 233 sceleri
273 191 539 233 restitissem.
596 190 677 233 Sed
708 190 924 245 publicam
958 205 1129 233 causam
1162 194 1313 233 contra
1344 192 1431 233 vim

93 252 302 292 armatam
342 250 430 291 sinc
469 249 640 304 publico
679 249 892 304 praesidio
925 249 1139 305 suscipere
1171 250 1307 300 nolui,
1344 265 1431 292 non

91 323 174 363 quo
199 308 305 349 mihi
324 307 370 349 P.
392 308 612 362 Scipionis,
636 307 861 349 fortissimi
889 308 979 361 viri,
1005 309 1068 350 vis
1089 309 1132 350 in
1153 308 1215 350 Ti.
1236 308 1431 363 Graccho,

91 367 249 421 privati
281 367 484 420 hominis,
516 367 770 421 displiceret,
803 366 876 408 sed
909 366 1118 422 Scipionis
1151 368 1313 409 factum
1347 371 1430 409 sta-

55 426 170 467 stim
207 425 254 468 P.
290 425 457 467 Mucius
502 426 666 478 consul,
711 426 781 480 qui
826 425 871 466 in
915 426 1099 482 gerenda
1136 441 1181 468 re
1221 427 1427 481 [publica]

90 485 325 538 putabatur
371 484 502 526 fuisse
542 484 731 539 segnior,
775 487 899 540 gesta
937 485 1083 526 multis
1123 488 1296 526 senatus
1335 500 1429 527 con-

91 543 215 584 sultis
246 558 333 584 non
364 543 490 585 modo
518 542 714 595 defendit,
747 543 819 584 sed
847 544 976 584 etiam
1005 544 1192 597 ornavit3
1224 544 1330 585 mihi
1357 548 1430 586 aut

90 604 133 643 te
165 602 390 643 interfecto
424 617 518 643 cum
551 601 796 643 consulibus
830 605 904 643 aut
935 605 977 643 te
1009 602 1106 644 vivo
1140 605 1184 643 et
1213 605 1355 644 tecum
1388 607 1430 644 et

91 675 186 702 cum
218 661 305 701 illis
339 661 467 701 armis
501 660 801 702 decertandum
831 660 926 702 fuit.
981 660 1121 702 Erant
1153 675 1202 702 eo
1234 664 1429 716 tempore

38 732 71 756 10
91 719 226 760 multa
264 719 393 760 etiam
432 719 516 761 alia
554 719 797 774 metuenda3
838 719 906 765 adv
931 734 1074 762 servos
1107 720 1271 761 medius
1302 720 1428 762 fidius

90 792 157 819 res
182 778 352 832 publica
378 778 586 831 venisset,
617 780 787 819 tantum
812 777 1007 820 homines
1034 778 1189 833 impios
1217 793 1267 820 ex
1287 783 1428 821 vetere

89 837 166 877 illa
204 837 494 878 coniuratione
531 837 722 878 inustum
759 837 935 878 nefariis
969 837 1185 878 mentibus
1218 838 1428 879 bonorum

90 895 233 936 odium
266 896 451 936 tenebat.

176 953 258 995 Hic
283 957 330 994 tu
358 969 424 995 me
451 955 580 995 etiam
607 954 786 1009 gloriari
812 956 949 1008 vetas3
975 968 1108 1010 negas
1129 968 1222 995 esse
1242 954 1428 1008 ferenda,

37 1025 70 1050 15
92 1027 198 1066 quae
240 1013 397 1054 soleam
436 1012 486 1054 de
524 1027 590 1053 me
628 1013 892 1066 praedicare,
931 1015 973 1053 et
1010 1013 1139 1054 homo
1171 1013 1336 1054 facetus
1368 1014 1429 1054 in-

90 1071 206 1113 ducis
257 1071 385 1112 etiam
435 1085 673 1112 sermonem
717 1072 927 1113 urbanum
974 1086 1021 1113 ac
1065 1074 1312 1121 venustum,
1362 1086 1428 1113 me

90 1130 227 1171 dicere
277 1132 412 1171 solere
463 1144 554 1171 esse
599 1144 666 1171 me
709 1129 874 1184 Iovem,
925 1129 1187 1184 eundemque
1232 1130 1428 1172 dictitare

87 1187 323 1230 Minervam
368 1203 459 1230 esse
505 1203 695 1230 sororem
739 1203 888 1230 meam.
962 1187 1061 1230 Non
1103 1191 1191 1230 tam
1237 1189 1427 1230 insolens

90 1261 200 1299 sum,
250 1247 360 1302 quod
404 1246 550 1289 Iovem
596 1261 686 1288 esse
731 1262 799 1288 me
844 1247 956 1301 dico,
1007 1262 1134 1301 quam
1177 1247 1428 1299 ineruditus,

36 1318 70 1343 ‘20
90 1306 202 1359 quod
249 1305 487 1347 Minervam
537 1320 726 1347 sororem
775 1305 889 1346 Iovis
943 1319 1035 1346 esse
1087 1305 1300 1359 existimo3
1355 1306 1427 1347 sed

89 1367 233 1405 tamen
272 1378 350 1419 ego
383 1364 488 1404 mihi
521 1378 711 1405 sororem
743 1363 954 1419 virginem
987 1363 1195 1416 adscisco,
1233 1367 1281 1405 tu
1314 1379 1427 1406 soro-

89 1436 179 1463 rem
216 1425 335 1463 tuam
373 1422 583 1477 virginem
622 1436 713 1463 esse
744 1436 830 1463 non
863 1422 969 1463 sisti.
1032 1421 1112 1463 Sed
1144 1422 1257 1476 vide,
1295 1437 1347 1464 ne
1379 1425 1427 1464 tu

88 1484 131 1522 te
165 1481 303 1522 soleas
334 1480 479 1522 Iovem
507 1481 668 1534 ducere,
701 1481 814 1545 quod
840 1484 886 1521 tu
911 1481 1002 1521 iure
1030 1481 1207 1522 eandem
1235 1495 1425 1523 solorem

90 1542 132 1580 et
169 1554 345 1580 uxorem
385 1539 599 1593 appellare
636 1539 788 1594 possis.
851 1539 909 1580 Et
941 1539 1143 1593 quoniam
1175 1539 1256 1581 hoc
1287 1555 1424 1594 repre-

35 1598 251 1651 25l1endis,
283 1597 394 1652 quod
427 1598 562 1639 solere
595 1612 661 1638 me
695 1597 808 1639 dicas
843 1598 892 1638 de
924 1612 990 1638 1119
1021 1598 1161 1652 ipsum
1195 1578 1472 1653 gloriosius9

88 1657 345 1711 praedicare,
377 1656 471 1710 quis
506 1671 707 1710 umquam
734 1656 908 1706 audivit,
940 1671 1036 1697 cum
1068 1670 1148 1721 ego
1174 1656 1224 1697 de
1251 1671 1317 1698 1119
1343 1658 1427 1699 nisi

89 1718 259 1757 coactus
298 1729 346 1756 ac
383 1715 621 1756 necessario
654 1714 868 1756 dicerem?
930 1713 1061 1765 Nam,
1100 1730 1152 1769 Sl,
1194 1729 1288 1756 cum
1320 1716 1427 1756 mihi

88 1773 213 1827 furta,
245 1773 510 1828 largitiones,
542 1772 740 1814 libidines
774 1773 1030 1826 obiciuntur,
1061 1786 1140 1828 ego
1167 1774 1425 1828 respondere

90 1833 204 1874 soleo
236 1832 341 1873 meis
374 1832 582 1885 consiliis,
614 1831 831 1886 periculis,
864 1832 1082 1873 laboribus
1113 1831 1301 1886 patriam
1333 1847 1425 1874 esse

36 1902 70 1928 30
90 1893 314 1944 servatam,
346 1905 432 1931 non
462 1893 552 1931 tam
586 1904 678 1931 sum
710 1890 1018 1931 existimandus
1051 1890 1101 1931 de
1134 1892 1266 1945 gestis
1299 1891 1424 1932 rebus

89 1949 266 2003 gloriari
298 1964 423 2004 quam
457 1949 506 1989 de
538 1948 714 1990 obiectis
748 1949 951 1990 confiteri.
1002 1947 1094 2003 Sed,
1128 1950 1163 1989 si
1196 1949 1301 1990 mihi
1328 1952 1425 1990 ante

87 2007 193 2048 haec
238 2007 465 2048 durissima
508 2007 569 2048 rei
612 2007 807 2061 publicae
845 2010 1039 2061 tempora
1076 2007 1185 2048 nihil
1222 2022 1424 2061 umquam

90 2065 203 2106 aliud
236 2066 450 2107 obiectum
483 2068 548 2107 est
572 2065 653 2107 nisi
683 2065 912 2107 crudelitas
940 2066 1027 2107 eius
1054 2066 1178 2107 unius
1205 2066 1424 2119 temporis,

90 2137 184 2164 cum
217 2138 242 2164 a
272 2124 413 2177 patria
444 2124 673 2178 perniciem
706 2124 864 2178 depuli,
904 2124 1032 2178 quid?
1070 2139 1136 2165 me
1167 2123 1266 2165 huic
1298 2124 1424 2165 male—

38 2192 72 2218 35
93 2181 204 2223 dicto
249 2184 392 2223 utrum
435 2197 522 2223 non
562 2183 818 2236 respondere
858 2197 911 2224 an
950 2183 1130 2224 demisse
1168 2182 1423 2236 respondere

93 2239 260 2280 decuit?
304 2239 398 2295 Ego
431 2254 530 2282 vero
563 2241 691 2282 etiam
717 2241 778 2282 rei
803 2241 1000 2294 publicae
1027 2254 1194 2294 semper
1218 2240 1423 2282 interesse
1450 2240 1499 2283 94'

91 2298 241 2353 putavi
272 2312 339 2339 me
364 2298 481 2339 illius
507 2299 781 2353 pulcherrimi
806 2299 921 2354 facti,
955 2299 1064 2353 quod
1091 2313 1140 2340 ex
1168 2298 1422 2340 auctoritate

1456 673 1499 704 92

1443 1555 1464 1567 υ

1444 1527 1496 1609 “95
