1619 2542
580 126 679 161 CAP.
707 131 797 162 5-—7
825 131 843 170 g
872 131 1019 162 10-14.
1361 128 1446 169 267

111 222 284 266 exilium
310 223 450 264 iussus
477 225 553 276 est,
583 223 740 277 panuit,
765 222 855 264 ivit.
904 223 1115 266 Hesterno
1144 224 1221 278 die,
1249 223 1448 278 Quirites,

111 297 207 324 cum
239 281 355 323 domi
385 296 504 323 meae
535 296 670 336 paene
701 281 950 324 interfectus
983 296 1137 337 essem,
1177 286 1373 324 senatum
1403 283 1448 324 in

112 340 258 382 aedem
284 340 397 382 Iovis
424 339 608 382 Statoris
635 340 878 395 convocavi,
909 355 999 382 rem
1026 356 1195 383 omnem
1223 342 1276 383 ad
1301 345 1447 397 patres

113 399 376 454 conscriptos
416 399 559 441 detuli.
622 398 714 447 Quo
753 414 848 440 cum
887 398 1074 442 Catilina
1110 401 1315 455 venisset,
1354 401 1448 456 quis

77 469 94 495 5
114 473 210 500 eum
237 460 409 499 senator
435 458 684 512 appellavit,
708 458 802 512 quis
829 458 1046 513 salutavit,
1073 459 1167 513 quis
1188 459 1367 514 denique
1388 460 1450 502 ita

113 517 280 572 aspexit
316 519 365 557 ut
394 516 608 571 perditum
640 516 775 558 civem
808 531 856 559 ac
887 532 973 559 non
1004 518 1148 571 potius
1180 521 1228 559 ut
1259 518 1451 573 inportu-

111 575 336 617 nissimum
368 575 565 616 hostem?
615 574 726 623 Quin
758 575 887 617 etiam
919 576 1132 631 principes
1166 577 1254 618 eius
1288 577 1449 618 ordinis

111 636 280 689 partem
317 633 439 675 illam
477 634 797 688 subselliorum,
835 634 889 676 ad
928 649 1058 689 quam
1096 636 1168 676 ille
1201 639 1450 689 accesserat,

112 692 270 734 nudam
302 695 429 747 atque
461 692 631 734 inanem
661 693 933 747 reliquerunt,
996 693 1078 735 Hic
1111 708 1190 750 ego
1223 694 1450 736 vehemens
1481 707 1522 737 13

63 763 96 788 10
115 751 190 793 ille
222 752 389 805 consul,
420 751 493 805 qui
523 752 653 793 verbo
686 752 790 793 civis
823 752 867 792 in
900 752 1073 794 exilium
1105 753 1229 806 eicio,
1261 753 1452 807 quaesivi

116 825 140 851 a
181 809 387 864 Catilina,
429 811 474 851 in
515 812 725 852 nocturno
771 813 983 852 conventu
1027 811 1139 866 apud
1180 811 1236 853 M.
1270 811 1452 853 Laecam

113 868 265 910 fuisset
290 883 431 910 necne.
474 866 582 910 Cum
608 869 680 910 ille
699 869 828 911 homo
850 870 1157 911 audacissimus
1179 870 1524 915 conscientia(13)

115 927 332 969 convictus
354 927 491 981 primo
506 927 759 981 reticuisset,
777 928 959 983 patefeci
974 931 1130 983 cetera3
1152 929 1252 983 quid
1267 944 1315 970 ea
1328 932 1453 971 nocte

116 986 287 1042 egisset,
323 986 415 1040 [ubi
444 985 630 1040 fuisset,]
666 986 767 1041 quid
798 987 844 1028 in
875 987 1113 1041 proximam
1146 988 1453 1042 constituisset,

63 1056 95 1081 15
116 1060 240 1099 quem
261 1045 313 1086 ad
333 1044 505 1086 modum
525 1048 638 1086 esset
658 1046 697 1086 ei
716 1046 826 1087 ratio
846 1046 980 1087 totius
996 1046 1100 1087 belli
1114 1046 1338 1101 descripta,
1358 1047 1455 1088 edo-

116 1104 193 1145 cui.
237 1102 344 1145 Cum
363 1103 610 1158 haesitaret,
629 1119 725 1145 cum
745 1107 972 1158 teneretur,
993 1105 1196 1159 quaesivi,
1216 1105 1319 1159 quid
1338 1105 1455 1146 dubi-

115 1164 228 1203 taret
251 1162 461 1217 profieisci
489 1177 550 1216 eo,
577 1177 660 1216 quo
686 1163 772 1204 iam
798 1164 964 1218 pridem
989 1166 1173 1218 pararet,
1201 1179 1296 1205 cum
1323 1179 1454 1217 arma,

116 1235 211 1262 cum
240 1235 422 1275 secures,
454 1235 548 1262 cum
578 1221 730 1274 fasces,
762 1236 858 1263 cum
888 1223 1028 1276 tubas,
1060 1237 1156 1263 cum
1189 1223 1315 1277 signa
1346 1223 1454 1263 mili-

116 1279 245 1332 taria,
286 1294 382 1321 cum
420 1280 608 1334 aquilam
644 1280 766 1322 illam
808 1283 1075 1335 argenteam,
1114 1281 1181 1322 cui
1218 1282 1290 1322 ille
1323 1282 1454 1323 etiam

63 1349 98 1374 2⁰
117 1338 350 1379 sacrarium
389 1338 631 1391 [scelerum]
670 1338 785 1380 domi
825 1353 926 1380 suae
956 1339 1135 1393 fecerat,
1177 1340 1327 1381 scirem
1362 1354 1453 1381 esse

116 1396 408 1450 praemissam.
461 1396 512 1438 In
550 1398 726 1439 exilium
760 1397 982 1451 eiciebam,
1015 1412 1140 1452 quem
1171 1398 1258 1438 iam
1289 1399 1453 1453 ingres-
1483 1422 1525 1452 14

118 1469 212 1495 sum
238 1469 329 1496 esse
354 1455 400 1496 in
425 1455 583 1496 bellum
608 1455 836 1497 videbam?
886 1456 1072 1509 Etenim,
1103 1456 1241 1509 credo,
1266 1456 1453 1497 Manlius

117 1513 199 1554 iste
243 1513 452 1565 centurio,
496 1513 570 1567 qui
612 1513 657 1554 in
695 1528 799 1569 agro
837 1513 1077 1555 Faesulano
1116 1517 1259 1555 castra
1296 1515 1454 1569 posuit,

117 1571 279 1612 bellum
322 1572 481 1625 populo
520 1571 715 1613 Romano
755 1586 831 1613 suo
868 1572 1042 1613 nomine
1079 1572 1250 1626 indixit,
1295 1576 1337 1614 et
1377 1573 1453 1614 illa

65 1640 98 1667 25
119 1632 260 1671 castra
295 1644 407 1671 nunc
443 1643 530 1671 non
561 1628 791 1671 Catilinam
830 1630 978 1671 ducem
1016 1633 1260 1684 expectant,
1297 1634 1340 1672 et
1378 1632 1453 1673 ille

119 1688 277 1729 eiectus
309 1689 353 1728 in
379 1688 553 1729 exilium
579 1702 624 1730 se
649 1687 900 1742 Massiliam,
932 1692 980 1730 ut
1005 1689 1137 1744 aiunt,
1167 1704 1254 1731 non
1278 1690 1323 1730 in
1348 1690 1453 1732 haec

119 1749 262 1788 castra
292 1746 493 1788 conferet.

206 1805 240 1847 Ο
267 1805 559 1847 condicionem
585 1805 785 1846 miseram
810 1820 897 1847 non
923 1805 1050 1847 modo
1077 1806 1453 1861 administrandae,
1482 1821 1505 1861 7

118 1877 264 1904 verum
304 1864 433 1905 etiam
466 1864 777 1905 conservandae
808 1865 871 1906 rei
902 1864 1120 1919 publicae!
1183 1864 1309 1907 Nunc
1342 1866 1377 1907 si
1408 1865 1453 1907 L.

65 1933 101 1958 30
121 1921 309 1964 Catilina
351 1923 561 1976 consiliis,
605 1922 842 1977 laboribus,
885 1923 1084 1978 periculis
1128 1924 1234 1965 meis
1278 1924 1454 1965 circum-

121 1980 262 2021 clusus
305 1995 354 2022 ac
394 1981 640 2022 debilitatus
685 1981 827 2022 subito
869 1982 1154 2035 pertimuerit,
1195 1983 1454 2024 sententiam

122 2039 363 2093 mutaverit,
389 2039 623 2081 deseruerit
654 2053 765 2093 suos,
798 2040 1020 2081 consilium
1046 2041 1149 2081 belli
1175 2041 1356 2082 faciendi
1384 2041 1454 2082 ab·

120 2097 266 2138 iecerit
296 2100 338 2138 et
370 2112 421 2138 ex
451 2098 532 2140 hoc
563 2112 688 2140 cursu
720 2097 889 2139 sceleris
921 2113 969 2140 ac
992 2099 1096 2140 belli
1120 2100 1202 2140 iter
1228 2099 1281 2140 ad
1305 2099 1454 2153 fugam

122 2157 248 2208 atque
279 2155 324 2196 in
355 2155 528 2197 exilium
560 2156 837 2210 converterit,
867 2171 953 2198 non
983 2157 1056 2198 ille
1089 2172 1113 2198 a
1145 2172 1212 2198 me
1245 2158 1453 2211 spoliatus

68 2223 101 2248 35
122 2213 252 2253 armis
284 2213 494 2269 audaciae,
525 2229 611 2256 non
643 2190 964 2269 obstupel'actus
996 2231 1044 2257 ac
1075 2216 1326 2270 perterritus
1359 2230 1454 2256 mea

123 2271 358 2326 diligentia,
388 2286 474 2313 non
505 2273 555 2314 de
588 2288 662 2327 spe
689 2276 926 2328 conatuque
952 2274 1165 2329 depulsus,
1198 2273 1270 2314 sed
1295 2273 1453 2314 indem-

121 2332 248 2370 natus
291 2330 492 2372 innocens
534 2331 581 2373 in
621 2331 791 2372 exilium
838 2332 995 2374 eiectus
1039 2347 1064 2374 a
1109 2333 1279 2374 consule
1326 2332 1369 2373 vi
1411 2334 1453 2373 et
