1619 2542
594 109 698 145 CAP.
727 115 744 144 1
771 114 791 153 s
819 115 919 145 1—2.
1370 110 1424 152 37

92 207 214 249 tisque
240 205 464 250 prohiberet.
514 205 581 240 His
606 205 716 239 rebus
742 205 856 249 gestis
882 203 920 240 P.
947 204 1144 240 Dolabella
1169 206 1319 250 praetor
1345 205 1433 239 anni

91 265 124 298 p
153 264 186 287 u.
216 263 264 295 e.,
297 253 339 287 ut
363 252 527 295 videtur,
563 254 631 287 685
657 251 899 286 interdixerat
927 264 973 286 m:
998 264 1034 286 w
1059 265 1248 287 11011101Βο8
1273 264 1432 296 ARMATIS,

91 301 142 344 ut,
169 299 267 334 unde
294 298 460 334 deiectus
485 300 583 333 esset
607 299 650 333 A.
672 299 839 341 Caecina,
866 310 909 333 eo
936 300 1202 336 restitum-,etur
1251 299 1431 334 Aebutius

91 347 299 381 restituisse
335 357 374 381 se
410 346 572 389 dixerat,
607 345 647 380 id
679 347 736 380 est
768 347 971 391 negaverat
1002 357 1040 381 se
1072 346 1208 381 iniuria
1242 346 1432 389 deiecisse,

91 393 360 429 restituendum
388 393 584 428 Caecinam
617 404 689 428 non
717 404 806 428 esse.
856 394 897 428 In
929 394 1025 428 110110
1053 404 1130 428 rem
1156 394 1305 438 sponsio
1332 393 1432 428 facta

92 443 180 476 erat.
225 441 279 475 De
304 440 373 475 hac
395 441 592 485 sponsione
613 441 687 474 iam
707 441 1038 485 recuperatoribus,
1065 451 1156 484 quos
1176 441 1215 475 P.
1236 440 1431 475 Dolabella

93 488 256 531 dederat,
283 487 521 522 iudicandum
549 489 638 523 erat.
690 489 730 522 A.
752 487 931 522 Caecinae
951 499 1098 522 causam
1118 487 1165 523 M.
1186 487 1328 522 Tullius
1355 499 1430 522 sus-

93 536 250 579 ceperat,
278 534 351 579 qui,
379 545 461 569 cum
482 536 761 579 recuperatores
788 535 862 569 iam
888 535 943 569 bis
973 534 1230 580 ampliassent,
1255 535 1324 569 hac
1351 545 1430 569 ora-

90 583 192 618 tione
219 582 293 616 iam
324 582 477 616 tertium
509 581 587 616 eius
621 592 699 616 rem
731 582 819 625 agit.
872 582 991 616 Causa
1022 582 1134 624 enim,
1167 593 1262 626 quae
1294 592 1360 626 per
1393 593 1432 615 se

92 628 254 664 difficilis
275 639 351 663 non
371 639 451 663 esse
470 628 630 671 videtur,
656 631 855 673 propterea
874 629 1031 663 obscura
1050 630 1141 672 erat,
1168 629 1266 673 quod
1285 631 1327 663 A.
1343 628 1431 664 Cae-

92 677 175 711 cina
194 676 345 720 eiusque
371 678 475 711 actor
500 676 570 711 hoc
591 676 873 718 contenderunt,
898 676 1138 711 interdictum
1161 688 1207 710 nr:
1231 689 1267 711 v1
1292 688 1431 710 nomm-

91 736 154 758 nns
180 735 327 758 Asmsrxs
354 724 431 758 sine
451 723 530 757 ulla
548 724 762 767 exceptione
788 724 841 757 ita
861 723 951 766 dari,
978 725 1029 765 ut,
1057 724 1119 768 qui
1139 723 1302 758 deiectus
1323 725 1431 767 esset,

91 771 365 813 restitueretur,
410 771 557 805 etiamsi
592 781 666 805 non
704 770 977 805 demonstraret
1014 781 1052 804 se
1089 781 1174 805 vere
1211 770 1431 815 possedisse.

94 817 194 859 Quae
221 817 369 862 quidem
394 818 490 852 ratio
516 828 603 852 vera
630 817 776 852 videtur
808 818 960 860 antiquo
987 819 1153 861 tempore
1184 817 1316 851 habita
1340 828 1431 852 esse.

93 864 199 907 Quod
240 866 370 900 contra
401 864 582 899 Aebutius
615 865 764 908 eiusque
798 866 901 899 actor
933 864 1124 899 contendit
1162 864 1433 899 restituendum

92 914 171 947 tum
192 912 337 947 demum
359 911 556 947 Caecinam
583 922 676 954 esse,
703 913 734 946 si
759 912 909 946 doceret
935 923 1040 945 suum
1066 922 1145 946 esse
1170 911 1324 945 fundum
1344 912 1430 946 Cae-

93 960 332 1004 senniamque
351 970 390 994 re
410 970 497 993 vera
519 959 739 1004 possedisse.
779 959 895 1001 Quam
915 959 1094 994 rationem
1115 958 1319 1002 posteriore
1338 960 1433 993 tem-

92 1017 181 1051 pore
212 1007 302 1041 iuris
335 1006 495 1041 consulti
526 1006 700 1041 videntur
731 1007 847 1041 secuti
879 1016 976 1049 esse,
1010 1006 1072 1050 qui
1106 1006 1154 1040 M.
1181 1005 1342 1040 Tullium
1377 1006 1431 1039 in-

92 1055 227 1088 iustam
251 1064 401 1088 causam
420 1053 632 1088 defendisse
657 1054 1000 1098 pronuntiaverunt.
1044 1052 1117 1087 Sed
1136 1054 1260 1087 tamen
1280 1053 1326 1087 M.
1348 1052 1433 1086 Tu]—

92 1102 163 1135 lius
194 1101 264 1135 hac
296 1101 378 1146 ipsa
410 1100 577 1136 oratione
611 1101 759 1135 videtur
789 1101 921 1135 vicisse
952 1100 1169 1142 Aebutium,
1204 1110 1279 1134 non
1315 1100 1433 1134 solum

94 1148 192 1192 quod
227 1149 473 1193 conscriptam
509 1148 715 1182 orationem
753 1147 872 1182 edidit
905 1148 943 1181 et
978 1129 1268 1191 commendavit,
1306 1158 1433 1181 verum

95 1196 145 1230 eti
147 1206 207 1229 am
233 1195 332 1239 quod
352 1198 394 1229 A.
416 1196 575 1230 Caecina
597 1195 734 1230 seriore
760 1196 873 1229 etiam
892 1195 1061 1239 tempore
1081 1194 1160 1247 eius
1185 1176 1433 1239 patrocinium

94 1242 302 1287 praedicat;
328 1242 401 1276 vid.
430 1242 501 1277 Cic.
529 1253 584 1287 ep.
613 1242 660 1276 ad
684 1242 770 1278 fam.
798 1241 847 1276 VI
875 1246 903 1277 7.
931 1245 963 1275 4.

186 1384 243 1440 Si,
274 1388 481 1440 quantum
512 1386 557 1426 in
589 1399 693 1440 agro
720 1385 909 1438 locisque
936 1384 1114 1425 desertis
1141 1383 1318 1426 audacia
1342 1386 1433 1438 pot-

98 1449 182 1498 est,
218 1447 388 1486 tantum
425 1444 471 1485 in
506 1445 600 1485 foro
640 1446 767 1497 atque
805 1443 850 1484 in
886 1442 1053 1484 iudiciis
1084 1442 1336 1496 inpudentia
1366 1457 1433 1483 va-

98 1503 222 1556 leret,
260 1518 347 1544 non
385 1503 524 1543 minus
561 1517 673 1543 nunc
709 1503 754 1542 in
792 1516 919 1543 causa
960 1501 1128 1542 cederet
1165 1501 1214 1542 A.
1254 1499 1435 1542 Caecina

99 1560 190 1602 Sex,
229 1560 388 1602 Aebuti
430 1561 720 1615 inpudentiae,
765 1575 893 1613 quam
934 1562 1027 1600 tum
1069 1559 1114 1600 in
1151 1559 1193 1600 vi
1235 1558 1436 1600 faciunda

64 1620 227 1662 5cessit
262 1619 473 1661 audaciae.
534 1618 694 1660 Verum
734 1621 777 1659 et
813 1618 921 1659 illud
953 1617 1209 1659 considerati
1247 1617 1434 1659 hominis

49 1924 81 1947 H?

100 1693 192 1720 esse
223 1678 411 1733 putavit,
449 1692 533 1732 qua
564 1678 614 1718 de
645 1691 689 1718 re
721 1677 811 1718 iure
844 1676 1073 1731 disceptari
1104 1679 1339 1731 oporteret,
1373 1691 1436 1718 ar-

99 1738 179 1779 mis
211 1752 296 1779 000
330 1736 600 1789 contendere,
638 1738 681 1777 et
711 1735 792 1777 hoc
823 1735 1079 1788 constantis,
1117 1735 1286 1789 quicum
1319 1735 1361 1776 vi
1393 1737 1435 1776 et

100 1796 228 1837 armis
262 1799 424 1837 certare
455 1794 677 1848 noluisset,
709 1808 804 1835 eum
835 1794 926 1835 iure
957 1794 1196 1848 iudicioque
1222 1808 1433 1848 superare.

99 1854 163 1896 Ac
195 1855 300 1895 mihi
338 1854 507 1908 quiden]
541 1868 635 1895 cum
668 1852 805 1894 audax
842 1853 1067 1908 praecipue
1103 1852 1237 1894 fuisse
1269 1852 1436 1894 videtur

100 1913 310 1954 Aebutius
342 1914 386 1954 in
415 1912 698 1955 convocandis
729 1911 975 1953 hominibus
1008 1914 1050 1952 et
1082 1911 1311 1965 armandis,
1341 1915 1433 1952 tum

99 1972 321 2026 impudens
353 1973 397 2013 in
429 1971 597 2023 iudicio,
629 1985 716 2012 non
742 1970 880 2011 solum
913 1970 1025 2024 quod
1056 1970 1101 2011 in
1131 1970 1332 2011 iudicium
1364 1983 1434 2010 ve—

98 2030 189 2071 nire
227 2044 354 2072 ausus
396 2033 460 2071 est
497 2029 616 2085 (nam
653 2029 696 2070 id
734 2028 904 2082 quidem
941 2029 1116 2070 tametsi
1153 2028 1348 2082 improbe
1385 2028 1435 2069 fit

100 2089 143 2129 in
175 2092 325 2142 aperta
361 2104 424 2142 re,
461 2091 605 2130 tamen
647 2087 813 2129 malitia
851 2090 915 2129 est
952 2088 1037 2129 iam
1076 2086 1322 2140 usitatum),
1363 2085 1436 2126 sed

100 2147 211 2212 quod
236 2161 321 2187 1100
347 2147 561 2188 dubitavit
585 2146 628 2187 id
657 2147 811 2201 ipsum,
844 2146 956 2200 quod
983 2146 1190 2201 arguitur,
1223 2144 1435 2197 confiteri3

50 2216 80 2240 15
100 2205 184 2246 nisi
214 2205 325 2246 forte
356 2206 438 2248 hoc
474 2206 656 2247 rationis
687 2204 855 2258 habuit,
895 2205 1115 2259 quoniam,
1153 2219 1189 2245 81
1225 2204 1340 2244 facta
1371 2202 1436 2243 vis

101 2273 214 2304 esset
246 2264 452 2317 moribus,
492 2264 684 2318 superior
715 2263 759 2304 10
796 2264 1066 2317 possessione
1098 2261 1320 2303 retinenda
1351 2274 1437 2301 non

99 2321 267 2373 fuisset,
308 2323 406 2376 quia
438 2325 588 2364 contla
625 2323 690 2363 ius
723 2336 968 2376 moremque
999 2321 1114 2363 facta
1148 2320 1221 2371 sit,
1254 2319 1305 2360 A.
1337 2317 1436 2360 Cae-

1461 1371 1479 1452 ΗΗ
