1619 2542
625 77 726 112 CAP.
755 82 772 112 1
800 81 818 119 ξ
846 82 946 113 1-3,
1371 78 1452 118 179

202 174 242 216 4.
275 173 502 227 Praedam,
535 173 776 226 manubias,
812 173 1063 226 sectionem,
1099 176 1242 214 castra
1273 172 1454 227 denique

116 232 191 275 Cn.
232 232 411 286 Pompei
467 232 637 273 sedente
687 233 943 285 imperatore
987 232 1214 274 decemviri
1259 231 1454 273 vendent.

116 291 237 347 (Gen.
270 291 404 333 XIII
429 291 494 333 25.
527 295 572 342 6,
603 291 711 332 Non.
742 293 839 332 432.
871 289 959 346 29.)

205 466 283 493 *ἧς*
317 482 424 522 quae
466 482 534 508 res
576 469 723 521 aperte
765 467 1011 522 petebatur,
1056 482 1105 508 ea
1141 481 1253 509 nunc
1290 467 1454 509 occulte

80 538 96 562 5
117 527 321 569 cuniculis
355 528 640 581 oppugnatur.
683 525 838 567 Dicent
864 527 977 567 enim
1004 526 1240 580 decemviri,
1272 526 1316 567 id
1342 526 1455 580 quod

116 589 159 627 et
190 585 345 627 dicitur
377 600 402 626 a
432 585 580 625 multis
612 587 655 626 et
687 599 813 639 saepe
846 584 1005 626 dictum
1039 587 1121 639 est,
1152 588 1252 640 post
1283 585 1455 626 eosdem

116 645 310 687 consules
360 644 474 699 regis
523 643 760 684 Alexandri
809 646 1067 685 testamento
1117 658 1298 699 regnum
1347 644 1455 685 illud

115 703 266 758 populi
303 702 487 744 Romani
526 716 617 743 esse
655 701 828 743 factum.
890 702 1064 743 Dabitis
1101 703 1235 757 igitur
1271 702 1455 744 Alexan-

117 763 253 804 driam
298 762 409 803 clam
452 761 698 815 petentibus
745 761 816 814 iis,
867 761 1019 815 quibus
1071 761 1339 816 apertissime
1383 776 1455 815 pu-

64 832 98 856 10
118 820 349 877 gnantibus
392 819 648 861 restitistis?
722 819 857 873 Haec,
904 832 979 874 per
1025 820 1124 861 deos
1168 820 1455 861 immortales!

117 883 260 921 utrum
299 893 390 921 esse
428 878 549 920 vobis
587 879 769 920 consilia
806 879 1017 920 siccorum
1050 893 1104 920 an
1135 879 1454 920 vinulentorum

118 939 282 980 somnia
315 940 358 979 et
387 939 532 978 utrum
559 937 750 993 cogitata
782 938 1040 992 sapientium
1072 952 1125 978 an
1151 940 1302 992 optata
1327 937 1455 978 furio-

118 1012 262 1039 sorum
293 996 520 1038 videntur?
562 995 716 1037 Videte
747 1011 871 1049 nunc,
902 997 1098 1050 proximo
1131 996 1271 1050 capite
1303 999 1350 1037 ut
1380 997 1455 1037 im-

117 1070 248 1112 purus
288 1055 433 1096 helluo
475 1054 621 1096 turbet
661 1069 752 1095 rem
791 1055 1025 1109 publicam,
1066 1057 1113 1095 ut
1155 1070 1180 1096 a
1220 1054 1455 1096 maioribus

65 1124 98 1150 15
117 1115 276 1156 nostris
317 1114 609 1169 possessiones
641 1114 812 1154 relictas
845 1113 1063 1167 disperdat
1094 1128 1143 1155 ac
1175 1113 1371 1168 dissipet,
1409 1116 1457 1154 ut

118 1174 176 1215 sit
217 1187 305 1214 non
346 1173 486 1213 minus
530 1172 575 1213 in
610 1172 760 1227 populi
798 1172 982 1213 Romani
1020 1172 1280 1226 patrimonio
1318 1186 1452 1227 nepos

119 1247 246 1287 quam
277 1231 322 1272 in
354 1246 441 1272 suo.
496 1230 730 1272 Perscribit
760 1230 806 1271 in
838 1245 914 1272 sua
945 1231 1041 1285 lege
1072 1229 1315 1286 vectigalia,
1347 1246 1455 1285 quae

119 1290 344 1332 decemviri
369 1289 567 1343 vendant,
592 1289 673 1331 hoc
699 1292 765 1330 est
790 1290 1021 1344 proscribit
1047 1290 1289 1331 auctionem
1314 1290 1453 1344 publi-

119 1364 264 1391 corum
308 1348 530 1390 bonorum.
602 1348 746 1401 Agros
794 1348 877 1388 emi
914 1348 1025 1401 vult,
1076 1348 1148 1402 qui
1192 1348 1454 1401 dividantur,

67 1417 102 1442 20
120 1407 286 1461 quaerit
316 1407 551 1461 pecuniam.
594 1405 806 1447 Videlicet
839 1406 1101 1461 excogitabit
1133 1406 1295 1460 aliquid
1327 1409 1455 1460 atque

121 1466 294 1507 adferet.
355 1464 468 1505 Nam
506 1465 796 1519 superioribus
837 1465 1050 1518 capitibus
1083 1464 1273 1519 dignitas
1304 1465 1455 1519 populi

120 1523 304 1565 Romani
329 1523 584 1576 violabatur,
615 1537 772 1564 nomen
795 1523 964 1576 imperii
989 1523 1035 1563 in
1061 1537 1284 1564 commune
1311 1523 1455 1564 odium

122 1583 237 1624 orbis
269 1584 409 1622 terrae
434 1582 686 1632 vocabatur,
717 1581 843 1622 urbes
876 1584 1072 1635 pacatae,
1104 1582 1197 1636 agri
1229 1582 1455 1636 sociorum,

120 1655 270 1696 regum
311 1642 448 1680 status
487 1639 734 1681 decemviris
775 1639 1062 1693 donabantur,
1103 1654 1215 1681 nunc
1251 1655 1454 1694 praesens

35 1697 101 1735 '‘25
121 1703 238 1742 certa
284 1699 463 1753 pecunia
507 1701 733 1739 numerata
773 1698 1003 1752 quaeritur.
1071 1698 1306 1753 Exspecto,
1353 1699 1455 1753 quid

120 1758 319 1800 tribunus
352 1757 490 1811 plebis
522 1756 706 1811 vigilans
735 1759 776 1796 et
803 1760 949 1797 acutus
977 1757 1202 1812 excogitet.
1246 1756 1456 1812 ‘Veneat’,

121 1817 271 1871 inquit,
303 1815 430 1857 ‘silva
462 1814 661 1856 Scantia’.
710 1813 867 1856 Utrum
892 1815 1065 1856 tandem
1096 1816 1207 1857 hanc
1232 1815 1386 1857 silvam
1409 1817 1455 1857 in

121 1875 281 1917 relictis
319 1873 662 1929 possessionibus
702 1888 756 1914 an
792 1873 836 1914 in
875 1888 1098 1915 censorum
1134 1875 1307 1928 pascuis
1338 1875 1455 1916 inve-

121 1934 255 1975 nisti?
305 1932 350 1974 Si
376 1933 475 1987 quid
502 1935 579 1985 est,
611 1931 724 1986 quod
748 1931 977 1986 indagaris,
1008 1932 1233 1987 inveneris,
1264 1947 1314 1973 ex
1339 1936 1454 1974 tene-

70 2003 104 2029 30
121 1993 212 2034 bris
244 1991 415 2044 erueris,
447 2005 706 2045 quamquam
737 1990 930 2044 iniquum
962 1993 1040 2045 est,
1070 1994 1216 2033 tamen
1254 2006 1454 2032 consume

124 2065 236 2104 sane,
257 2049 369 2104 quod
389 2049 659 2091 commodum
680 2052 755 2102 est,
776 2049 977 2102 quoniam
997 2049 1168 2103 quidem
1186 2053 1234 2090 tu
1249 2049 1454 2103 attulisti3

124 2110 278 2150 silvam
309 2122 409 2149 vero
440 2110 489 2148 tu
521 2107 743 2149 Scantiam
774 2107 929 2148 vendas
960 2108 1084 2149 nobis
1117 2108 1362 2149 consulibus
1395 2112 1454 2149 at-

123 2182 203 2220 que
227 2167 309 2208 hoc
335 2166 512 2207 senatu?
547 2169 595 2208 tu
619 2166 754 2206 ullum
780 2165 964 2220 vectigal
990 2167 1193 2221 attingas,
1224 2169 1271 2206 tu
1296 2167 1454 2220 populo

123 2226 317 2267 Romano
357 2224 547 2265 subsidia
583 2225 706 2276 belli,
742 2226 790 2264 tu
828 2227 1079 2266 ornamenta
1115 2225 1232 2279 pacis
1266 2224 1454 2278 eripias?

70 2294 104 2320 25
124 2283 233 2325 Tum
264 2297 364 2325 vero
389 2283 470 2324 lioc
494 2297 562 2324 me
588 2282 835 2325 inertiorem
861 2283 1078 2324 consulem
1103 2282 1299 2324 iudicabo
1327 2297 1455 2337 quam

1175 2350 1244 2385 12*

1483 453 1506 534 ›-=‚..

1481 1006 1501 1036 Ν)
