<?xml version="1.0" encoding="UTF-8"?>
<!DOCTYPE html PUBLIC "-//W3C//DTD XHTML 1.0 Transitional//EN"
    "http://www.w3.org/TR/xhtml1/DTD/xhtml1-transitional.dtd">
<html xmlns="http://www.w3.org/1999/xhtml" xml:lang="en" lang="en">
 <head>
  <title>
</title>
<meta http-equiv="Content-Type" content="text/html;charset=utf-8" />
  <meta name='ocr-system' content='tesseract 3.04.00' />
  <meta name='ocr-capabilities' content='ocr_page ocr_carea ocr_par ocr_line ocrx_word'/>
</head>
<body>
  <div class='ocr_page' id='page_1' title='image "./p2scriptaquaemanse02ciceuoft_0402.png"; bbox 0 0 1619 2542; ppageno 0'>
   <div class='ocr_carea' id='block_1_1' title="bbox 123 362 151 444">
    <p class='ocr_par' dir='ltr' id='par_1_1' title="bbox 123 362 151 444">
     <span class='ocr_line' id='line_1_1' title="bbox 123 362 151 444; textangle 90"><span class='ocrx_word' id='word_1_1' title='bbox 123 362 151 444; x_wconf 60' lang='grc' dir='ltr'>»βω</span> 
     </span>
    </p>
   </div>
   <div class='ocr_carea' id='block_1_2' title="bbox 176 114 1176 157">
    <p class='ocr_par' dir='ltr' id='par_1_2' title="bbox 176 114 1176 157">
     <span class='ocr_line' id='line_1_2' title="bbox 176 114 1176 157; baseline 0 -7"><span class='ocrx_word' id='word_1_2' title='bbox 176 115 262 157; x_wconf 80' lang='grc'>250</span> <span class='ocrx_word' id='word_1_3' title='bbox 516 115 568 150; x_wconf 81' lang='lat' dir='ltr'>IN</span> <span class='ocrx_word' id='word_1_4' title='bbox 593 116 631 150; x_wconf 92' lang='lat' dir='ltr'>L.</span> <span class='ocrx_word' id='word_1_5' title='bbox 655 114 918 150; x_wconf 80' lang='lat' dir='ltr'>CATILINAM</span> <span class='ocrx_word' id='word_1_6' title='bbox 947 114 1124 150; x_wconf 87' lang='lat' dir='ltr'><strong>ORATIO</strong></span> <span class='ocrx_word' id='word_1_7' title='bbox 1150 114 1176 150; x_wconf 90' lang='lat'>1.</span> 
     </span>
    </p>
   </div>
   <div class='ocr_carea' id='block_1_3' title="bbox 173 209 1577 2372">
    <p class='ocr_par' dir='ltr' id='par_1_3' title="bbox 173 209 1577 2372">
     <span class='ocr_line' id='line_1_3' title="bbox 176 209 1516 267; baseline 0.001 -15"><span class='ocrx_word' id='word_1_8' title='bbox 176 211 417 253; x_wconf 88' lang='lat' dir='ltr'>consultum</span> <span class='ocrx_word' id='word_1_9' title='bbox 454 211 499 253; x_wconf 90' lang='lat' dir='ltr'>in</span> <span class='ocrx_word' id='word_1_10' title='bbox 538 215 598 265; x_wconf 88' lang='lat' dir='ltr'>te,</span> <span class='ocrx_word' id='word_1_11' title='bbox 642 209 846 264; x_wconf 74' lang='lat' dir='ltr'>Catilina,</span> <span class='ocrx_word' id='word_1_12' title='bbox 890 210 1117 252; x_wconf 86' lang='lat' dir='ltr'>vehemens</span> <span class='ocrx_word' id='word_1_13' title='bbox 1156 213 1199 252; x_wconf 87' lang='lat' dir='ltr'>et</span> <span class='ocrx_word' id='word_1_14' title='bbox 1237 225 1385 267; x_wconf 80' lang='lat' dir='ltr'>grave,</span> <span class='ocrx_word' id='word_1_15' title='bbox 1428 226 1516 254; x_wconf 89' lang='lat' dir='ltr'>non</span> 
     </span>
     <span class='ocr_line' id='line_1_4' title="bbox 176 270 1514 325; baseline 0.001 -14"><span class='ocrx_word' id='word_1_16' title='bbox 176 270 296 312; x_wconf 89' lang='lat' dir='ltr'>deest</span> <span class='ocrx_word' id='word_1_17' title='bbox 334 270 395 311; x_wconf 91' lang='lat' dir='ltr'>rei</span> <span class='ocrx_word' id='word_1_18' title='bbox 431 270 627 325; x_wconf 91' lang='lat' dir='ltr'>publicae</span> <span class='ocrx_word' id='word_1_19' title='bbox 669 270 895 311; x_wconf 90' lang='lat' dir='ltr'>consilium</span> <span class='ocrx_word' id='word_1_20' title='bbox 935 284 1072 324; x_wconf 88' lang='lat' dir='ltr'>neque</span> <span class='ocrx_word' id='word_1_21' title='bbox 1114 271 1349 312; x_wconf 89' lang='lat' dir='ltr'>auctoritas</span> <span class='ocrx_word' id='word_1_22' title='bbox 1387 270 1514 313; x_wconf 86' lang='lat' dir='ltr'>huius</span> 
     </span>
     <span class='ocr_line' id='line_1_5' title="bbox 178 328 1514 383; baseline 0.002 -14"><span class='ocrx_word' id='word_1_23' title='bbox 178 328 356 381; x_wconf 67' lang='lat' dir='ltr'>ordinis,</span> <span class='ocrx_word' id='word_1_24' title='bbox 406 343 505 382; x_wconf 87' lang='lat' dir='ltr'>nos,</span> <span class='ocrx_word' id='word_1_25' title='bbox 554 343 650 382; x_wconf 93' lang='lat' dir='ltr'>nos,</span> <span class='ocrx_word' id='word_1_26' title='bbox 701 329 793 370; x_wconf 90' lang='lat' dir='ltr'>dico</span> <span class='ocrx_word' id='word_1_27' title='bbox 845 331 1009 383; x_wconf 90' lang='lat' dir='ltr'>aperte,</span> <span class='ocrx_word' id='word_1_28' title='bbox 1060 329 1255 370; x_wconf 90' lang='lat' dir='ltr'>consules</span> <span class='ocrx_word' id='word_1_29' title='bbox 1305 329 1514 372; x_wconf 84' lang='lat' dir='ltr'>desumus.</span> 
     </span>
     <span class='ocr_line' id='line_1_6' title="bbox 177 386 1514 442; baseline 0.001 -14"><span class='ocrx_word' id='word_1_30' title='bbox 177 387 377 429; x_wconf 77' lang='lat' dir='ltr'>Decrevit</span> <span class='ocrx_word' id='word_1_31' title='bbox 409 387 623 442; x_wconf 89' lang='lat' dir='ltr'>quondam</span> <span class='ocrx_word' id='word_1_32' title='bbox 656 390 846 441; x_wconf 88' lang='lat' dir='ltr'>senatus,</span> <span class='ocrx_word' id='word_1_33' title='bbox 887 389 936 427; x_wconf 84' lang='grc'>01</span> <span class='ocrx_word' id='word_1_34' title='bbox 966 386 1011 428; x_wconf 91' lang='lat' dir='ltr'>L.</span> <span class='ocrx_word' id='word_1_35' title='bbox 1050 386 1245 442; x_wconf 82' lang='lat' dir='ltr'>Opimius</span> <span class='ocrx_word' id='word_1_36' title='bbox 1277 388 1425 430; x_wconf 87' lang='lat' dir='ltr'>consul</span> <span class='ocrx_word' id='word_1_37' title='bbox 1456 388 1514 430; x_wconf 85' lang='lat' dir='ltr'>vi-</span> 
     </span>
     <span class='ocr_line' id='line_1_7' title="bbox 178 445 1550 501; baseline -0.001 -14"><span class='ocrx_word' id='word_1_38' title='bbox 178 447 312 499; x_wconf 90' lang='lat' dir='ltr'>deret,</span> <span class='ocrx_word' id='word_1_39' title='bbox 354 460 407 487; x_wconf 88' lang='lat' dir='ltr'>ne</span> <span class='ocrx_word' id='word_1_40' title='bbox 454 446 555 500; x_wconf 87' lang='lat' dir='ltr'>quid</span> <span class='ocrx_word' id='word_1_41' title='bbox 602 460 669 486; x_wconf 87' lang='lat' dir='ltr'>res</span> <span class='ocrx_word' id='word_1_42' title='bbox 707 446 878 499; x_wconf 87' lang='lat' dir='ltr'>publica</span> <span class='ocrx_word' id='word_1_43' title='bbox 916 445 1159 487; x_wconf 86' lang='lat' dir='ltr'>detrimenti</span> <span class='ocrx_word' id='word_1_44' title='bbox 1197 449 1387 501; x_wconf 82' lang='lat' dir='ltr'>caperet3</span> <span class='ocrx_word' id='word_1_45' title='bbox 1430 457 1550 488; x_wconf 71' lang='lat' dir='ltr'>noxss</span> 
     </span>
     <span class='ocr_line' id='line_1_8' title="bbox 175 504 1513 560; baseline 0.001 -14"><span class='ocrx_word' id='word_1_46' title='bbox 175 505 298 546; x_wconf 89' lang='lat' dir='ltr'>nulla</span> <span class='ocrx_word' id='word_1_47' title='bbox 346 505 608 558; x_wconf 69' lang='lat' dir='ltr'>intercessit3</span> <span class='ocrx_word' id='word_1_48' title='bbox 663 504 914 546; x_wconf 88' lang='lat' dir='ltr'>interfectus</span> <span class='ocrx_word' id='word_1_49' title='bbox 965 507 1030 545; x_wconf 88' lang='lat' dir='ltr'>est</span> <span class='ocrx_word' id='word_1_50' title='bbox 1078 507 1256 560; x_wconf 89' lang='lat' dir='ltr'>propter</span> <span class='ocrx_word' id='word_1_51' title='bbox 1306 506 1513 559; x_wconf 87' lang='lat' dir='ltr'>quasdam</span> 
     </span>
     <span class='ocr_line' id='line_1_9' title="bbox 177 562 1514 618; baseline 0.001 -14"><span class='ocrx_word' id='word_1_52' title='bbox 177 563 435 605; x_wconf 71' lang='lat' dir='ltr'>seditionum</span> <span class='ocrx_word' id='word_1_53' title='bbox 469 563 730 618; x_wconf 82' lang='lat' dir='ltr'>suspiciones</span> <span class='ocrx_word' id='word_1_54' title='bbox 763 562 806 604; x_wconf 84' lang='lat' dir='ltr'>C.</span> <span class='ocrx_word' id='word_1_55' title='bbox 840 562 1075 615; x_wconf 80' lang='lat' dir='ltr'>Gracchus,</span> <span class='ocrx_word' id='word_1_56' title='bbox 1108 563 1346 605; x_wconf 86' lang='lat' dir='ltr'>clarissimo</span> <span class='ocrx_word' id='word_1_57' title='bbox 1378 566 1514 618; x_wconf 90' lang='lat' dir='ltr'>patre,</span> 
     </span>
     <span class='ocr_line' id='line_1_10' title="bbox 177 621 1512 675; baseline 0.001 -12"><span class='ocrx_word' id='word_1_58' title='bbox 177 636 275 675; x_wconf 86' lang='lat' dir='ltr'>avo,</span> <span class='ocrx_word' id='word_1_59' title='bbox 319 622 573 674; x_wconf 75' lang='lat' dir='ltr'>maioribus,</span> <span class='ocrx_word' id='word_1_60' title='bbox 622 621 784 663; x_wconf 89' lang='lat' dir='ltr'>occisus</span> <span class='ocrx_word' id='word_1_61' title='bbox 823 624 890 663; x_wconf 91' lang='lat' dir='ltr'>est</span> <span class='ocrx_word' id='word_1_62' title='bbox 929 636 1023 663; x_wconf 91' lang='lat' dir='ltr'>cum</span> <span class='ocrx_word' id='word_1_63' title='bbox 1062 622 1206 663; x_wconf 88' lang='lat' dir='ltr'>liberis</span> <span class='ocrx_word' id='word_1_64' title='bbox 1244 621 1300 663; x_wconf 91' lang='lat' dir='ltr'>M.</span> <span class='ocrx_word' id='word_1_65' title='bbox 1338 621 1512 664; x_wconf 86' lang='lat' dir='ltr'>Fulvius</span> 
     </span>
     <span class='ocr_line' id='line_1_11' title="bbox 176 679 1514 723; baseline 0.001 -1"><span class='ocrx_word' id='word_1_66' title='bbox 176 681 424 722; x_wconf 86' lang='lat' dir='ltr'>consularis.</span> <span class='ocrx_word' id='word_1_67' title='bbox 497 679 636 721; x_wconf 80' lang='lat' dir='ltr'>Simili</span> <span class='ocrx_word' id='word_1_68' title='bbox 677 682 851 722; x_wconf 84' lang='lat' dir='ltr'>senatus</span> <span class='ocrx_word' id='word_1_69' title='bbox 892 681 1088 722; x_wconf 90' lang='lat' dir='ltr'>consulto</span> <span class='ocrx_word' id='word_1_70' title='bbox 1131 679 1175 722; x_wconf 83' lang='lat' dir='ltr'>C.</span> <span class='ocrx_word' id='word_1_71' title='bbox 1212 680 1349 722; x_wconf 88' lang='lat' dir='ltr'>Mario</span> <span class='ocrx_word' id='word_1_72' title='bbox 1388 684 1431 723; x_wconf 93' lang='lat' dir='ltr'>et</span> <span class='ocrx_word' id='word_1_73' title='bbox 1467 680 1514 723; x_wconf 86' lang='lat' dir='ltr'>L.</span> 
     </span>
     <span class='ocr_line' id='line_1_12' title="bbox 176 738 1568 794; baseline 0.001 -15"><span class='ocrx_word' id='word_1_74' title='bbox 176 738 349 780; x_wconf 87' lang='lat' dir='ltr'>Valerio</span> <span class='ocrx_word' id='word_1_75' title='bbox 401 739 648 781; x_wconf 90' lang='lat' dir='ltr'>consulibus</span> <span class='ocrx_word' id='word_1_76' title='bbox 699 741 764 780; x_wconf 90' lang='lat' dir='ltr'>est</span> <span class='ocrx_word' id='word_1_77' title='bbox 806 739 1015 794; x_wconf 86' lang='lat' dir='ltr'>permissa</span> <span class='ocrx_word' id='word_1_78' title='bbox 1058 753 1126 780; x_wconf 88' lang='lat' dir='ltr'>res</span> <span class='ocrx_word' id='word_1_79' title='bbox 1170 739 1358 794; x_wconf 73' lang='lat' dir='ltr'>publica,</span> <span class='ocrx_word' id='word_1_80' title='bbox 1411 754 1513 781; x_wconf 90' lang='lat' dir='ltr'>num</span> <span class='ocrx_word' id='word_1_81' title='bbox 1534 752 1568 777; x_wconf 75' lang='grc' dir='ltr'>κ)</span> 
     </span>
     <span class='ocr_line' id='line_1_13' title="bbox 175 796 1514 853; baseline 0 -14"><span class='ocrx_word' id='word_1_82' title='bbox 175 813 307 839; x_wconf 91' lang='lat' dir='ltr'>unum</span> <span class='ocrx_word' id='word_1_83' title='bbox 346 797 457 839; x_wconf 87' lang='lat' dir='ltr'>diem</span> <span class='ocrx_word' id='word_1_84' title='bbox 488 801 639 853; x_wconf 92' lang='lat' dir='ltr'>postea</span> <span class='ocrx_word' id='word_1_85' title='bbox 669 797 714 838; x_wconf 92' lang='lat' dir='ltr'>L.</span> <span class='ocrx_word' id='word_1_86' title='bbox 747 796 1024 839; x_wconf 80' lang='lat' dir='ltr'>Saturninum</span> <span class='ocrx_word' id='word_1_87' title='bbox 1056 798 1273 839; x_wconf 88' lang='lat' dir='ltr'>tribunum</span> <span class='ocrx_word' id='word_1_88' title='bbox 1307 799 1364 853; x_wconf 90' lang='lat' dir='ltr'>pl.</span> <span class='ocrx_word' id='word_1_89' title='bbox 1395 802 1438 840; x_wconf 89' lang='lat' dir='ltr'>et</span> <span class='ocrx_word' id='word_1_90' title='bbox 1469 797 1514 840; x_wconf 87' lang='lat' dir='ltr'>C.</span> 
     </span>
     <span class='ocr_line' id='line_1_14' title="bbox 176 855 1577 912; baseline 0.001 -15"><span class='ocrx_word' id='word_1_91' title='bbox 176 855 402 898; x_wconf 80' lang='lat' dir='ltr'>Servilium</span> <span class='ocrx_word' id='word_1_92' title='bbox 441 860 682 912; x_wconf 76' lang='lat' dir='ltr'>praetorem</span> <span class='ocrx_word' id='word_1_93' title='bbox 726 871 840 898; x_wconf 89' lang='lat' dir='ltr'>mors</span> <span class='ocrx_word' id='word_1_94' title='bbox 879 870 927 897; x_wconf 89' lang='lat' dir='ltr'>ac</span> <span class='ocrx_word' id='word_1_95' title='bbox 965 856 1026 897; x_wconf 90' lang='lat' dir='ltr'>rei</span> <span class='ocrx_word' id='word_1_96' title='bbox 1058 857 1254 910; x_wconf 89' lang='lat' dir='ltr'>publicae</span> <span class='ocrx_word' id='word_1_97' title='bbox 1285 871 1423 912; x_wconf 86' lang='lat' dir='ltr'>poena</span> <span class='ocrx_word' id='word_1_98' title='bbox 1454 872 1514 899; x_wconf 88' lang='lat' dir='ltr'>re·</span> <span class='ocrx_word' id='word_1_99' title='bbox 1574 858 1577 859; x_wconf 45' lang='lat'><em>⁷</em></span> 
     </span>
     <span class='ocr_line' id='line_1_15' title="bbox 176 915 1514 970; baseline 0.001 -14"><span class='ocrx_word' id='word_1_100' title='bbox 176 917 343 956; x_wconf 88' lang='lat' dir='ltr'>morata</span> <span class='ocrx_word' id='word_1_101' title='bbox 378 915 471 956; x_wconf 81' lang='lat' dir='ltr'>est?</span> <span class='ocrx_word' id='word_1_102' title='bbox 533 915 593 956; x_wconf 91' lang='lat' dir='ltr'>At</span> <span class='ocrx_word' id='word_1_103' title='bbox 626 916 763 967; x_wconf 87' lang='lat' dir='ltr'>[vero]</span> <span class='ocrx_word' id='word_1_104' title='bbox 798 929 876 956; x_wconf 89' lang='lat' dir='ltr'>nos</span> <span class='ocrx_word' id='word_1_105' title='bbox 909 915 1156 956; x_wconf 86' lang='lat' dir='ltr'>vicesimum</span> <span class='ocrx_word' id='word_1_106' title='bbox 1182 915 1267 956; x_wconf 88' lang='lat' dir='ltr'>iam</span> <span class='ocrx_word' id='word_1_107' title='bbox 1301 916 1410 957; x_wconf 89' lang='lat' dir='ltr'>diem</span> <span class='ocrx_word' id='word_1_108' title='bbox 1443 931 1514 970; x_wconf 88' lang='lat' dir='ltr'>pa-</span> 
     </span>
     <span class='ocr_line' id='line_1_16' title="bbox 174 973 1513 1016; baseline 0.001 -2"><span class='ocrx_word' id='word_1_109' title='bbox 174 974 307 1015; x_wconf 89' lang='lat' dir='ltr'>timur</span> <span class='ocrx_word' id='word_1_110' title='bbox 338 973 564 1015; x_wconf 85' lang='lat' dir='ltr'>hebescere</span> <span class='ocrx_word' id='word_1_111' title='bbox 599 974 733 1015; x_wconf 85' lang='lat' dir='ltr'>aciem</span> <span class='ocrx_word' id='word_1_112' title='bbox 764 973 918 1015; x_wconf 90' lang='lat' dir='ltr'>horum</span> <span class='ocrx_word' id='word_1_113' title='bbox 951 975 1232 1015; x_wconf 71' lang='lat' dir='ltr'>auctoritatis.</span> <span class='ocrx_word' id='word_1_114' title='bbox 1294 974 1513 1016; x_wconf 85' lang='lat' dir='ltr'>Habemus</span> 
     </span>
     <span class='ocr_line' id='line_1_17' title="bbox 175 1031 1566 1086; baseline -0.001 -13"><span class='ocrx_word' id='word_1_115' title='bbox 175 1033 288 1073; x_wconf 88' lang='lat' dir='ltr'>enim</span> <span class='ocrx_word' id='word_1_116' title='bbox 315 1031 489 1074; x_wconf 91' lang='lat' dir='ltr'>huiusce</span> <span class='ocrx_word' id='word_1_117' title='bbox 515 1032 630 1073; x_wconf 91' lang='lat' dir='ltr'>modi</span> <span class='ocrx_word' id='word_1_118' title='bbox 657 1035 829 1073; x_wconf 88' lang='lat' dir='ltr'>senatus</span> <span class='ocrx_word' id='word_1_119' title='bbox 856 1032 1110 1086; x_wconf 86' lang='lat' dir='ltr'>consultum,</span> <span class='ocrx_word' id='word_1_120' title='bbox 1135 1047 1280 1074; x_wconf 81' lang='lat' dir='ltr'>verum</span> <span class='ocrx_word' id='word_1_121' title='bbox 1302 1033 1513 1075; x_wconf 90' lang='lat' dir='ltr'>inclusum</span> <span class='ocrx_word' id='word_1_122' title='bbox 1534 1044 1566 1071; x_wconf 84' lang='lat'>15</span> 
     </span>
     <span class='ocr_line' id='line_1_18' title="bbox 174 1090 1513 1146; baseline 0.001 -15"><span class='ocrx_word' id='word_1_123' title='bbox 174 1091 219 1131; x_wconf 92' lang='lat' dir='ltr'>in</span> <span class='ocrx_word' id='word_1_124' title='bbox 261 1091 422 1131; x_wconf 88' lang='lat' dir='ltr'>tabulis</span> <span class='ocrx_word' id='word_1_125' title='bbox 463 1093 684 1144; x_wconf 80' lang='lat' dir='ltr'>tamquam</span> <span class='ocrx_word' id='word_1_126' title='bbox 727 1090 771 1131; x_wconf 91' lang='lat' dir='ltr'>in</span> <span class='ocrx_word' id='word_1_127' title='bbox 816 1090 973 1145; x_wconf 86' lang='lat' dir='ltr'>vagina</span> <span class='ocrx_word' id='word_1_128' title='bbox 1016 1091 1299 1145; x_wconf 86' lang='lat' dir='ltr'>reconditum,</span> <span class='ocrx_word' id='word_1_129' title='bbox 1342 1106 1424 1146; x_wconf 90' lang='lat' dir='ltr'>quo</span> <span class='ocrx_word' id='word_1_130' title='bbox 1463 1107 1513 1133; x_wconf 85' lang='lat' dir='ltr'>ex</span> 
     </span>
     <span class='ocr_line' id='line_1_19' title="bbox 175 1148 1514 1204; baseline 0.001 -15"><span class='ocrx_word' id='word_1_131' title='bbox 175 1152 347 1190; x_wconf 86' lang='lat' dir='ltr'>senatus</span> <span class='ocrx_word' id='word_1_132' title='bbox 389 1150 583 1190; x_wconf 91' lang='lat' dir='ltr'>consulto</span> <span class='ocrx_word' id='word_1_133' title='bbox 616 1148 841 1190; x_wconf 88' lang='lat' dir='ltr'>confestim</span> <span class='ocrx_word' id='word_1_134' title='bbox 873 1152 916 1190; x_wconf 93' lang='lat' dir='ltr'>te</span> <span class='ocrx_word' id='word_1_135' title='bbox 947 1149 1219 1190; x_wconf 81' lang='lat' dir='ltr'>interfectum</span> <span class='ocrx_word' id='word_1_136' title='bbox 1252 1164 1360 1204; x_wconf 89' lang='lat' dir='ltr'>esse,</span> <span class='ocrx_word' id='word_1_137' title='bbox 1403 1149 1514 1192; x_wconf 86' lang='lat' dir='ltr'>Cati-</span> 
     </span>
     <span class='ocr_line' id='line_1_20' title="bbox 175 1206 1513 1263; baseline 0.001 -15"><span class='ocrx_word' id='word_1_138' title='bbox 175 1207 282 1261; x_wconf 90' lang='lat' dir='ltr'>lina,</span> <span class='ocrx_word' id='word_1_139' title='bbox 320 1207 529 1249; x_wconf 89' lang='lat' dir='ltr'>convenit.</span> <span class='ocrx_word' id='word_1_140' title='bbox 589 1206 730 1261; x_wconf 84' lang='lat' dir='ltr'>Vivis,</span> <span class='ocrx_word' id='word_1_141' title='bbox 768 1210 811 1249; x_wconf 91' lang='lat' dir='ltr'>et</span> <span class='ocrx_word' id='word_1_142' title='bbox 847 1207 956 1249; x_wconf 83' lang='lat' dir='ltr'>vivis</span> <span class='ocrx_word' id='word_1_143' title='bbox 994 1222 1082 1249; x_wconf 88' lang='lat' dir='ltr'>non</span> <span class='ocrx_word' id='word_1_144' title='bbox 1120 1208 1171 1249; x_wconf 90' lang='lat' dir='ltr'>ad</span> <span class='ocrx_word' id='word_1_145' title='bbox 1209 1208 1513 1263; x_wconf 83' lang='lat' dir='ltr'>deponendam,</span> 
     </span>
     <span class='ocr_line' id='line_1_21' title="bbox 177 1265 1512 1321; baseline 0.001 -15"><span class='ocrx_word' id='word_1_146' title='bbox 177 1265 250 1306; x_wconf 91' lang='lat' dir='ltr'>sed</span> <span class='ocrx_word' id='word_1_147' title='bbox 289 1266 341 1306; x_wconf 91' lang='lat' dir='ltr'>ad</span> <span class='ocrx_word' id='word_1_148' title='bbox 379 1266 714 1307; x_wconf 87' lang='lat' dir='ltr'>confirmandam</span> <span class='ocrx_word' id='word_1_149' title='bbox 753 1266 984 1308; x_wconf 86' lang='lat' dir='ltr'>audaciam.</span> <span class='ocrx_word' id='word_1_150' title='bbox 1046 1265 1200 1321; x_wconf 87' lang='lat' dir='ltr'>Cupio,</span> <span class='ocrx_word' id='word_1_151' title='bbox 1240 1269 1385 1321; x_wconf 84' lang='lat' dir='ltr'>patres</span> <span class='ocrx_word' id='word_1_152' title='bbox 1417 1282 1512 1308; x_wconf 91' lang='lat' dir='ltr'>con-</span> 
     </span>
     <span class='ocr_line' id='line_1_22' title="bbox 177 1324 1565 1380; baseline -0.001 -16"><span class='ocrx_word' id='word_1_153' title='bbox 177 1324 336 1379; x_wconf 85' lang='lat' dir='ltr'>scripti,</span> <span class='ocrx_word' id='word_1_154' title='bbox 370 1339 436 1365; x_wconf 90' lang='lat' dir='ltr'>me</span> <span class='ocrx_word' id='word_1_155' title='bbox 468 1339 559 1366; x_wconf 85' lang='lat' dir='ltr'>esse</span> <span class='ocrx_word' id='word_1_156' title='bbox 591 1325 854 1377; x_wconf 88' lang='lat' dir='ltr'>clementem,</span> <span class='ocrx_word' id='word_1_157' title='bbox 886 1325 1007 1380; x_wconf 91' lang='lat' dir='ltr'>cupio</span> <span class='ocrx_word' id='word_1_158' title='bbox 1040 1325 1083 1366; x_wconf 92' lang='lat' dir='ltr'>in</span> <span class='ocrx_word' id='word_1_159' title='bbox 1115 1325 1249 1366; x_wconf 88' lang='lat' dir='ltr'>tantis</span> <span class='ocrx_word' id='word_1_160' title='bbox 1280 1325 1339 1366; x_wconf 91' lang='lat' dir='ltr'>rei</span> <span class='ocrx_word' id='word_1_161' title='bbox 1371 1325 1510 1380; x_wconf 85' lang='lat' dir='ltr'>publi-</span> <span class='ocrx_word' id='word_1_162' title='bbox 1532 1338 1565 1363; x_wconf 83' lang='lat'>20</span> 
     </span>
     <span class='ocr_line' id='line_1_23' title="bbox 177 1383 1512 1437; baseline 0.001 -13"><span class='ocrx_word' id='word_1_163' title='bbox 177 1397 249 1424; x_wconf 85' lang='lat' dir='ltr'>cae</span> <span class='ocrx_word' id='word_1_164' title='bbox 287 1383 486 1437; x_wconf 87' lang='lat' dir='ltr'>periculis</span> <span class='ocrx_word' id='word_1_165' title='bbox 526 1397 592 1424; x_wconf 91' lang='lat' dir='ltr'>me</span> <span class='ocrx_word' id='word_1_166' title='bbox 630 1398 716 1424; x_wconf 91' lang='lat' dir='ltr'>non</span> <span class='ocrx_word' id='word_1_167' title='bbox 748 1383 1004 1424; x_wconf 88' lang='lat' dir='ltr'>dissolutum</span> <span class='ocrx_word' id='word_1_168' title='bbox 1035 1383 1186 1436; x_wconf 87' lang='lat' dir='ltr'>videri,</span> <span class='ocrx_word' id='word_1_169' title='bbox 1224 1384 1298 1425; x_wconf 90' lang='lat' dir='ltr'>sed</span> <span class='ocrx_word' id='word_1_170' title='bbox 1328 1384 1413 1425; x_wconf 87' lang='lat' dir='ltr'>iam</span> <span class='ocrx_word' id='word_1_171' title='bbox 1445 1399 1512 1426; x_wconf 91' lang='lat' dir='ltr'>me</span> 
     </span>
     <span class='ocr_line' id='line_1_24' title="bbox 175 1441 1512 1496; baseline 0.001 -14"><span class='ocrx_word' id='word_1_172' title='bbox 175 1442 266 1495; x_wconf 89' lang='lat' dir='ltr'>ipse</span> <span class='ocrx_word' id='word_1_173' title='bbox 306 1441 484 1483; x_wconf 88' lang='lat' dir='ltr'>inertiae</span> <span class='ocrx_word' id='word_1_174' title='bbox 516 1442 815 1496; x_wconf 87' lang='lat' dir='ltr'>nequitiaeque</span> <span class='ocrx_word' id='word_1_175' title='bbox 848 1441 1092 1484; x_wconf 89' lang='lat' dir='ltr'>condemno.</span> <span class='ocrx_word' id='word_1_176' title='bbox 1155 1441 1307 1484; x_wconf 83' lang='lat' dir='ltr'>Castra</span> <span class='ocrx_word' id='word_1_177' title='bbox 1339 1445 1438 1484; x_wconf 92' lang='lat' dir='ltr'>sunt</span> <span class='ocrx_word' id='word_1_178' title='bbox 1467 1443 1512 1484; x_wconf 90' lang='lat' dir='ltr'>in</span> 
     </span>
     <span class='ocr_line' id='line_1_25' title="bbox 173 1499 1510 1555; baseline 0.002 -15"><span class='ocrx_word' id='word_1_179' title='bbox 173 1499 302 1541; x_wconf 82' lang='grc'>113113</span> <span class='ocrx_word' id='word_1_180' title='bbox 333 1503 482 1541; x_wconf 86' lang='lat' dir='ltr'>contra</span> <span class='ocrx_word' id='word_1_181' title='bbox 512 1501 718 1555; x_wconf 83' lang='lat' dir='ltr'>populum</span> <span class='ocrx_word' id='word_1_182' title='bbox 744 1500 986 1542; x_wconf 81' lang='lat' dir='ltr'>Romanum</span> <span class='ocrx_word' id='word_1_183' title='bbox 1017 1501 1062 1542; x_wconf 91' lang='lat' dir='ltr'>in</span> <span class='ocrx_word' id='word_1_184' title='bbox 1086 1500 1288 1542; x_wconf 86' lang='lat' dir='ltr'>Etruriae</span> <span class='ocrx_word' id='word_1_185' title='bbox 1314 1501 1510 1543; x_wconf 87' lang='lat' dir='ltr'>faucibus</span> 
     </span>
     <span class='ocr_line' id='line_1_26' title="bbox 175 1559 1510 1614; baseline 0.001 -14"><span class='ocrx_word' id='word_1_186' title='bbox 175 1559 416 1612; x_wconf 89' lang='lat' dir='ltr'>conlocata,</span> <span class='ocrx_word' id='word_1_187' title='bbox 454 1559 607 1600; x_wconf 86' lang='lat' dir='ltr'>crescit</span> <span class='ocrx_word' id='word_1_188' title='bbox 645 1559 690 1600; x_wconf 91' lang='lat' dir='ltr'>in</span> <span class='ocrx_word' id='word_1_189' title='bbox 722 1559 809 1600; x_wconf 89' lang='lat' dir='ltr'>dies</span> <span class='ocrx_word' id='word_1_190' title='bbox 842 1560 1036 1614; x_wconf 81' lang='lat' dir='ltr'>singulos</span> <span class='ocrx_word' id='word_1_191' title='bbox 1068 1560 1258 1601; x_wconf 86' lang='lat' dir='ltr'>hostium</span> <span class='ocrx_word' id='word_1_192' title='bbox 1290 1575 1510 1614; x_wconf 89' lang='lat' dir='ltr'>numerus;</span> 
     </span>
     <span class='ocr_line' id='line_1_27' title="bbox 175 1618 1562 1673; baseline 0.002 -16"><span class='ocrx_word' id='word_1_193' title='bbox 175 1631 320 1658; x_wconf 86' lang='lat' dir='ltr'>eorum</span> <span class='ocrx_word' id='word_1_194' title='bbox 341 1620 483 1658; x_wconf 86' lang='lat' dir='ltr'>autem</span> <span class='ocrx_word' id='word_1_195' title='bbox 504 1620 742 1659; x_wconf 83' lang='lat' dir='ltr'>cast-rorum</span> <span class='ocrx_word' id='word_1_196' title='bbox 756 1618 1059 1672; x_wconf 86' lang='lat' dir='ltr'>imperatorem</span> <span class='ocrx_word' id='word_1_197' title='bbox 1074 1619 1304 1673; x_wconf 89' lang='lat' dir='ltr'>ducemque</span> <span class='ocrx_word' id='word_1_198' title='bbox 1318 1618 1508 1660; x_wconf 87' lang='lat' dir='ltr'>hostium</span> <span class='ocrx_word' id='word_1_199' title='bbox 1529 1629 1562 1655; x_wconf 80' lang='lat'>25</span> 
     </span>
     <span class='ocr_line' id='line_1_28' title="bbox 174 1675 1509 1730; baseline 0.002 -15"><span class='ocrx_word' id='word_1_200' title='bbox 174 1675 288 1716; x_wconf 87' lang='lat' dir='ltr'>intra</span> <span class='ocrx_word' id='word_1_201' title='bbox 313 1675 482 1716; x_wconf 88' lang='lat' dir='ltr'>moenia</span> <span class='ocrx_word' id='word_1_202' title='bbox 508 1678 636 1730; x_wconf 86' lang='lat' dir='ltr'>atque</span> <span class='ocrx_word' id='word_1_203' title='bbox 662 1676 766 1717; x_wconf 89' lang='lat' dir='ltr'>adeo</span> <span class='ocrx_word' id='word_1_204' title='bbox 793 1677 836 1717; x_wconf 92' lang='lat' dir='ltr'>in</span> <span class='ocrx_word' id='word_1_205' title='bbox 862 1679 1013 1718; x_wconf 86' lang='lat' dir='ltr'>senatu</span> <span class='ocrx_word' id='word_1_206' title='bbox 1044 1677 1235 1718; x_wconf 88' lang='lat' dir='ltr'>videmus</span> <span class='ocrx_word' id='word_1_207' title='bbox 1261 1677 1509 1718; x_wconf 87' lang='lat' dir='ltr'>intestinam</span> 
     </span>
     <span class='ocr_line' id='line_1_29' title="bbox 175 1733 1509 1790; baseline 0.002 -17"><span class='ocrx_word' id='word_1_208' title='bbox 175 1733 363 1786; x_wconf 83' lang='lat' dir='ltr'>aliquam</span> <span class='ocrx_word' id='word_1_209' title='bbox 396 1733 550 1774; x_wconf 90' lang='lat' dir='ltr'>cotidie</span> <span class='ocrx_word' id='word_1_210' title='bbox 582 1735 813 1789; x_wconf 88' lang='lat' dir='ltr'>perniciem</span> <span class='ocrx_word' id='word_1_211' title='bbox 844 1736 906 1777; x_wconf 90' lang='lat' dir='ltr'>rei</span> <span class='ocrx_word' id='word_1_212' title='bbox 930 1735 1128 1790; x_wconf 88' lang='lat' dir='ltr'>publicae</span> <span class='ocrx_word' id='word_1_213' title='bbox 1156 1735 1413 1776; x_wconf 84' lang='lat' dir='ltr'>molientem.</span> <span class='ocrx_word' id='word_1_214' title='bbox 1463 1734 1509 1777; x_wconf 85' lang='lat' dir='ltr'>Si</span> 
     </span>
     <span class='ocr_line' id='line_1_30' title="bbox 174 1790 1508 1848; baseline 0.003 -17"><span class='ocrx_word' id='word_1_215' title='bbox 174 1794 217 1832; x_wconf 89' lang='lat' dir='ltr'>te</span> <span class='ocrx_word' id='word_1_216' title='bbox 259 1792 363 1844; x_wconf 87' lang='lat' dir='ltr'>iam,</span> <span class='ocrx_word' id='word_1_217' title='bbox 412 1790 617 1845; x_wconf 86' lang='lat' dir='ltr'>Catilina,</span> <span class='ocrx_word' id='word_1_218' title='bbox 665 1794 985 1848; x_wconf 87' lang='lat' dir='ltr'>comprehendi,</span> <span class='ocrx_word' id='word_1_219' title='bbox 1030 1794 1066 1835; x_wconf 88' lang='lat' dir='ltr'>si</span> <span class='ocrx_word' id='word_1_220' title='bbox 1109 1793 1286 1835; x_wconf 88' lang='lat' dir='ltr'>interfici</span> <span class='ocrx_word' id='word_1_221' title='bbox 1332 1793 1508 1847; x_wconf 87' lang='lat' dir='ltr'>iussero,</span> 
     </span>
     <span class='ocr_line' id='line_1_31' title="bbox 175 1849 1507 1906; baseline 0.003 -17"><span class='ocrx_word' id='word_1_222' title='bbox 175 1849 311 1903; x_wconf 90' lang='lat' dir='ltr'>credo,</span> <span class='ocrx_word' id='word_1_223' title='bbox 345 1849 425 1890; x_wconf 89' lang='lat' dir='ltr'>erit</span> <span class='ocrx_word' id='word_1_224' title='bbox 457 1851 687 1892; x_wconf 79' lang='lat' dir='ltr'>verendum</span> <span class='ocrx_word' id='word_1_225' title='bbox 721 1852 843 1906; x_wconf 88' lang='lat' dir='ltr'>mihi,</span> <span class='ocrx_word' id='word_1_226' title='bbox 874 1866 928 1893; x_wconf 90' lang='lat' dir='ltr'>ne</span> <span class='ocrx_word' id='word_1_227' title='bbox 958 1866 1044 1893; x_wconf 89' lang='lat' dir='ltr'>non</span> <span class='ocrx_word' id='word_1_228' title='bbox 1074 1852 1217 1906; x_wconf 91' lang='lat' dir='ltr'>potius</span> <span class='ocrx_word' id='word_1_229' title='bbox 1249 1852 1329 1893; x_wconf 88' lang='lat' dir='ltr'>hoc</span> <span class='ocrx_word' id='word_1_230' title='bbox 1361 1866 1507 1893; x_wconf 90' lang='lat' dir='ltr'>omnes</span> 
     </span>
     <span class='ocr_line' id='line_1_32' title="bbox 175 1907 1561 1965; baseline 0.003 -18"><span class='ocrx_word' id='word_1_231' title='bbox 175 1907 277 1948; x_wconf 89' lang='lat' dir='ltr'>boni</span> <span class='ocrx_word' id='word_1_232' title='bbox 318 1908 452 1948; x_wconf 88' lang='lat' dir='ltr'>serius</span> <span class='ocrx_word' id='word_1_233' title='bbox 490 1920 518 1949; x_wconf 68' lang='grc'>’3</span> <span class='ocrx_word' id='word_1_234' title='bbox 559 1923 625 1950; x_wconf 90' lang='grc'>1113</span> <span class='ocrx_word' id='word_1_235' title='bbox 670 1925 797 1964; x_wconf 87' lang='lat' dir='ltr'>quam</span> <span class='ocrx_word' id='word_1_236' title='bbox 835 1911 1060 1965; x_wconf 88' lang='lat' dir='ltr'>quisquam</span> <span class='ocrx_word' id='word_1_237' title='bbox 1099 1909 1307 1951; x_wconf 87' lang='lat' dir='ltr'>crudelius</span> <span class='ocrx_word' id='word_1_238' title='bbox 1346 1910 1507 1952; x_wconf 85' lang='lat' dir='ltr'>factum</span> <span class='ocrx_word' id='word_1_239' title='bbox 1526 1921 1561 1947; x_wconf 79' lang='lat'>30</span> 
     </span>
     <span class='ocr_line' id='line_1_33' title="bbox 176 1966 1508 2023; baseline 0.003 -17"><span class='ocrx_word' id='word_1_240' title='bbox 176 1980 268 2007; x_wconf 91' lang='lat' dir='ltr'>esse</span> <span class='ocrx_word' id='word_1_241' title='bbox 301 1966 425 2006; x_wconf 89' lang='lat' dir='ltr'>dicat.</span> <span class='ocrx_word' id='word_1_242' title='bbox 475 1966 634 2007; x_wconf 88' lang='lat' dir='ltr'>Verum</span> <span class='ocrx_word' id='word_1_243' title='bbox 668 1982 747 2023; x_wconf 80' lang='lat' dir='ltr'>ego</span> <span class='ocrx_word' id='word_1_244' title='bbox 784 1969 875 2022; x_wconf 89' lang='lat' dir='ltr'>hoc,</span> <span class='ocrx_word' id='word_1_245' title='bbox 909 1968 1020 2023; x_wconf 90' lang='lat' dir='ltr'>quod</span> <span class='ocrx_word' id='word_1_246' title='bbox 1045 1968 1129 2009; x_wconf 90' lang='lat' dir='ltr'>iam</span> <span class='ocrx_word' id='word_1_247' title='bbox 1156 1967 1320 2022; x_wconf 87' lang='lat' dir='ltr'>pridem</span> <span class='ocrx_word' id='word_1_248' title='bbox 1346 1968 1508 2010; x_wconf 88' lang='lat' dir='ltr'>factum</span> 
     </span>
     <span class='ocr_line' id='line_1_34' title="bbox 177 2024 1508 2078; baseline 0.004 -14"><span class='ocrx_word' id='word_1_249' title='bbox 177 2038 268 2065; x_wconf 92' lang='lat' dir='ltr'>esse</span> <span class='ocrx_word' id='word_1_250' title='bbox 301 2024 508 2078; x_wconf 90' lang='lat' dir='ltr'>oportuit,</span> <span class='ocrx_word' id='word_1_251' title='bbox 549 2028 665 2066; x_wconf 88' lang='lat' dir='ltr'>certa</span> <span class='ocrx_word' id='word_1_252' title='bbox 696 2027 746 2067; x_wconf 89' lang='lat' dir='ltr'>de</span> <span class='ocrx_word' id='word_1_253' title='bbox 778 2042 905 2068; x_wconf 86' lang='lat' dir='ltr'>causa</span> <span class='ocrx_word' id='word_1_254' title='bbox 934 2026 1120 2068; x_wconf 87' lang='lat' dir='ltr'>nondum</span> <span class='ocrx_word' id='word_1_255' title='bbox 1155 2026 1340 2068; x_wconf 90' lang='lat' dir='ltr'>adducor</span> <span class='ocrx_word' id='word_1_256' title='bbox 1369 2030 1418 2068; x_wconf 91' lang='lat' dir='ltr'>ut</span> <span class='ocrx_word' id='word_1_257' title='bbox 1447 2027 1508 2069; x_wconf 87' lang='lat' dir='ltr'>fa.-</span> 
     </span>
     <span class='ocr_line' id='line_1_35' title="bbox 177 2082 1507 2138; baseline 0.002 -15"><span class='ocrx_word' id='word_1_258' title='bbox 177 2083 297 2124; x_wconf 89' lang='lat' dir='ltr'>ciam.</span> <span class='ocrx_word' id='word_1_259' title='bbox 359 2082 467 2123; x_wconf 80' lang='lat' dir='ltr'>Tum</span> <span class='ocrx_word' id='word_1_260' title='bbox 506 2083 684 2137; x_wconf 87' lang='lat' dir='ltr'>denique</span> <span class='ocrx_word' id='word_1_261' title='bbox 715 2084 986 2138; x_wconf 87' lang='lat' dir='ltr'>interficiere,</span> <span class='ocrx_word' id='word_1_262' title='bbox 1023 2099 1118 2126; x_wconf 90' lang='lat' dir='ltr'>cum</span> <span class='ocrx_word' id='word_1_263' title='bbox 1149 2084 1234 2125; x_wconf 87' lang='lat' dir='ltr'>iam</span> <span class='ocrx_word' id='word_1_264' title='bbox 1267 2099 1392 2127; x_wconf 88' lang='lat' dir='ltr'>nemo</span> <span class='ocrx_word' id='word_1_265' title='bbox 1417 2088 1507 2127; x_wconf 86' lang='lat' dir='ltr'>tam</span> 
     </span>
     <span class='ocr_line' id='line_1_36' title="bbox 175 2141 1507 2198; baseline 0.003 -17"><span class='ocrx_word' id='word_1_266' title='bbox 175 2141 397 2195; x_wconf 75' lang='lat' dir='ltr'>inprobUS,</span> <span class='ocrx_word' id='word_1_267' title='bbox 435 2143 525 2182; x_wconf 88' lang='lat' dir='ltr'>tam</span> <span class='ocrx_word' id='word_1_268' title='bbox 556 2142 765 2196; x_wconf 89' lang='lat' dir='ltr'>perditus,</span> <span class='ocrx_word' id='word_1_269' title='bbox 804 2146 894 2184; x_wconf 85' lang='lat' dir='ltr'>tam</span> <span class='ocrx_word' id='word_1_270' title='bbox 925 2144 987 2184; x_wconf 92' lang='lat' dir='ltr'>tui</span> <span class='ocrx_word' id='word_1_271' title='bbox 1021 2142 1173 2184; x_wconf 89' lang='lat' dir='ltr'>similis</span> <span class='ocrx_word' id='word_1_272' title='bbox 1205 2144 1384 2185; x_wconf 86' lang='lat' dir='ltr'>inveniri</span> <span class='ocrx_word' id='word_1_273' title='bbox 1413 2147 1507 2198; x_wconf 91' lang='lat' dir='ltr'>pot-</span> 
     </span>
     <span class='ocr_line' id='line_1_37' title="bbox 178 2199 1557 2253; baseline 0.002 -13"><span class='ocrx_word' id='word_1_274' title='bbox 178 2202 276 2253; x_wconf 82' lang='lat' dir='ltr'>erit,</span> <span class='ocrx_word' id='word_1_275' title='bbox 313 2200 385 2253; x_wconf 87' lang='lat' dir='ltr'>qui</span> <span class='ocrx_word' id='word_1_276' title='bbox 421 2199 465 2240; x_wconf 87' lang='lat' dir='ltr'>id</span> <span class='ocrx_word' id='word_1_277' title='bbox 496 2213 579 2241; x_wconf 88' lang='lat' dir='ltr'>non</span> <span class='ocrx_word' id='word_1_278' title='bbox 610 2200 700 2240; x_wconf 89' lang='lat' dir='ltr'>iure</span> <span class='ocrx_word' id='word_1_279' title='bbox 730 2201 890 2242; x_wconf 86' lang='lat' dir='ltr'>factum</span> <span class='ocrx_word' id='word_1_280' title='bbox 923 2215 1013 2242; x_wconf 73' lang='lat' dir='ltr'>esse</span> <span class='ocrx_word' id='word_1_281' title='bbox 1044 2201 1241 2243; x_wconf 82' lang='lat' dir='ltr'>fateatur.</span> <span class='ocrx_word' id='word_1_282' title='bbox 1298 2202 1557 2251; x_wconf 50' lang='lat' dir='ltr'>Quamdiu&amp;</span> 
     </span>
     <span class='ocr_line' id='line_1_38' title="bbox 177 2257 1505 2314; baseline 0.002 -16"><span class='ocrx_word' id='word_1_283' title='bbox 177 2258 401 2311; x_wconf 84' lang='lat' dir='ltr'>quisquam</span> <span class='ocrx_word' id='word_1_284' title='bbox 423 2257 514 2310; x_wconf 85' lang='lat' dir='ltr'>erit,</span> <span class='ocrx_word' id='word_1_285' title='bbox 535 2257 606 2312; x_wconf 89' lang='lat' dir='ltr'>qui</span> <span class='ocrx_word' id='word_1_286' title='bbox 620 2261 661 2299; x_wconf 88' lang='lat' dir='ltr'>te</span> <span class='ocrx_word' id='word_1_287' title='bbox 677 2259 898 2301; x_wconf 85' lang='lat' dir='ltr'>defendere</span> <span class='ocrx_word' id='word_1_288' title='bbox 913 2259 1078 2312; x_wconf 87' lang='lat' dir='ltr'>audeat,</span> <span class='ocrx_word' id='word_1_289' title='bbox 1097 2260 1225 2312; x_wconf 83' lang='lat' dir='ltr'>vives,</span> <span class='ocrx_word' id='word_1_290' title='bbox 1246 2263 1288 2302; x_wconf 89' lang='lat' dir='ltr'>et</span> <span class='ocrx_word' id='word_1_291' title='bbox 1301 2260 1417 2302; x_wconf 82' lang='lat' dir='ltr'>vives</span> <span class='ocrx_word' id='word_1_292' title='bbox 1431 2260 1505 2314; x_wconf 88' lang='lat' dir='ltr'>ita,</span> 
     </span>
     <span class='ocr_line' id='line_1_39' title="bbox 176 2316 1505 2372; baseline 0.003 -16"><span class='ocrx_word' id='word_1_293' title='bbox 176 2320 223 2356; x_wconf 88' lang='lat' dir='ltr'>ut</span> <span class='ocrx_word' id='word_1_294' title='bbox 245 2317 389 2368; x_wconf 89' lang='lat' dir='ltr'>[nunc]</span> <span class='ocrx_word' id='word_1_295' title='bbox 411 2316 530 2369; x_wconf 86' lang='lat' dir='ltr'>vivis,</span> <span class='ocrx_word' id='word_1_296' title='bbox 550 2316 694 2357; x_wconf 87' lang='lat' dir='ltr'>multis</span> <span class='ocrx_word' id='word_1_297' title='bbox 716 2318 820 2358; x_wconf 89' lang='lat' dir='ltr'>meis</span> <span class='ocrx_word' id='word_1_298' title='bbox 842 2320 884 2359; x_wconf 89' lang='lat' dir='ltr'>et</span> <span class='ocrx_word' id='word_1_299' title='bbox 902 2317 1036 2358; x_wconf 90' lang='lat' dir='ltr'>firmis</span> <span class='ocrx_word' id='word_1_300' title='bbox 1055 2318 1277 2372; x_wconf 87' lang='lat' dir='ltr'>praesidiis</span> <span class='ocrx_word' id='word_1_301' title='bbox 1295 2319 1505 2372; x_wconf 85' lang='lat' dir='ltr'>obsessus,</span> 
     </span>
    </p>
   </div>
  </div>
 </body>
</html>
