1619 2542
497 630 558 678 M.
598 630 787 677 TULLI
825 629 1149 677 CICERONIS

244 738 496 794 ORATIO
539 739 612 794 IN
657 739 1036 794 CATILINAM
1079 738 1400 794 SECUNDA

613 853 698 900 AD
736 852 1044 900 POPULUM.

625 1030 1014 1068 ARGUMENTUM.

249 1108 339 1144 Cum
365 1118 410 1142 ea
433 1107 565 1143 oratio,
592 1117 703 1151 quam
721 1106 770 1141 M.
787 1106 929 1141 Tullius
955 1106 993 1140 in
1019 1107 1151 1140 senatu
1175 1105 1215 1139 in
1235 1105 1274 1141 L.
1290 1105 1488 1141 Catilinam

154 1157 387 1199 praesentem
418 1166 450 1189 a.
477 1153 511 1189 d.
538 1153 588 1188 VI
613 1153 665 1188 Id.
691 1153 918 1188 Novembres
944 1152 1093 1196 habuit,
1127 1163 1149 1187 a
1174 1152 1408 1187 senatoribus
1434 1152 1489 1187 ita

155 1201 284 1236 audita
319 1203 434 1244 esset,
472 1203 514 1235 ut
542 1200 710 1245 plerique
741 1200 883 1235 consuli
916 1200 1190 1235 adsentirentur
1220 1201 1258 1234 et
1289 1199 1489 1234 Catilinam

153 1248 299 1284 hostem
337 1248 481 1293 patriae
519 1250 630 1291 atque
661 1247 886 1292 parricidam
918 1247 1170 1292 appellarent,
1208 1246 1272 1281 ille
1304 1256 1324 1280 e
1357 1248 1489 1281 senatu

154 1307 324 1339 egressus
360 1295 600 1340 proximaque
636 1296 746 1329 nocte
782 1294 920 1329 relictis
958 1295 997 1329 P.
1035 1293 1209 1336 Lentulo,
1247 1293 1285 1328 C.
1323 1291 1487 1338 Cethego

156 1342 312 1387 aliisque
343 1342 382 1377 in
412 1342 502 1376 urbe
535 1341 661 1385 sociis,
695 1341 757 1386 qui
783 1352 844 1385 ca,
876 1342 921 1376 de
947 1340 1080 1384 quibus
1107 1340 1356 1379 convenisset.
1388 1351 1489 1375 exse-

153 1391 361 1434 querentur,
388 1389 435 1424 ad
461 1389 640 1424 Manlium
665 1389 854 1433 profectus
881 1389 970 1423 erat.
1019 1387 1204 1423 Postridie
1232 1387 1310 1422 eius
1337 1386 1413 1422 diei
1437 1387 1485 1422 M.

154 1437 280 1472 Cicero
307 1437 477 1471 contione
503 1439 718 1478 convocata,
744 1437 786 1470 ut
808 1435 987 1480 populum
1012 1434 1058 1469 de
1082 1435 1128 1469 iis
1148 1435 1269 1477 rebus,
1295 1445 1389 1478 quae
1410 1435 1486 1478 agi-

154 1484 344 1526 tabantur,
378 1482 549 1519 edoceret
574 1485 613 1517 et
636 1483 814 1517 invidiam
840 1493 863 1517 a
887 1493 925 1517 se
952 1482 1226 1527 deprecaretur,
1253 1483 1366 1526 hanc,
1393 1492 1488 1525 quae

156 1531 251 1566 infra
275 1530 428 1575 legitur,
455 1530 661 1565 orationem
687 1529 830 1564 habuit.

106 1688 128 1727 l
243 1697 433 1738 Tandem
459 1697 699 1752 aliquando,
725 1695 924 1750 Quirites,
948 1695 994 1737 L.
1015 1693 1246 1737 Catilinam
1271 1693 1485 1735 furentem

111 1738 128 1768 ยน
157 1755 349 1808 audacia,
392 1755 529 1797 scelus
574 1755 864 1807 anhelantem,
912 1756 1078 1810 pestem
1121 1753 1287 1807 patriae
1326 1751 1487 1793 nefarie

156 1814 421 1867 molientem,
463 1813 584 1855 vobis
628 1818 754 1868 atque
800 1813 899 1855 huic
941 1812 1037 1854 urbi
1076 1812 1188 1853 ferro
1230 1811 1486 1865 flammaque

156 1872 428 1914 minitantem
472 1886 522 1912 ex
564 1872 669 1913 urbe
707 1872 775 1913 vel
818 1871 1018 1913 eiecimus
1057 1871 1125 1911 vel
1163 1869 1382 1911 emisimus
1419 1869 1487 1910 vel

155 1931 296 1986 ipsum
345 1929 632 1985 egredientem
675 1930 818 1972 verbis
866 1928 1080 1984 prosecuti
1128 1942 1284 1969 sumus.
1352 1927 1522 1980 Abiit,5

157 1988 351 2041 excessit,
375 1988 523 2041 evasit,
554 1989 704 2043 erupit.
747 1988 878 2030 Nulla
901 1988 986 2030 iam
1010 1986 1218 2042 pernicies
1244 2000 1269 2026 a
1294 1988 1487 2027 monstro

156 2048 230 2089 illo
263 2050 391 2101 atque
422 2047 620 2101 prodigio
653 2047 873 2088 moenibus
905 2045 1010 2101 ipsis
1041 2046 1156 2085 intra
1182 2044 1350 2085 moenia
1375 2058 1487 2086 com-

156 2105 387 2160 parabitur.
464 2107 605 2158 Atque
653 2105 766 2146 hunc
816 2104 985 2160 quidem
1034 2117 1164 2143 unum
1213 2103 1338 2144 huius
1383 2102 1488 2143 belli

159 2163 380 2207 domestici
406 2162 553 2204 ducem
579 2163 668 2204 sine
696 2163 987 2205 controversia
1011 2161 1203 2203 vicimus.
1248 2159 1347 2203 Non
1373 2162 1487 2202 enim

157 2224 244 2265 iam
285 2223 397 2263 inter
433 2222 570 2262 latera
605 2224 754 2262 nostra
792 2222 881 2264 sica
917 2220 992 2261 illa
1031 2219 1290 2273 versabitur,
1326 2233 1414 2260 non
1443 2219 1488 2259 in
1508 2228 1541 2253 1โฐ

158 2295 329 2336 campo,
358 2294 445 2321 non
476 2280 521 2320 in
550 2279 663 2333 foro,
694 2294 780 2321 non
811 2280 856 2320 in
887 2278 1016 2332 curia,
1045 2292 1132 2319 non
1163 2277 1342 2331 denique
1373 2277 1488 2318 intra

159 2338 413 2381 domesticos
450 2337 635 2393 parietes
673 2338 1032 2391 pertimescemus
1095 2336 1207 2377 Loco
1239 2336 1313 2377 ille
1346 2338 1487 2376 motus
