1619 2542
92 1220 135 1251 27

96 1503 145 1542 11

156 119 243 161 258
481 119 532 153 IN
557 119 594 155 L.
623 118 890 155 CATILINAM
914 118 1093 154 ORATIO
1120 118 1147 155 1.

155 218 260 256 nata
298 229 346 256 ac
383 215 546 257 furiosa
582 215 794 270 rapiebat3
839 229 974 269 neque
1012 215 1125 256 enim
1162 215 1244 256 tibi
1281 215 1386 257 haec
1423 230 1493 257 res

158 274 296 315 adfert
322 273 525 327 dolorem,
552 274 626 315 sed
653 273 865 329 quandam
890 273 1185 315 incredibilem
1211 273 1493 327 voluptatem.

158 332 225 373 Ad
257 332 367 374 hanc
398 336 441 374 te
473 332 706 374 amentiam
736 335 892 373 natura
923 332 1107 387 peperit,
1144 331 1345 374 voluntas
1377 347 1494 374 exer-

159 391 257 441 cuit,
283 391 456 432 fortuna
483 391 680 432 servavit.
736 389 984 444 Numquam
1009 393 1057 432 tu
1081 406 1168 432 non
1194 391 1319 432 modo
1346 391 1494 445 otium,

159 450 231 491 sed
256 464 308 490 ne
336 450 498 491 bellum
520 449 689 503 quidem
709 449 791 490 nisi
811 449 1022 490 nefarium
1043 449 1292 505 concupisti.
1328 449 1492 492 Nactus

160 523 203 549 es
231 523 280 549 ex
306 508 485 563 perditis
512 512 639 561 atque
666 509 719 549 ab
748 508 864 549 omni
883 523 969 550 non
989 508 1115 549 modo
1134 508 1321 562 fortuna,
1346 523 1494 550 verum

160 567 289 608 etiam
333 582 406 621 spe
452 567 664 608 derelictis
710 567 941 608 conflatam
983 566 1263 620 inproborum
1308 582 1493 608 manum.

160 625 242 667 Hic
267 628 314 666 tu
342 640 426 679 qua
451 625 618 666 laetitia
642 625 870 680 perfruere,
897 625 1049 680 quibus
1076 625 1241 680 gaudiis
1270 626 1494 679 exultabis,

161 687 320 738 quanta
351 685 396 724 in
426 685 649 739 voluptate
674 684 946 738 bacchabere,
979 698 1073 725 cum
1098 684 1144 725 in
1170 687 1291 726 tanto
1316 699 1493 726 numero

159 746 331 783 tuorum
363 757 499 797 neque
532 743 676 784 audies
708 743 845 784 virum
878 743 1039 784 bonum
1073 757 1327 797 quemquam
1357 757 1493 797 neque

159 801 340 842 videbis!
403 801 472 842 Ad
509 801 636 842 huius
667 801 780 843 vitae
819 801 1006 842 studium
1044 802 1239 843 meditati
1277 802 1344 843 illi
1384 805 1495 854 sunt,

160 860 232 914 qui
261 860 475 914 feruntur,
513 860 684 901 labores
716 860 797 913 tui,
834 860 971 901 iacere
1003 860 1122 901 humi
1153 875 1240 902 non
1272 861 1410 902 solum
1443 861 1495 902 ad

162 918 439 960 obsidendum
472 921 687 973 stuprum,
718 933 864 960 verum
897 919 1026 960 etiam
1059 919 1111 960 ad
1142 918 1307 960 facinus
1340 919 1495 961 obeun-

162 977 278 1031 dum,
299 977 477 1032 vigilare
497 992 584 1018 non
604 978 743 1018 solum
762 977 1035 1018 insidiantem
1056 991 1208 1019 somno
1229 978 1494 1031 maritorum,

160 1050 306 1076 verum
346 1035 477 1077 etiam
514 1036 636 1077 bonis
679 1035 925 1077 otiosorum.
987 1035 1151 1090 Habes,
1193 1036 1267 1077 ubi
1304 1039 1493 1078 ostentes

162 1097 280 1134 tuam
306 1094 428 1134 illam
454 1095 716 1149 praeclaram
742 1094 994 1148 patientiam
1020 1094 1158 1148 famis,
1190 1095 1376 1149 frigoris,
1406 1095 1495 1136 ino-

162 1152 257 1206 piae
284 1167 425 1193 rerum
446 1153 647 1205 omnium,
674 1152 826 1206 quibus
846 1156 887 1193 te
908 1153 1026 1194 brevi
1044 1155 1238 1207 tempore
1259 1153 1495 1195 confectum

164 1225 253 1251 esse
292 1211 461 1251 senties.
523 1210 708 1252 Tantum
746 1210 907 1264 profeci
944 1214 1053 1265 tum,
1092 1226 1186 1253 cum
1218 1214 1260 1252 te
1293 1227 1318 1252 a
1350 1226 1497 1253 consu-

162 1270 254 1310 latu
292 1269 476 1322 reppuli,
513 1272 561 1310 ut
599 1270 718 1310 exsul
756 1270 898 1323 potius
936 1272 1145 1324 temptare
1185 1284 1313 1325 quam
1346 1271 1495 1312 consul

162 1342 313 1368 vexare
339 1342 427 1368 rem
454 1328 668 1382 publicam
694 1342 854 1382 posses,
885 1330 1011 1383 atque
1038 1332 1085 1370 ut
1109 1329 1164 1382 id,
1196 1329 1309 1383 quod
1335 1331 1446 1370 esset
1472 1344 1496 1370 a
1515 1341 1529 1365 Ξ

163 1388 204 1427 te
226 1386 430 1427 scelerate
450 1389 706 1440 susceptum,
727 1387 999 1428 latrocinium
1018 1387 1162 1441 potius
1185 1402 1314 1442 quam
1333 1387 1495 1429 bellum

162 1445 469 1485 nominaretur.

251 1502 392 1557 Nunc,
423 1506 470 1544 ut
503 1519 528 1545 a
558 1518 637 1557 me,
669 1506 812 1558 patres
845 1504 1087 1558 conscripti,
1120 1504 1331 1559 quandam
1351 1519 1497 1559 prope

162 1562 320 1602 iustam
376 1562 543 1617 patriae
594 1562 902 1616 querimoniam
953 1563 1138 1604 detester
1187 1578 1236 1605 ac
1286 1563 1496 1617 deprecer,

162 1621 378 1675 percipite,
412 1635 581 1674 quaeso,
608 1621 845 1676 diligenter,
873 1636 980 1675 quae
1007 1621 1156 1675 dicam,
1183 1625 1226 1663 et
1252 1636 1300 1663 ea
1326 1621 1495 1676 penitus
1516 1651 1529 1657 -

165 1678 318 1719 animis
338 1679 491 1720 vestris
512 1680 809 1735 mentibusque
829 1680 1038 1721 mandate.
1071 1680 1255 1734 Etenim,
1276 1680 1312 1721 si
1332 1695 1497 1721 mecum

163 1737 315 1789 patria,
350 1752 455 1790 quae
482 1738 588 1778 mihi
613 1738 702 1779 vita
730 1753 824 1780 mea
851 1740 985 1780 multo
1013 1741 1078 1779 est
1104 1739 1254 1790 carior,
1280 1739 1317 1779 si
1344 1741 1497 1779 cuncta

163 1794 308 1848 Italia,
342 1795 378 1835 si
410 1797 546 1837 omnis
578 1811 644 1837 res
677 1797 849 1851 publica
880 1797 1102 1851 loquatur:
1136 1795 1206 1839 εΜ.
1232 1796 1363 1850 Tulli,
1396 1796 1497 1850 quid

166 1853 287 1908 agis?
338 1852 455 1893 Tune
489 1869 594 1907 eum,
626 1870 751 1909 quem
778 1870 868 1897 esse
894 1856 1062 1896 hostem
1089 1855 1344 1908 comperisti,
1372 1869 1496 1909 quem

165 1912 311 1952 ducem
352 1911 455 1952 belli
491 1912 684 1954 futurum
723 1913 857 1967 vides,
902 1928 1026 1968 quem
1064 1914 1277 1968 expectari
1313 1913 1530 1967 impera-3

165 1969 332 2010 tor‘em
322 1984 366 2009 ln
386 1970 538 2010 castris
558 1971 746 2012 hostium
767 1972 910 2026 sentis,
938 1974 1152 2013 auctorem
1175 1972 1357 2025 sceleris,
1383 1972 1494 2026 prin-

165 2028 300 2083 cipem
340 2028 663 2083 coniurationis,
705 2033 973 2073 evocatorem
1011 2044 1229 2071 servorum
1268 2033 1310 2071 et
1342 2030 1496 2072 civium

165 2086 450 2140 perditorum,
489 2087 599 2127 exile
637 2089 817 2142 patiere,
855 2091 904 2130 ut
936 2089 1011 2130 abs
1043 2092 1086 2129 te
1116 2103 1202 2129 non
1234 2089 1413 2130 emissus
1446 2104 1497 2130 ex

166 2145 288 2199 urbe,
331 2144 404 2185 sed
434 2145 650 2186 immissus
684 2146 727 2187 in
758 2148 906 2188 urbem
939 2161 1030 2188 esse
1060 2146 1282 2188 videatur?
1343 2147 1495 2189 Nonne

166 2204 277 2244 hunc
309 2204 354 2244 in
378 2203 519 2244 vincla
551 2203 657 2257 duci,
688 2219 772 2245 non
799 2205 850 2247 ad
877 2207 1058 2246 mortem
1084 2206 1188 2259 rapi,
1218 2220 1305 2247 non
1331 2219 1494 2247 summo

98 2272 140 2303 28
168 2262 375 2316 supplicio
403 2262 582 2302 mactari
602 2262 861 2316 imperabis?
906 2262 1015 2311 Quid
1033 2263 1205 2304 tandem
1225 2266 1268 2304 te
1287 2264 1495 2318 impedit?

167 2335 313 2361 mosne
353 2319 589 2361 maiorum?
652 2322 711 2361 At
749 2336 953 2377 persaepe
992 2321 1119 2363 etiam
1150 2322 1309 2376 privati
1341 2323 1385 2363 in
1415 2323 1496 2363 hac

1511 461 1529 487 5

1515 755 1549 780 10

1515 1047 1547 1073 15

1514 2215 1548 2242 35
