<?xml version="1.0" encoding="UTF-8"?>
<!DOCTYPE html PUBLIC "-//W3C//DTD XHTML 1.0 Transitional//EN"
    "http://www.w3.org/TR/xhtml1/DTD/xhtml1-transitional.dtd">
<html xmlns="http://www.w3.org/1999/xhtml" xml:lang="en" lang="en">
 <head>
  <title>
</title>
<meta http-equiv="Content-Type" content="text/html;charset=utf-8" />
  <meta name='ocr-system' content='tesseract 3.04.00' />
  <meta name='ocr-capabilities' content='ocr_page ocr_carea ocr_par ocr_line ocrx_word'/>
</head>
<body>
  <div class='ocr_page' id='page_1' title='image "./p2scriptaquaemanse02ciceuoft_0387.png"; bbox 0 0 1619 2542; ppageno 0'>
   <div class='ocr_carea' id='block_1_1' title="bbox 0 0 1535 19">
    <p class='ocr_par' dir='ltr' id='par_1_1' title="bbox 0 0 1535 19">
     <span class='ocr_line' id='line_1_1' title="bbox 0 0 1535 19; baseline 0 2523"><span class='ocrx_word' id='word_1_1' title='bbox 0 0 1535 19; x_wconf 95' lang='lat' dir='ltr'><strong> </strong></span> 
     </span>
    </p>
   </div>
   <div class='ocr_carea' id='block_1_2' title="bbox 605 155 1446 197">
    <p class='ocr_par' dir='ltr' id='par_1_2' title="bbox 605 155 1446 197">
     <span class='ocr_line' id='line_1_2' title="bbox 605 155 1446 197; baseline 0.007 -7"><span class='ocrx_word' id='word_1_2' title='bbox 605 155 707 190; x_wconf 84' lang='lat' dir='ltr'>CAP.</span> <span class='ocrx_word' id='word_1_3' title='bbox 737 160 824 190; x_wconf 88' lang='lat'><strong>1—3</strong></span> <span class='ocrx_word' id='word_1_4' title='bbox 851 160 870 197; x_wconf 61' lang='lat' dir='ltr'><strong>s</strong></span> <span class='ocrx_word' id='word_1_5' title='bbox 898 159 998 191; x_wconf 82' lang='lat'>1—8.</span> <span class='ocrx_word' id='word_1_6' title='bbox 1360 155 1446 196; x_wconf 78' lang='lat'><strong>235</strong></span> 
     </span>
    </p>
   </div>
   <div class='ocr_carea' id='block_1_3' title="bbox 50 251 1503 2429">
    <p class='ocr_par' dir='ltr' id='par_1_3' title="bbox 50 251 1450 1469">
     <span class='ocr_line' id='line_1_3' title="bbox 100 251 1447 307; baseline -0.001 -13"><span class='ocrx_word' id='word_1_7' title='bbox 100 267 236 307; x_wconf 91' lang='lat' dir='ltr'><strong>neque</strong></span> <span class='ocrx_word' id='word_1_8' title='bbox 284 253 337 294; x_wconf 88' lang='lat' dir='ltr'><strong>ad</strong></span> <span class='ocrx_word' id='word_1_9' title='bbox 374 252 583 307; x_wconf 89' lang='lat' dir='ltr'><strong>populum</strong></span> <span class='ocrx_word' id='word_1_10' title='bbox 615 252 856 293; x_wconf 84' lang='lat' dir='ltr'><strong>Romanum</strong></span> <span class='ocrx_word' id='word_1_11' title='bbox 896 267 987 294; x_wconf 87' lang='lat' dir='ltr'><strong>esse</strong></span> <span class='ocrx_word' id='word_1_12' title='bbox 1027 252 1225 294; x_wconf 80' lang='lat' dir='ltr'><strong>delatam.</strong></span> <span class='ocrx_word' id='word_1_13' title='bbox 1287 251 1447 307; x_wconf 78' lang='lat' dir='ltr'><strong>Agitur</strong></span> 
     </span>
     <span class='ocr_line' id='line_1_4' title="bbox 101 310 1446 365; baseline -0.001 -13"><span class='ocrx_word' id='word_1_14' title='bbox 101 312 214 353; x_wconf 89' lang='lat' dir='ltr'><strong>enim</strong></span> <span class='ocrx_word' id='word_1_15' title='bbox 240 311 349 352; x_wconf 86' lang='lat' dir='ltr'><strong>nihil</strong></span> <span class='ocrx_word' id='word_1_16' title='bbox 378 311 491 352; x_wconf 87' lang='lat' dir='ltr'><strong>aliud</strong></span> <span class='ocrx_word' id='word_1_17' title='bbox 517 311 563 351; x_wconf 90' lang='lat' dir='ltr'><strong>in</strong></span> <span class='ocrx_word' id='word_1_18' title='bbox 588 311 668 352; x_wconf 88' lang='lat' dir='ltr'><strong>hac</strong></span> <span class='ocrx_word' id='word_1_19' title='bbox 694 326 833 364; x_wconf 87' lang='lat' dir='ltr'><strong>causa,</strong></span> <span class='ocrx_word' id='word_1_20' title='bbox 867 310 1064 365; x_wconf 73' lang='lat' dir='ltr'><strong>Quirites,</strong></span> <span class='ocrx_word' id='word_1_21' title='bbox 1095 312 1179 352; x_wconf 72' lang='lat' dir='ltr'><strong>m&#39;sz&#39;</strong></span> <span class='ocrx_word' id='word_1_22' title='bbox 1206 313 1252 351; x_wconf 92' lang='lat' dir='ltr'><strong>ut</strong></span> <span class='ocrx_word' id='word_1_23' title='bbox 1277 311 1446 351; x_wconf 85' lang='lat' dir='ltr'><strong>nullum</strong></span> 
     </span>
     <span class='ocr_line' id='line_1_5' title="bbox 103 369 1445 424; baseline -0.001 -13"><span class='ocrx_word' id='word_1_24' title='bbox 103 371 159 411; x_wconf 89' lang='lat' dir='ltr'><strong>sit</strong></span> <span class='ocrx_word' id='word_1_25' title='bbox 199 370 381 424; x_wconf 88' lang='lat' dir='ltr'><strong>posthac</strong></span> <span class='ocrx_word' id='word_1_26' title='bbox 419 369 463 410; x_wconf 90' lang='lat' dir='ltr'><strong>in</strong></span> <span class='ocrx_word' id='word_1_27' title='bbox 501 384 545 410; x_wconf 92' lang='lat' dir='ltr'><strong>re</strong></span> <span class='ocrx_word' id='word_1_28' title='bbox 584 370 757 424; x_wconf 86' lang='lat' dir='ltr'><strong>publica</strong></span> <span class='ocrx_word' id='word_1_29' title='bbox 788 370 1009 424; x_wconf 86' lang='lat' dir='ltr'><strong>publicum</strong></span> <span class='ocrx_word' id='word_1_30' title='bbox 1043 370 1287 423; x_wconf 86' lang='lat' dir='ltr'><strong>consilium,</strong></span> <span class='ocrx_word' id='word_1_31' title='bbox 1325 370 1445 411; x_wconf 85' lang='lat' dir='ltr'><strong>nulla</strong></span> 
     </span>
     <span class='ocr_line' id='line_1_6' title="bbox 103 428 1445 482; baseline -0.001 -12"><span class='ocrx_word' id='word_1_32' title='bbox 103 429 314 470; x_wconf 88' lang='lat' dir='ltr'><strong>bonorum</strong></span> <span class='ocrx_word' id='word_1_33' title='bbox 362 428 586 470; x_wconf 80' lang='lat' dir='ltr'><strong>consensio</strong></span> <span class='ocrx_word' id='word_1_34' title='bbox 635 432 785 470; x_wconf 89' lang='lat' dir='ltr'><strong>contra</strong></span> <span class='ocrx_word' id='word_1_35' title='bbox 829 429 1125 482; x_wconf 89' lang='lat' dir='ltr'><strong>improborum</strong></span> <span class='ocrx_word' id='word_1_36' title='bbox 1169 429 1358 469; x_wconf 85' lang='lat' dir='ltr'><strong>furorem</strong></span> <span class='ocrx_word' id='word_1_37' title='bbox 1403 431 1445 469; x_wconf 89' lang='lat' dir='ltr'><strong>et</strong></span> 
     </span>
     <span class='ocr_line' id='line_1_7' title="bbox 66 487 1444 541; baseline 0.002 -16"><span class='ocrx_word' id='word_1_38' title='bbox 66 487 343 540; x_wconf 84' lang='lat' dir='ltr'><strong>5audaciam,</strong></span> <span class='ocrx_word' id='word_1_39' title='bbox 389 488 553 528; x_wconf 89' lang='lat' dir='ltr'><strong>nullum</strong></span> <span class='ocrx_word' id='word_1_40' title='bbox 594 487 795 528; x_wconf 79' lang='lat' dir='ltr'><strong>extremis</strong></span> <span class='ocrx_word' id='word_1_41' title='bbox 837 489 897 528; x_wconf 89' lang='lat' dir='ltr'><strong>rei</strong></span> <span class='ocrx_word' id='word_1_42' title='bbox 938 488 1134 541; x_wconf 88' lang='lat' dir='ltr'><strong>publicae</strong></span> <span class='ocrx_word' id='word_1_43' title='bbox 1176 488 1444 541; x_wconf 72' lang='lat' dir='ltr'><strong>temporibus</strong></span> 
     </span>
     <span class='ocr_line' id='line_1_8' title="bbox 102 545 1443 601; baseline -0.001 -14"><span class='ocrx_word' id='word_1_44' title='bbox 102 546 346 601; x_wconf 79' lang='lat' dir='ltr'><strong>perfugium</strong></span> <span class='ocrx_word' id='word_1_45' title='bbox 380 548 422 586; x_wconf 92' lang='lat' dir='ltr'><strong>et</strong></span> <span class='ocrx_word' id='word_1_46' title='bbox 453 546 713 600; x_wconf 81' lang='lat' dir='ltr'><strong>praesidium</strong></span> <span class='ocrx_word' id='word_1_47' title='bbox 747 546 911 587; x_wconf 85' lang='lat' dir='ltr'><strong>salutis.</strong></span> <span class='ocrx_word' id='word_1_48' title='bbox 975 545 1090 594; x_wconf 82' lang='lat' dir='ltr'><strong>Quae</strong></span> <span class='ocrx_word' id='word_1_49' title='bbox 1123 561 1218 588; x_wconf 91' lang='lat' dir='ltr'><strong>cum</strong></span> <span class='ocrx_word' id='word_1_50' title='bbox 1252 547 1312 587; x_wconf 90' lang='lat' dir='ltr'><strong>ita</strong></span> <span class='ocrx_word' id='word_1_51' title='bbox 1345 547 1443 599; x_wconf 88' lang='lat' dir='ltr'><strong>sint,</strong></span> 
     </span>
     <span class='ocr_line' id='line_1_9' title="bbox 102 604 1444 660; baseline 0 -15"><span class='ocrx_word' id='word_1_52' title='bbox 102 605 300 659; x_wconf 88' lang='lat' dir='ltr'><strong>primum,</strong></span> <span class='ocrx_word' id='word_1_53' title='bbox 334 604 446 658; x_wconf 88' lang='lat' dir='ltr'><strong>quod</strong></span> <span class='ocrx_word' id='word_1_54' title='bbox 478 605 521 645; x_wconf 90' lang='lat' dir='ltr'><strong>in</strong></span> <span class='ocrx_word' id='word_1_55' title='bbox 546 607 669 646; x_wconf 86' lang='lat' dir='ltr'><strong>tanta</strong></span> <span class='ocrx_word' id='word_1_56' title='bbox 696 605 970 646; x_wconf 68' lang='lat' dir='ltr'><strong>dimicatione</strong></span> <span class='ocrx_word' id='word_1_57' title='bbox 998 605 1164 660; x_wconf 88' lang='lat' dir='ltr'><strong>capitis,</strong></span> <span class='ocrx_word' id='word_1_58' title='bbox 1195 605 1336 646; x_wconf 85' lang='lat' dir='ltr'><strong>famae</strong></span> <span class='ocrx_word' id='word_1_59' title='bbox 1361 605 1444 646; x_wconf 80' lang='lat' dir='ltr'><strong>for-</strong></span> 
     </span>
     <span class='ocr_line' id='line_1_10' title="bbox 102 663 1445 718; baseline 0 -14"><span class='ocrx_word' id='word_1_60' title='bbox 102 667 386 717; x_wconf 81' lang='lat' dir='ltr'><strong>tunarumque</strong></span> <span class='ocrx_word' id='word_1_61' title='bbox 419 663 609 705; x_wconf 90' lang='lat' dir='ltr'><strong>omnium</strong></span> <span class='ocrx_word' id='word_1_62' title='bbox 641 664 733 704; x_wconf 90' lang='lat' dir='ltr'><strong>fieri</strong></span> <span class='ocrx_word' id='word_1_63' title='bbox 759 678 929 704; x_wconf 86' lang='lat' dir='ltr'><strong>necesse</strong></span> <span class='ocrx_word' id='word_1_64' title='bbox 963 667 1040 717; x_wconf 87' lang='lat' dir='ltr'><strong>est,</strong></span> <span class='ocrx_word' id='word_1_65' title='bbox 1073 664 1126 704; x_wconf 89' lang='lat' dir='ltr'><strong>ab</strong></span> <span class='ocrx_word' id='word_1_66' title='bbox 1152 663 1253 705; x_wconf 88' lang='lat' dir='ltr'><strong>Iove</strong></span> <span class='ocrx_word' id='word_1_67' title='bbox 1282 664 1445 718; x_wconf 88' lang='lat' dir='ltr'><strong>optimo</strong></span> 
     </span>
     <span class='ocr_line' id='line_1_11' title="bbox 102 722 1447 776; baseline 0 -13"><span class='ocrx_word' id='word_1_68' title='bbox 102 723 288 764; x_wconf 82' lang='lat' dir='ltr'><strong>maximo</strong></span> <span class='ocrx_word' id='word_1_69' title='bbox 328 723 564 776; x_wconf 88' lang='lat' dir='ltr'><strong>ceterisque</strong></span> <span class='ocrx_word' id='word_1_70' title='bbox 598 722 661 763; x_wconf 90' lang='lat' dir='ltr'><strong>dis</strong></span> <span class='ocrx_word' id='word_1_71' title='bbox 694 722 938 776; x_wconf 81' lang='lat' dir='ltr'><strong>deabusque</strong></span> <span class='ocrx_word' id='word_1_72' title='bbox 971 723 1308 776; x_wconf 81' lang='lat' dir='ltr'><strong>immortalibus,</strong></span> <span class='ocrx_word' id='word_1_73' title='bbox 1346 737 1447 776; x_wconf 88' lang='lat' dir='ltr'><strong>quo·</strong></span> 
     </span>
     <span class='ocr_line' id='line_1_12' title="bbox 50 781 1447 836; baseline 0.001 -15"><span class='ocrx_word' id='word_1_74' title='bbox 50 793 83 817; x_wconf 85' lang='grc'><strong>10</strong></span> <span class='ocrx_word' id='word_1_75' title='bbox 103 796 196 822; x_wconf 84' lang='lat' dir='ltr'><strong>rum</strong></span> <span class='ocrx_word' id='word_1_76' title='bbox 240 795 319 835; x_wconf 89' lang='lat' dir='ltr'><strong>ope</strong></span> <span class='ocrx_word' id='word_1_77' title='bbox 363 783 406 822; x_wconf 89' lang='lat' dir='ltr'><strong>et</strong></span> <span class='ocrx_word' id='word_1_78' title='bbox 449 781 605 822; x_wconf 86' lang='lat' dir='ltr'><strong>auxilio</strong></span> <span class='ocrx_word' id='word_1_79' title='bbox 650 781 787 822; x_wconf 86' lang='lat' dir='ltr'><strong>multo</strong></span> <span class='ocrx_word' id='word_1_80' title='bbox 835 781 974 836; x_wconf 88' lang='lat' dir='ltr'><strong>magis</strong></span> <span class='ocrx_word' id='word_1_81' title='bbox 1021 782 1126 822; x_wconf 86' lang='lat' dir='ltr'><strong>haec</strong></span> <span class='ocrx_word' id='word_1_82' title='bbox 1166 796 1233 822; x_wconf 89' lang='lat' dir='ltr'><strong>res</strong></span> <span class='ocrx_word' id='word_1_83' title='bbox 1273 781 1447 836; x_wconf 85' lang='lat' dir='ltr'><strong>publica</strong></span> 
     </span>
     <span class='ocr_line' id='line_1_13' title="bbox 105 840 1446 895; baseline 0 -15"><span class='ocrx_word' id='word_1_84' title='bbox 105 855 234 894; x_wconf 88' lang='lat' dir='ltr'><strong>quam</strong></span> <span class='ocrx_word' id='word_1_85' title='bbox 267 840 432 881; x_wconf 86' lang='lat' dir='ltr'><strong>ratione</strong></span> <span class='ocrx_word' id='word_1_86' title='bbox 464 840 687 881; x_wconf 90' lang='lat' dir='ltr'><strong>hominum</strong></span> <span class='ocrx_word' id='word_1_87' title='bbox 715 844 756 881; x_wconf 87' lang='lat' dir='ltr'><strong>et</strong></span> <span class='ocrx_word' id='word_1_88' title='bbox 783 840 962 881; x_wconf 92' lang='lat' dir='ltr'><strong>consilio</strong></span> <span class='ocrx_word' id='word_1_89' title='bbox 991 841 1266 895; x_wconf 83' lang='lat' dir='ltr'><strong>gubernatur,</strong></span> <span class='ocrx_word' id='word_1_90' title='bbox 1298 854 1446 894; x_wconf 85' lang='lat' dir='ltr'><strong>pacem</strong></span> 
     </span>
     <span class='ocr_line' id='line_1_14' title="bbox 105 898 1446 953; baseline -0.001 -13"><span class='ocrx_word' id='word_1_91' title='bbox 105 914 153 940; x_wconf 85' lang='grc'><strong>66</strong></span> <span class='ocrx_word' id='word_1_92' title='bbox 184 898 352 939; x_wconf 86' lang='lat' dir='ltr'><strong>veniam</strong></span> <span class='ocrx_word' id='word_1_93' title='bbox 384 901 483 953; x_wconf 86' lang='lat' dir='ltr'><strong>peto</strong></span> <span class='ocrx_word' id='word_1_94' title='bbox 516 913 750 953; x_wconf 83' lang='lat' dir='ltr'><strong>precorque</strong></span> <span class='ocrx_word' id='word_1_95' title='bbox 784 900 836 940; x_wconf 88' lang='lat' dir='ltr'><strong>ab</strong></span> <span class='ocrx_word' id='word_1_96' title='bbox 869 899 934 952; x_wconf 88' lang='lat' dir='ltr'><strong>iis,</strong></span> <span class='ocrx_word' id='word_1_97' title='bbox 966 902 1014 939; x_wconf 92' lang='lat' dir='ltr'><strong>ut</strong></span> <span class='ocrx_word' id='word_1_98' title='bbox 1046 899 1300 940; x_wconf 85' lang='lat' dir='ltr'><strong>hodiernum</strong></span> <span class='ocrx_word' id='word_1_99' title='bbox 1335 899 1446 939; x_wconf 88' lang='lat' dir='ltr'><strong>diem</strong></span> 
     </span>
     <span class='ocr_line' id='line_1_15' title="bbox 104 957 1446 1012; baseline 0 -14"><span class='ocrx_word' id='word_1_100' title='bbox 104 960 147 998; x_wconf 90' lang='lat' dir='ltr'><strong>et</strong></span> <span class='ocrx_word' id='word_1_101' title='bbox 174 957 228 998; x_wconf 88' lang='lat' dir='ltr'><strong>ad</strong></span> <span class='ocrx_word' id='word_1_102' title='bbox 252 957 378 998; x_wconf 87' lang='lat' dir='ltr'><strong>huius</strong></span> <span class='ocrx_word' id='word_1_103' title='bbox 405 958 588 998; x_wconf 87' lang='lat' dir='ltr'><strong>salutem</strong></span> <span class='ocrx_word' id='word_1_104' title='bbox 615 958 950 999; x_wconf 84' lang='lat' dir='ltr'><strong>conservandam</strong></span> <span class='ocrx_word' id='word_1_105' title='bbox 977 960 1020 998; x_wconf 93' lang='lat' dir='ltr'><strong>et</strong></span> <span class='ocrx_word' id='word_1_106' title='bbox 1044 958 1097 998; x_wconf 86' lang='lat' dir='ltr'><strong>ad</strong></span> <span class='ocrx_word' id='word_1_107' title='bbox 1118 972 1207 998; x_wconf 87' lang='lat' dir='ltr'><strong>rem</strong></span> <span class='ocrx_word' id='word_1_108' title='bbox 1228 958 1446 1012; x_wconf 83' lang='lat' dir='ltr'><strong>publicam</strong></span> 
     </span>
     <span class='ocr_line' id='line_1_16' title="bbox 105 1015 1447 1071; baseline -0.001 -14"><span class='ocrx_word' id='word_1_109' title='bbox 105 1016 448 1057; x_wconf 87' lang='lat' dir='ltr'><strong>constituendam</strong></span> <span class='ocrx_word' id='word_1_110' title='bbox 486 1016 678 1058; x_wconf 85' lang='lat' dir='ltr'><strong>illuxisse</strong></span> <span class='ocrx_word' id='word_1_111' title='bbox 716 1017 949 1071; x_wconf 82' lang='grc'><strong>116116111111.</strong></span> <span class='ocrx_word' id='word_1_112' title='bbox 1012 1015 1175 1057; x_wconf 88' lang='lat' dir='ltr'><strong>Deinde</strong></span> <span class='ocrx_word' id='word_1_113' title='bbox 1213 1031 1307 1069; x_wconf 82' lang='lat' dir='ltr'><strong>vos,</strong></span> <span class='ocrx_word' id='word_1_114' title='bbox 1349 1015 1447 1064; x_wconf 80' lang='lat' dir='ltr'><strong>Qui-</strong></span> 
     </span>
     <span class='ocr_line' id='line_1_17' title="bbox 52 1075 1448 1132; baseline 0 -17"><span class='ocrx_word' id='word_1_115' title='bbox 52 1086 84 1110; x_wconf 78' lang='lat'><strong>15</strong></span> <span class='ocrx_word' id='word_1_116' title='bbox 105 1075 221 1128; x_wconf 86' lang='grc'><strong>11163,</strong></span> <span class='ocrx_word' id='word_1_117' title='bbox 242 1089 420 1128; x_wconf 88' lang='lat' dir='ltr'><strong>quorum</strong></span> <span class='ocrx_word' id='word_1_118' title='bbox 442 1077 637 1129; x_wconf 87' lang='lat' dir='ltr'><strong>potestas</strong></span> <span class='ocrx_word' id='word_1_119' title='bbox 657 1076 850 1132; x_wconf 79' lang='lat' dir='ltr'><strong>proxime</strong></span> <span class='ocrx_word' id='word_1_120' title='bbox 872 1075 924 1116; x_wconf 86' lang='lat' dir='ltr'><strong>ad</strong></span> <span class='ocrx_word' id='word_1_121' title='bbox 945 1075 1120 1117; x_wconf 89' lang='lat' dir='ltr'><strong>deorum</strong></span> <span class='ocrx_word' id='word_1_122' title='bbox 1136 1075 1448 1116; x_wconf 85' lang='lat' dir='ltr'><strong>immortalium</strong></span> 
     </span>
     <span class='ocr_line' id='line_1_18' title="bbox 104 1133 1448 1188; baseline 0 -14"><span class='ocrx_word' id='word_1_123' title='bbox 104 1148 262 1174; x_wconf 89' lang='lat' dir='ltr'><strong>numen</strong></span> <span class='ocrx_word' id='word_1_124' title='bbox 293 1133 468 1187; x_wconf 84' lang='lat' dir='ltr'><strong>accedit,</strong></span> <span class='ocrx_word' id='word_1_125' title='bbox 501 1148 575 1175; x_wconf 85' lang='lat' dir='ltr'><strong>oro</strong></span> <span class='ocrx_word' id='word_1_126' title='bbox 609 1137 736 1188; x_wconf 85' lang='lat' dir='ltr'><strong>atque</strong></span> <span class='ocrx_word' id='word_1_127' title='bbox 769 1134 958 1187; x_wconf 87' lang='lat' dir='ltr'><strong>obsecr,o</strong></span> <span class='ocrx_word' id='word_1_128' title='bbox 991 1134 1194 1187; x_wconf 87' lang='lat' dir='ltr'><strong>quoniam</strong></span> <span class='ocrx_word' id='word_1_129' title='bbox 1226 1149 1310 1176; x_wconf 89' lang='lat' dir='ltr'><strong>uno</strong></span> <span class='ocrx_word' id='word_1_130' title='bbox 1342 1136 1448 1174; x_wconf 88' lang='lat' dir='ltr'><strong>tem-</strong></span> 
     </span>
     <span class='ocr_line' id='line_1_19' title="bbox 104 1191 1450 1247; baseline 0 -15"><span class='ocrx_word' id='word_1_131' title='bbox 104 1207 208 1246; x_wconf 89' lang='lat' dir='ltr'><strong>pore</strong></span> <span class='ocrx_word' id='word_1_132' title='bbox 245 1192 337 1233; x_wconf 73' lang='grc'><strong>17116</strong></span> <span class='ocrx_word' id='word_1_133' title='bbox 375 1191 418 1234; x_wconf 82' lang='lat' dir='ltr'><strong>C.</strong></span> <span class='ocrx_word' id='word_1_134' title='bbox 457 1192 625 1246; x_wconf 81' lang='lat' dir='ltr'><strong>Rabiri,</strong></span> <span class='ocrx_word' id='word_1_135' title='bbox 666 1193 852 1234; x_wconf 89' lang='lat' dir='ltr'><strong>hominis</strong></span> <span class='ocrx_word' id='word_1_136' title='bbox 891 1193 1121 1233; x_wconf 87' lang='lat' dir='ltr'><strong>miserrimi</strong></span> <span class='ocrx_word' id='word_1_137' title='bbox 1160 1195 1288 1247; x_wconf 87' lang='lat' dir='ltr'><strong>atque</strong></span> <span class='ocrx_word' id='word_1_138' title='bbox 1327 1193 1450 1233; x_wconf 85' lang='lat' dir='ltr'><strong>inno-</strong></span> 
     </span>
     <span class='ocr_line' id='line_1_20' title="bbox 106 1251 1449 1306; baseline 0 -15"><span class='ocrx_word' id='word_1_139' title='bbox 106 1251 358 1304; x_wconf 90' lang='lat' dir='ltr'><strong>centissimi,</strong></span> <span class='ocrx_word' id='word_1_140' title='bbox 400 1251 515 1292; x_wconf 88' lang='lat' dir='ltr'><strong>salus</strong></span> <span class='ocrx_word' id='word_1_141' title='bbox 553 1252 614 1292; x_wconf 90' lang='lat' dir='ltr'><strong>rei</strong></span> <span class='ocrx_word' id='word_1_142' title='bbox 651 1252 848 1306; x_wconf 89' lang='lat' dir='ltr'><strong>publicae</strong></span> <span class='ocrx_word' id='word_1_143' title='bbox 880 1252 1035 1293; x_wconf 85' lang='lat' dir='ltr'><strong>vestris</strong></span> <span class='ocrx_word' id='word_1_144' title='bbox 1068 1252 1266 1292; x_wconf 85' lang='lat' dir='ltr'><strong>manibus</strong></span> <span class='ocrx_word' id='word_1_145' title='bbox 1301 1251 1449 1293; x_wconf 84' lang='lat' dir='ltr'><strong>suffra-</strong></span> 
     </span>
     <span class='ocr_line' id='line_1_21' title="bbox 107 1309 1448 1365; baseline 0 -15"><span class='ocrx_word' id='word_1_146' title='bbox 107 1309 272 1365; x_wconf 89' lang='lat' dir='ltr'><strong>giisque</strong></span> <span class='ocrx_word' id='word_1_147' title='bbox 323 1309 606 1363; x_wconf 84' lang='lat' dir='ltr'><strong>permittitur,</strong></span> <span class='ocrx_word' id='word_1_148' title='bbox 658 1310 899 1351; x_wconf 89' lang='lat' dir='ltr'><strong>adhibeatis</strong></span> <span class='ocrx_word' id='word_1_149' title='bbox 944 1311 988 1351; x_wconf 91' lang='lat' dir='ltr'><strong>in</strong></span> <span class='ocrx_word' id='word_1_150' title='bbox 1032 1309 1218 1351; x_wconf 89' lang='lat' dir='ltr'><strong>hominis</strong></span> <span class='ocrx_word' id='word_1_151' title='bbox 1262 1310 1448 1352; x_wconf 85' lang='lat' dir='ltr'><strong>fortunis</strong></span> 
     </span>
     <span class='ocr_line' id='line_1_22' title="bbox 52 1368 1449 1423; baseline 0.001 -15"><span class='ocrx_word' id='word_1_152' title='bbox 52 1379 87 1404; x_wconf 82' lang='lat'><strong>20</strong></span> <span class='ocrx_word' id='word_1_153' title='bbox 106 1368 450 1422; x_wconf 86' lang='lat' dir='ltr'><strong>misericordiam,</strong></span> <span class='ocrx_word' id='word_1_154' title='bbox 476 1369 521 1409; x_wconf 87' lang='lat' dir='ltr'><strong>in</strong></span> <span class='ocrx_word' id='word_1_155' title='bbox 546 1369 608 1410; x_wconf 91' lang='lat' dir='ltr'><strong>rei</strong></span> <span class='ocrx_word' id='word_1_156' title='bbox 634 1369 831 1423; x_wconf 87' lang='lat' dir='ltr'><strong>publicae</strong></span> <span class='ocrx_word' id='word_1_157' title='bbox 859 1369 997 1410; x_wconf 89' lang='lat' dir='ltr'><strong>salute</strong></span> <span class='ocrx_word' id='word_1_158' title='bbox 1024 1368 1294 1423; x_wconf 87' lang='lat' dir='ltr'><strong>sapientiam,</strong></span> <span class='ocrx_word' id='word_1_159' title='bbox 1321 1383 1449 1422; x_wconf 89' lang='lat' dir='ltr'><strong>quam</strong></span> 
     </span>
     <span class='ocr_line' id='line_1_23' title="bbox 107 1427 269 1469; baseline 0.012 -2"><span class='ocrx_word' id='word_1_160' title='bbox 107 1427 269 1469; x_wconf 86' lang='grc'><strong>3016113.</strong></span> 
     </span>
    </p>

    <p class='ocr_par' dir='ltr' id='par_1_4' title="bbox 107 1485 1494 1655">
     <span class='ocr_line' id='line_1_24' title="bbox 194 1485 1494 1540; baseline -0.001 -14"><span class='ocrx_word' id='word_1_161' title='bbox 194 1485 319 1526; x_wconf 89' lang='lat' dir='ltr'><strong>Nunc</strong></span> <span class='ocrx_word' id='word_1_162' title='bbox 351 1486 572 1539; x_wconf 88' lang='lat' dir='ltr'><strong>quoniam,</strong></span> <span class='ocrx_word' id='word_1_163' title='bbox 603 1485 648 1526; x_wconf 89' lang='lat' dir='ltr'><strong>T.</strong></span> <span class='ocrx_word' id='word_1_164' title='bbox 681 1485 879 1538; x_wconf 81' lang='lat' dir='ltr'><strong>Labiene,</strong></span> <span class='ocrx_word' id='word_1_165' title='bbox 913 1485 1162 1540; x_wconf 78' lang='lat' dir='ltr'><strong>diligentiae</strong></span> <span class='ocrx_word' id='word_1_166' title='bbox 1194 1499 1314 1525; x_wconf 89' lang='lat' dir='ltr'><strong>meae</strong></span> <span class='ocrx_word' id='word_1_167' title='bbox 1345 1487 1449 1525; x_wconf 87' lang='lat' dir='ltr'><strong>tem·</strong></span> <span class='ocrx_word' id='word_1_168' title='bbox 1486 1498 1494 1505; x_wconf 87' lang='lat'><em>·</em></span> 
     </span>
     <span class='ocr_line' id='line_1_25' title="bbox 107 1543 1449 1598; baseline -0.001 -14"><span class='ocrx_word' id='word_1_169' title='bbox 107 1543 223 1597; x_wconf 87' lang='lat' dir='ltr'><strong>poris</strong></span> <span class='ocrx_word' id='word_1_170' title='bbox 257 1544 467 1597; x_wconf 83' lang='lat' dir='ltr'><strong>angustiis</strong></span> <span class='ocrx_word' id='word_1_171' title='bbox 501 1544 712 1585; x_wconf 84' lang='lat' dir='ltr'><strong>obstitisti</strong></span> <span class='ocrx_word' id='word_1_172' title='bbox 745 1558 894 1598; x_wconf 90' lang='lat' dir='ltr'><strong>meque</strong></span> <span class='ocrx_word' id='word_1_173' title='bbox 927 1559 977 1584; x_wconf 76' lang='lat' dir='ltr'><strong>ex</strong></span> <span class='ocrx_word' id='word_1_174' title='bbox 1009 1546 1259 1597; x_wconf 87' lang='lat' dir='ltr'><strong>comparato</strong></span> <span class='ocrx_word' id='word_1_175' title='bbox 1287 1545 1330 1583; x_wconf 89' lang='lat' dir='ltr'><strong>et</strong></span> <span class='ocrx_word' id='word_1_176' title='bbox 1355 1558 1449 1584; x_wconf 90' lang='lat' dir='ltr'><strong>con·</strong></span> 
     </span>
     <span class='ocr_line' id='line_1_26' title="bbox 109 1602 1449 1655; baseline 0.001 -14"><span class='ocrx_word' id='word_1_177' title='bbox 109 1602 260 1642; x_wconf 87' lang='lat' dir='ltr'><strong>stituto</strong></span> <span class='ocrx_word' id='word_1_178' title='bbox 289 1602 429 1655; x_wconf 87' lang='lat' dir='ltr'><strong>spatio</strong></span> <span class='ocrx_word' id='word_1_179' title='bbox 457 1602 751 1643; x_wconf 84' lang='lat' dir='ltr'><strong>defensionis</strong></span> <span class='ocrx_word' id='word_1_180' title='bbox 740 1617 784 1642; x_wconf 84' lang='grc'><strong>111</strong></span> <span class='ocrx_word' id='word_1_181' title='bbox 811 1602 1049 1643; x_wconf 85' lang='lat' dir='ltr'><strong>semihorae</strong></span> <span class='ocrx_word' id='word_1_182' title='bbox 1075 1602 1331 1643; x_wconf 89' lang='lat' dir='ltr'><strong>curriculum</strong></span> <span class='ocrx_word' id='word_1_183' title='bbox 1360 1605 1449 1643; x_wconf 78' lang='grc'><strong>606-</strong></span> 
     </span>
    </p>

    <p class='ocr_par' dir='ltr' id='par_1_5' title="bbox 55 1660 1451 1948">
     <span class='ocr_line' id='line_1_27' title="bbox 55 1660 1448 1726; baseline 0.001 -27"><span class='ocrx_word' id='word_1_184' title='bbox 55 1671 117 1697; x_wconf 81' lang='lat'><strong>25</strong></span> <span class='ocrx_word' id='word_1_185' title='bbox 109 1660 224 1714; x_wconf 80' lang='lat' dir='ltr'><strong>gisti,</strong></span> <span class='ocrx_word' id='word_1_186' title='bbox 257 1660 477 1713; x_wconf 87' lang='lat' dir='ltr'><strong>parebitur</strong></span> <span class='ocrx_word' id='word_1_187' title='bbox 509 1664 562 1713; x_wconf 88' lang='lat' dir='ltr'><strong>et,</strong></span> <span class='ocrx_word' id='word_1_188' title='bbox 595 1661 707 1714; x_wconf 90' lang='lat' dir='ltr'><strong>quod</strong></span> <span class='ocrx_word' id='word_1_189' title='bbox 719 1660 1051 1726; x_wconf 33' lang='lat' dir='ltr'><strong>’iniquissimum</strong></span> <span class='ocrx_word' id='word_1_190' title='bbox 1078 1663 1154 1713; x_wconf 79' lang='lat' dir='ltr'><strong>est,</strong></span> <span class='ocrx_word' id='word_1_191' title='bbox 1188 1660 1448 1701; x_wconf 87' lang='lat' dir='ltr'><strong>accusatoris</strong></span> 
     </span>
     <span class='ocr_line' id='line_1_28' title="bbox 109 1693 1449 1773; baseline -0.001 -12.999"><span class='ocrx_word' id='word_1_192' title='bbox 109 1694 346 1760; x_wconf 75' lang='lat' dir='ltr'><strong>condicioni</strong></span> <span class='ocrx_word' id='word_1_193' title='bbox 399 1721 459 1771; x_wconf 87' lang='lat' dir='ltr'><strong>et,</strong></span> <span class='ocrx_word' id='word_1_194' title='bbox 509 1693 621 1772; x_wconf 76' lang='lat' dir='ltr'><strong>qliod</strong></span> <span class='ocrx_word' id='word_1_195' title='bbox 670 1719 975 1773; x_wconf 74' lang='lat' dir='ltr'><strong>miserrimum,</strong></span> <span class='ocrx_word' id='word_1_196' title='bbox 1025 1718 1186 1759; x_wconf 89' lang='lat' dir='ltr'><strong>inimici</strong></span> <span class='ocrx_word' id='word_1_197' title='bbox 1229 1719 1449 1773; x_wconf 80' lang='lat' dir='ltr'><strong>potestati,</strong></span> 
     </span>
     <span class='ocr_line' id='line_1_29' title="bbox 110 1776 1450 1832; baseline 0 -14"><span class='ocrx_word' id='word_1_198' title='bbox 110 1776 378 1831; x_wconf 86' lang='lat' dir='ltr'><strong>Quamquam</strong></span> <span class='ocrx_word' id='word_1_199' title='bbox 418 1778 463 1818; x_wconf 88' lang='lat' dir='ltr'><strong>in</strong></span> <span class='ocrx_word' id='word_1_200' title='bbox 504 1777 584 1819; x_wconf 90' lang='lat' dir='ltr'><strong>hac</strong></span> <span class='ocrx_word' id='word_1_201' title='bbox 625 1777 960 1832; x_wconf 80' lang='lat' dir='ltr'><strong>praescriptione</strong></span> <span class='ocrx_word' id='word_1_202' title='bbox 1000 1777 1239 1818; x_wconf 87' lang='lat' dir='ltr'><strong>semihorae</strong></span> <span class='ocrx_word' id='word_1_203' title='bbox 1278 1778 1450 1831; x_wconf 88' lang='lat' dir='ltr'><strong>patroni</strong></span> 
     </span>
     <span class='ocr_line' id='line_1_30' title="bbox 110 1835 1451 1890; baseline 0.001 -14"><span class='ocrx_word' id='word_1_204' title='bbox 110 1836 215 1876; x_wconf 89' lang='lat' dir='ltr'><strong>mihi</strong></span> <span class='ocrx_word' id='word_1_205' title='bbox 264 1836 400 1889; x_wconf 86' lang='lat' dir='ltr'><strong>partis</strong></span> <span class='ocrx_word' id='word_1_206' title='bbox 444 1836 676 1889; x_wconf 88' lang='lat' dir='ltr'><strong>reliquisti,</strong></span> <span class='ocrx_word' id='word_1_207' title='bbox 727 1835 910 1877; x_wconf 85' lang='lat' dir='ltr'><strong>consulis</strong></span> <span class='ocrx_word' id='word_1_208' title='bbox 956 1836 1173 1888; x_wconf 86' lang='lat' dir='ltr'><strong>ademisti,</strong></span> <span class='ocrx_word' id='word_1_209' title='bbox 1224 1839 1451 1890; x_wconf 87' lang='lat' dir='ltr'><strong>propterea</strong></span> 
     </span>
     <span class='ocr_line' id='line_1_31' title="bbox 112 1894 1451 1948; baseline 0 -13"><span class='ocrx_word' id='word_1_210' title='bbox 112 1894 222 1948; x_wconf 85' lang='lat' dir='ltr'><strong>quod</strong></span> <span class='ocrx_word' id='word_1_211' title='bbox 269 1895 322 1935; x_wconf 87' lang='lat' dir='ltr'><strong>ad</strong></span> <span class='ocrx_word' id='word_1_212' title='bbox 366 1894 675 1936; x_wconf 83' lang='lat' dir='ltr'><strong>defendendum</strong></span> <span class='ocrx_word' id='word_1_213' title='bbox 718 1909 851 1948; x_wconf 88' lang='lat' dir='ltr'><strong>prope</strong></span> <span class='ocrx_word' id='word_1_214' title='bbox 897 1895 1070 1935; x_wconf 87' lang='lat' dir='ltr'><strong>modum</strong></span> <span class='ocrx_word' id='word_1_215' title='bbox 1108 1894 1213 1936; x_wconf 87' lang='lat' dir='ltr'><strong>satis</strong></span> <span class='ocrx_word' id='word_1_216' title='bbox 1253 1896 1333 1935; x_wconf 90' lang='lat' dir='ltr'><strong>erit</strong></span> <span class='ocrx_word' id='word_1_217' title='bbox 1370 1895 1451 1936; x_wconf 91' lang='lat' dir='ltr'><strong>hoc</strong></span> 
     </span>
    </p>

    <p class='ocr_par' dir='ltr' id='par_1_6' title="bbox 60 1952 1452 2229">
     <span class='ocr_line' id='line_1_32' title="bbox 60 1952 1450 2007; baseline 0.001 -15"><span class='ocrx_word' id='word_1_218' title='bbox 60 1963 94 1988; x_wconf 84' lang='lat'><strong>30</strong></span> <span class='ocrx_word' id='word_1_219' title='bbox 114 1953 219 1993; x_wconf 91' lang='lat' dir='ltr'><strong>mihi</strong></span> <span class='ocrx_word' id='word_1_220' title='bbox 256 1954 481 2007; x_wconf 87' lang='lat' dir='ltr'><strong>temporis,</strong></span> <span class='ocrx_word' id='word_1_221' title='bbox 520 1953 573 1994; x_wconf 89' lang='lat' dir='ltr'><strong>ad</strong></span> <span class='ocrx_word' id='word_1_222' title='bbox 612 1953 954 2007; x_wconf 84' lang='lat' dir='ltr'><strong>conquerendum</strong></span> <span class='ocrx_word' id='word_1_223' title='bbox 985 1968 1149 2007; x_wconf 88' lang='lat' dir='ltr'><strong>parum.</strong></span> <span class='ocrx_word' id='word_1_224' title='bbox 1211 1952 1307 1994; x_wconf 82' lang='lat' dir='ltr'><strong>Nisi</strong></span> <span class='ocrx_word' id='word_1_225' title='bbox 1337 1953 1450 1994; x_wconf 83' lang='lat' dir='ltr'><strong>forte</strong></span> 
     </span>
     <span class='ocr_line' id='line_1_33' title="bbox 112 2011 1450 2066; baseline 0 -14"><span class='ocrx_word' id='word_1_226' title='bbox 112 2011 161 2051; x_wconf 86' lang='lat' dir='ltr'><strong>de</strong></span> <span class='ocrx_word' id='word_1_227' title='bbox 199 2011 303 2052; x_wconf 82' lang='grc'><strong>10613</strong></span> <span class='ocrx_word' id='word_1_228' title='bbox 341 2012 553 2066; x_wconf 86' lang='lat' dir='ltr'><strong>religiosis</strong></span> <span class='ocrx_word' id='word_1_229' title='bbox 594 2026 642 2052; x_wconf 90' lang='lat' dir='ltr'><strong>ac</strong></span> <span class='ocrx_word' id='word_1_230' title='bbox 681 2011 729 2052; x_wconf 87' lang='lat' dir='ltr'><strong>de</strong></span> <span class='ocrx_word' id='word_1_231' title='bbox 763 2011 886 2064; x_wconf 87' lang='grc'><strong>111613,</strong></span> <span class='ocrx_word' id='word_1_232' title='bbox 925 2027 1031 2066; x_wconf 91' lang='lat' dir='ltr'><strong>quos</strong></span> <span class='ocrx_word' id='word_1_233' title='bbox 1064 2013 1117 2053; x_wconf 90' lang='lat' dir='ltr'><strong>ab</strong></span> <span class='ocrx_word' id='word_1_234' title='bbox 1150 2012 1232 2053; x_wconf 90' lang='lat' dir='ltr'><strong>hoc</strong></span> <span class='ocrx_word' id='word_1_235' title='bbox 1264 2012 1450 2052; x_wconf 86' lang='lat' dir='ltr'><strong>violatos</strong></span> 
     </span>
     <span class='ocr_line' id='line_1_34' title="bbox 114 2069 1451 2125; baseline 0.001 -16"><span class='ocrx_word' id='word_1_236' title='bbox 114 2083 204 2110; x_wconf 89' lang='lat' dir='ltr'><strong>esse</strong></span> <span class='ocrx_word' id='word_1_237' title='bbox 237 2069 393 2123; x_wconf 85' lang='lat' dir='ltr'><strong>dixisti,</strong></span> <span class='ocrx_word' id='word_1_238' title='bbox 425 2071 620 2124; x_wconf 86' lang='lat' dir='ltr'><strong>pluribus</strong></span> <span class='ocrx_word' id='word_1_239' title='bbox 653 2070 794 2111; x_wconf 82' lang='lat' dir='ltr'><strong>verbis</strong></span> <span class='ocrx_word' id='word_1_240' title='bbox 827 2070 907 2110; x_wconf 90' lang='lat' dir='ltr'><strong>tibi</strong></span> <span class='ocrx_word' id='word_1_241' title='bbox 938 2070 1279 2125; x_wconf 85' lang='lat' dir='ltr'><strong>respondendum</strong></span> <span class='ocrx_word' id='word_1_242' title='bbox 1306 2073 1451 2123; x_wconf 66' lang='lat' dir='ltr'><strong>putas,</strong></span> 
     </span>
     <span class='ocr_line' id='line_1_35' title="bbox 114 2127 1451 2182; baseline 0 -14"><span class='ocrx_word' id='word_1_243' title='bbox 114 2142 196 2181; x_wconf 90' lang='lat' dir='ltr'><strong>quo</strong></span> <span class='ocrx_word' id='word_1_244' title='bbox 228 2127 271 2168; x_wconf 89' lang='lat' dir='ltr'><strong>in</strong></span> <span class='ocrx_word' id='word_1_245' title='bbox 304 2128 480 2169; x_wconf 89' lang='lat' dir='ltr'><strong>crimine</strong></span> <span class='ocrx_word' id='word_1_246' title='bbox 511 2129 618 2169; x_wconf 87' lang='lat' dir='ltr'><strong>nihil</strong></span> <span class='ocrx_word' id='word_1_247' title='bbox 652 2131 716 2169; x_wconf 87' lang='lat' dir='ltr'><strong>est</strong></span> <span class='ocrx_word' id='word_1_248' title='bbox 742 2143 945 2182; x_wconf 88' lang='lat' dir='ltr'><strong>umquam</strong></span> <span class='ocrx_word' id='word_1_249' title='bbox 978 2130 1053 2170; x_wconf 89' lang='lat' dir='ltr'><strong>abs</strong></span> <span class='ocrx_word' id='word_1_250' title='bbox 1086 2131 1128 2170; x_wconf 89' lang='lat' dir='ltr'><strong>te</strong></span> <span class='ocrx_word' id='word_1_251' title='bbox 1162 2129 1333 2182; x_wconf 86' lang='lat' dir='ltr'><strong>dictum,</strong></span> <span class='ocrx_word' id='word_1_252' title='bbox 1368 2128 1451 2168; x_wconf 89' lang='lat' dir='ltr'><strong>nisi</strong></span> 
     </span>
     <span class='ocr_line' id='line_1_36' title="bbox 115 2184 1452 2229; baseline 0.001 -4"><span class='ocrx_word' id='word_1_253' title='bbox 115 2200 139 2225; x_wconf 89' lang='lat' dir='ltr'><strong>a</strong></span> <span class='ocrx_word' id='word_1_254' title='bbox 172 2184 215 2226; x_wconf 84' lang='lat' dir='ltr'><strong>G.</strong></span> <span class='ocrx_word' id='word_1_255' title='bbox 246 2185 391 2227; x_wconf 86' lang='lat' dir='ltr'><strong>Macro</strong></span> <span class='ocrx_word' id='word_1_256' title='bbox 430 2187 644 2229; x_wconf 87' lang='lat' dir='ltr'><strong>obiectum</strong></span> <span class='ocrx_word' id='word_1_257' title='bbox 683 2201 774 2228; x_wconf 83' lang='lat' dir='ltr'><strong>esse</strong></span> <span class='ocrx_word' id='word_1_258' title='bbox 808 2187 967 2228; x_wconf 87' lang='lat' dir='ltr'><strong>crimen</strong></span> <span class='ocrx_word' id='word_1_259' title='bbox 998 2188 1041 2228; x_wconf 89' lang='lat' dir='ltr'><strong>id</strong></span> <span class='ocrx_word' id='word_1_260' title='bbox 1074 2186 1118 2228; x_wconf 81' lang='lat' dir='ltr'><strong>C.</strong></span> <span class='ocrx_word' id='word_1_261' title='bbox 1150 2187 1339 2228; x_wconf 85' lang='lat' dir='ltr'><strong>Rabirio.</strong></span> <span class='ocrx_word' id='word_1_262' title='bbox 1400 2185 1452 2227; x_wconf 89' lang='lat' dir='ltr'><strong>In</strong></span> 
     </span>
    </p>

    <p class='ocr_par' dir='ltr' id='par_1_7' title="bbox 61 2243 1503 2429">
     <span class='ocr_line' id='line_1_37' title="bbox 61 2243 1451 2299; baseline 0.001 -15"><span class='ocrx_word' id='word_1_263' title='bbox 61 2254 94 2279; x_wconf 81' lang='lat'><strong>35</strong></span> <span class='ocrx_word' id='word_1_264' title='bbox 116 2258 197 2297; x_wconf 91' lang='lat' dir='ltr'><strong>quo</strong></span> <span class='ocrx_word' id='word_1_265' title='bbox 231 2258 310 2298; x_wconf 89' lang='lat' dir='ltr'><strong>ego</strong></span> <span class='ocrx_word' id='word_1_266' title='bbox 344 2244 527 2286; x_wconf 89' lang='lat' dir='ltr'><strong>demiror</strong></span> <span class='ocrx_word' id='word_1_267' title='bbox 559 2245 801 2286; x_wconf 84' lang='lat' dir='ltr'><strong>meminisse</strong></span> <span class='ocrx_word' id='word_1_268' title='bbox 834 2248 892 2299; x_wconf 89' lang='grc'><strong>16,</strong></span> <span class='ocrx_word' id='word_1_269' title='bbox 925 2246 1025 2299; x_wconf 87' lang='lat' dir='ltr'><strong>quid</strong></span> <span class='ocrx_word' id='word_1_270' title='bbox 1058 2245 1261 2287; x_wconf 89' lang='lat' dir='ltr'><strong>obiecerit</strong></span> <span class='ocrx_word' id='word_1_271' title='bbox 1293 2243 1337 2285; x_wconf 80' lang='lat' dir='ltr'><strong>C.</strong></span> <span class='ocrx_word' id='word_1_272' title='bbox 1370 2244 1451 2285; x_wconf 79' lang='lat' dir='ltr'><strong>Ra·</strong></span> 
     </span>
     <span class='ocr_line' id='line_1_38' title="bbox 114 2301 1451 2358; baseline 0 -16"><span class='ocrx_word' id='word_1_273' title='bbox 114 2301 223 2343; x_wconf 87' lang='lat' dir='ltr'><strong>birio</strong></span> <span class='ocrx_word' id='word_1_274' title='bbox 257 2302 398 2343; x_wconf 86' lang='lat' dir='ltr'><strong>Macer</strong></span> <span class='ocrx_word' id='word_1_275' title='bbox 429 2303 645 2356; x_wconf 76' lang='lat' dir='ltr'><strong>inimicus,</strong></span> <span class='ocrx_word' id='word_1_276' title='bbox 677 2304 859 2345; x_wconf 84' lang='lat' dir='ltr'><strong>oblitum</strong></span> <span class='ocrx_word' id='word_1_277' title='bbox 892 2318 994 2358; x_wconf 86' lang='lat' dir='ltr'><strong>esse,</strong></span> <span class='ocrx_word' id='word_1_278' title='bbox 1028 2305 1128 2358; x_wconf 88' lang='lat' dir='ltr'><strong>quid</strong></span> <span class='ocrx_word' id='word_1_279' title='bbox 1163 2303 1286 2357; x_wconf 86' lang='lat' dir='ltr'><strong>aequi</strong></span> <span class='ocrx_word' id='word_1_280' title='bbox 1319 2305 1360 2343; x_wconf 86' lang='lat' dir='ltr'><strong>et</strong></span> <span class='ocrx_word' id='word_1_281' title='bbox 1391 2303 1451 2343; x_wconf 90' lang='lat' dir='ltr'><strong>iu-</strong></span> 
     </span>
     <span class='ocr_line' id='line_1_39' title="bbox 113 2346 1503 2429; baseline 0.001 -29"><span class='ocrx_word' id='word_1_282' title='bbox 113 2360 197 2401; x_wconf 89' lang='lat' dir='ltr'><strong>rati</strong></span> <span class='ocrx_word' id='word_1_283' title='bbox 235 2360 392 2401; x_wconf 86' lang='lat' dir='ltr'><strong>iudices</strong></span> <span class='ocrx_word' id='word_1_284' title='bbox 432 2361 671 2404; x_wconf 88' lang='lat' dir='ltr'><strong>iudicarint.</strong></span> <span class='ocrx_word' id='word_1_285' title='bbox 733 2362 802 2402; x_wconf 89' lang='lat' dir='ltr'><strong>An</strong></span> <span class='ocrx_word' id='word_1_286' title='bbox 834 2361 883 2403; x_wconf 85' lang='lat' dir='ltr'><strong>de</strong></span> <span class='ocrx_word' id='word_1_287' title='bbox 915 2363 1116 2418; x_wconf 84' lang='lat' dir='ltr'><strong>peculatu</strong></span> <span class='ocrx_word' id='word_1_288' title='bbox 1146 2362 1261 2403; x_wconf 84' lang='lat' dir='ltr'><strong>facto</strong></span> <span class='ocrx_word' id='word_1_289' title='bbox 1296 2365 1369 2402; x_wconf 87' lang='lat' dir='ltr'><strong>aut</strong></span> <span class='ocrx_word' id='word_1_290' title='bbox 1401 2361 1450 2401; x_wconf 87' lang='lat' dir='ltr'><strong>de</strong></span> <span class='ocrx_word' id='word_1_291' title='bbox 1477 2346 1503 2429; x_wconf 65' lang='grc' dir='ltr'><strong>Ξ)</strong></span> 
     </span>
    </p>
   </div>
  </div>
 </body>
</html>
