<?xml version="1.0" encoding="UTF-8"?>
<!DOCTYPE html PUBLIC "-//W3C//DTD XHTML 1.0 Transitional//EN"
    "http://www.w3.org/TR/xhtml1/DTD/xhtml1-transitional.dtd">
<html xmlns="http://www.w3.org/1999/xhtml" xml:lang="en" lang="en">
 <head>
  <title>
</title>
<meta http-equiv="Content-Type" content="text/html;charset=utf-8" />
  <meta name='ocr-system' content='tesseract 3.04.00' />
  <meta name='ocr-capabilities' content='ocr_page ocr_carea ocr_par ocr_line ocrx_word'/>
</head>
<body>
  <div class='ocr_page' id='page_1' title='image "./p2scriptaquaemanse02ciceuoft_0231.png"; bbox 0 0 1619 2542; ppageno 0'>
   <div class='ocr_carea' id='block_1_1' title="bbox 548 98 1443 143">
    <p class='ocr_par' dir='ltr' id='par_1_1' title="bbox 548 98 1443 143">
     <span class='ocr_line' id='line_1_1' title="bbox 548 98 1443 143; baseline 0 -9"><span class='ocrx_word' id='word_1_1' title='bbox 548 99 651 134; x_wconf 88' lang='lat' dir='ltr'>CAP.</span> <span class='ocrx_word' id='word_1_2' title='bbox 670 103 706 143; x_wconf 77' lang='lat'><strong>5,</strong></span> <span class='ocrx_word' id='word_1_3' title='bbox 734 104 753 134; x_wconf 79' lang='grc'><strong>6</strong></span> <span class='ocrx_word' id='word_1_4' title='bbox 780 106 797 142; x_wconf 54' lang='lat' dir='ltr'><strong>s</strong></span> <span class='ocrx_word' id='word_1_5' title='bbox 828 102 975 135; x_wconf 78' lang='grc'>11-16.</span> <span class='ocrx_word' id='word_1_6' title='bbox 1390 98 1443 138; x_wconf 79' lang='grc'><strong>79</strong></span> 
     </span>
    </p>
   </div>
   <div class='ocr_carea' id='block_1_2' title="bbox 57 193 1446 1713">
    <p class='ocr_par' dir='ltr' id='par_1_2' title="bbox 57 193 1446 1713">
     <span class='ocr_line' id='line_1_2' title="bbox 109 193 1443 249; baseline 0 -13"><span class='ocrx_word' id='word_1_7' title='bbox 109 194 342 249; x_wconf 74' lang='lat' dir='ltr'>suetudine,</span> <span class='ocrx_word' id='word_1_8' title='bbox 374 197 498 237; x_wconf 88' lang='lat' dir='ltr'><strong>tanta</strong></span> <span class='ocrx_word' id='word_1_9' title='bbox 522 195 807 249; x_wconf 89' lang='lat' dir='ltr'><strong>humanitate,</strong></span> <span class='ocrx_word' id='word_1_10' title='bbox 845 198 894 237; x_wconf 92' lang='lat' dir='ltr'><strong>ut</strong></span> <span class='ocrx_word' id='word_1_11' title='bbox 925 195 955 236; x_wconf 93' lang='lat' dir='ltr'><strong>ii</strong></span> <span class='ocrx_word' id='word_1_12' title='bbox 986 193 1226 236; x_wconf 75' lang='lat' dir='ltr'><strong>beatissimi</strong></span> <span class='ocrx_word' id='word_1_13' title='bbox 1259 208 1351 236; x_wconf 91' lang='lat' dir='ltr'><strong>esse</strong></span> <span class='ocrx_word' id='word_1_14' title='bbox 1383 194 1443 236; x_wconf 87' lang='lat' dir='ltr'><strong>vi-</strong></span> 
     </span>
     <span class='ocr_line' id='line_1_3' title="bbox 110 254 1288 309; baseline -0.002 -13"><span class='ocrx_word' id='word_1_15' title='bbox 110 254 301 307; x_wconf 89' lang='lat' dir='ltr'><strong>deantur,</strong></span> <span class='ocrx_word' id='word_1_16' title='bbox 333 254 445 309; x_wconf 89' lang='lat' dir='ltr'><strong>apud</strong></span> <span class='ocrx_word' id='word_1_17' title='bbox 477 268 582 308; x_wconf 90' lang='lat' dir='ltr'><strong>quos</strong></span> <span class='ocrx_word' id='word_1_18' title='bbox 613 254 685 296; x_wconf 91' lang='lat' dir='ltr'><strong>ille</strong></span> <span class='ocrx_word' id='word_1_19' title='bbox 717 254 954 296; x_wconf 80' lang='lat' dir='ltr'><strong>diutissime</strong></span> <span class='ocrx_word' id='word_1_20' title='bbox 987 256 1288 295; x_wconf 73' lang='lat' dir='ltr'>commoratur.</span> 
     </span>
     <span class='ocr_line' id='line_1_4' title="bbox 198 311 1443 367; baseline 0 -14"><span class='ocrx_word' id='word_1_21' title='bbox 198 311 349 366; x_wconf 79' lang='lat' dir='ltr'><strong>Quare,</strong></span> <span class='ocrx_word' id='word_1_22' title='bbox 381 312 418 354; x_wconf 92' lang='lat' dir='ltr'><strong>si</strong></span> <span class='ocrx_word' id='word_1_23' title='bbox 448 314 625 367; x_wconf 85' lang='lat' dir='ltr'><strong>propter</strong></span> <span class='ocrx_word' id='word_1_24' title='bbox 656 313 794 355; x_wconf 88' lang='lat' dir='ltr'><strong>socios</strong></span> <span class='ocrx_word' id='word_1_25' title='bbox 820 313 940 354; x_wconf 91' lang='lat' dir='ltr'><strong>nulla</strong></span> <span class='ocrx_word' id='word_1_26' title='bbox 963 311 1047 367; x_wconf 90' lang='lat' dir='ltr'><strong>ipsi</strong></span> <span class='ocrx_word' id='word_1_27' title='bbox 1071 312 1230 353; x_wconf 85' lang='lat' dir='ltr'><strong>iniuria</strong></span> <span class='ocrx_word' id='word_1_28' title='bbox 1254 312 1443 354; x_wconf 90' lang='lat' dir='ltr'><strong>lacessit1</strong></span> 
     </span>
     <span class='ocr_line' id='line_1_5' title="bbox 110 370 1443 426; baseline 0 -14"><span class='ocrx_word' id='word_1_29' title='bbox 110 371 293 412; x_wconf 90' lang='lat' dir='ltr'><strong>maiores</strong></span> <span class='ocrx_word' id='word_1_30' title='bbox 338 371 477 412; x_wconf 78' lang='lat' dir='ltr'><strong>nostri</strong></span> <span class='ocrx_word' id='word_1_31' title='bbox 527 385 623 413; x_wconf 89' lang='lat' dir='ltr'><strong>cum</strong></span> <span class='ocrx_word' id='word_1_32' title='bbox 666 371 901 425; x_wconf 76' lang='lat' dir='ltr'><strong>Antiocho,</strong></span> <span class='ocrx_word' id='word_1_33' title='bbox 944 385 1040 413; x_wconf 89' lang='lat' dir='ltr'><strong>cum</strong></span> <span class='ocrx_word' id='word_1_34' title='bbox 1085 370 1303 426; x_wconf 87' lang='lat' dir='ltr'><strong>Philippo,</strong></span> <span class='ocrx_word' id='word_1_35' title='bbox 1347 385 1443 413; x_wconf 89' lang='lat' dir='ltr'><strong>cum</strong></span> 
     </span>
     <span class='ocr_line' id='line_1_6' title="bbox 73 429 1443 486; baseline 0.001 -17"><span class='ocrx_word' id='word_1_36' title='bbox 73 441 89 467; x_wconf 87' lang='lat'><strong>5</strong></span> <span class='ocrx_word' id='word_1_37' title='bbox 110 429 289 482; x_wconf 85' lang='lat' dir='ltr'><strong>Aetolis,</strong></span> <span class='ocrx_word' id='word_1_38' title='bbox 315 444 410 471; x_wconf 88' lang='lat' dir='ltr'><strong>cum</strong></span> <span class='ocrx_word' id='word_1_39' title='bbox 435 429 588 471; x_wconf 85' lang='lat' dir='ltr'><strong>Poenis</strong></span> <span class='ocrx_word' id='word_1_40' title='bbox 614 430 727 471; x_wconf 88' lang='lat' dir='ltr'><strong>bella</strong></span> <span class='ocrx_word' id='word_1_41' title='bbox 754 432 990 486; x_wconf 79' lang='lat' dir='ltr'><strong>gesserunt,</strong></span> <span class='ocrx_word' id='word_1_42' title='bbox 1017 432 1178 484; x_wconf 88' lang='lat' dir='ltr'><strong>quanto</strong></span> <span class='ocrx_word' id='word_1_43' title='bbox 1203 444 1280 471; x_wconf 88' lang='lat' dir='ltr'><strong>vos</strong></span> <span class='ocrx_word' id='word_1_44' title='bbox 1301 429 1443 471; x_wconf 89' lang='lat' dir='ltr'><strong>studio</strong></span> 
     </span>
     <span class='ocr_line' id='line_1_7' title="bbox 110 488 1444 542; baseline 0 -12"><span class='ocrx_word' id='word_1_45' title='bbox 110 488 309 530; x_wconf 86' lang='lat' dir='ltr'><strong>convenit</strong></span> <span class='ocrx_word' id='word_1_46' title='bbox 353 488 519 529; x_wconf 87' lang='lat' dir='ltr'><strong>iniuriis</strong></span> <span class='ocrx_word' id='word_1_47' title='bbox 566 492 822 542; x_wconf 85' lang='lat' dir='ltr'><strong>provocatos</strong></span> <span class='ocrx_word' id='word_1_48' title='bbox 870 488 1083 531; x_wconf 89' lang='lat' dir='ltr'><strong>sociorum</strong></span> <span class='ocrx_word' id='word_1_49' title='bbox 1128 488 1314 530; x_wconf 87' lang='lat' dir='ltr'><strong>salutem</strong></span> <span class='ocrx_word' id='word_1_50' title='bbox 1360 503 1444 530; x_wconf 83' lang='lat' dir='ltr'><strong>una</strong></span> 
     </span>
     <span class='ocr_line' id='line_1_8' title="bbox 109 546 1444 602; baseline -0.001 -13"><span class='ocrx_word' id='word_1_51' title='bbox 109 561 204 589; x_wconf 85' lang='lat' dir='ltr'><strong>eum</strong></span> <span class='ocrx_word' id='word_1_52' title='bbox 230 547 396 601; x_wconf 89' lang='lat' dir='ltr'><strong>imperii</strong></span> <span class='ocrx_word' id='word_1_53' title='bbox 424 546 556 588; x_wconf 88' lang='lat' dir='ltr'><strong>vestri</strong></span> <span class='ocrx_word' id='word_1_54' title='bbox 581 546 790 601; x_wconf 73' lang='lat' dir='ltr'><strong>dignitate</strong></span> <span class='ocrx_word' id='word_1_55' title='bbox 818 546 1050 596; x_wconf 86' lang='lat' dir='ltr'><strong>defendere,</strong></span> <span class='ocrx_word' id='word_1_56' title='bbox 1076 547 1329 602; x_wconf 89' lang='lat' dir='ltr'><strong>praesertim</strong></span> <span class='ocrx_word' id='word_1_57' title='bbox 1350 561 1444 589; x_wconf 86' lang='lat' dir='ltr'><strong>eum</strong></span> 
     </span>
     <span class='ocr_line' id='line_1_9' title="bbox 109 605 1443 660; baseline 0.001 -14"><span class='ocrx_word' id='word_1_58' title='bbox 109 605 158 646; x_wconf 91' lang='lat' dir='ltr'><strong>de</strong></span> <span class='ocrx_word' id='word_1_59' title='bbox 197 605 394 646; x_wconf 89' lang='lat' dir='ltr'><strong>maximis</strong></span> <span class='ocrx_word' id='word_1_60' title='bbox 431 605 586 646; x_wconf 86' lang='lat' dir='ltr'><strong>vestris</strong></span> <span class='ocrx_word' id='word_1_61' title='bbox 624 606 907 658; x_wconf 59' lang='lat' dir='ltr'><strong>vectigalibus</strong></span> <span class='ocrx_word' id='word_1_62' title='bbox 947 605 1129 660; x_wconf 80' lang='lat' dir='ltr'>agatur?</span> <span class='ocrx_word' id='word_1_63' title='bbox 1190 605 1304 647; x_wconf 88' lang='lat' dir='ltr'><strong>Nam</strong></span> <span class='ocrx_word' id='word_1_64' title='bbox 1335 608 1443 647; x_wconf 88' lang='lat' dir='ltr'><strong>cete-</strong></span> 
     </span>
     <span class='ocr_line' id='line_1_10' title="bbox 107 663 1443 720; baseline 0 -15"><span class='ocrx_word' id='word_1_65' title='bbox 107 678 252 706; x_wconf 90' lang='lat' dir='ltr'><strong>rarum</strong></span> <span class='ocrx_word' id='word_1_66' title='bbox 289 663 606 719; x_wconf 86' lang='lat' dir='ltr'><strong>provinciarum</strong></span> <span class='ocrx_word' id='word_1_67' title='bbox 643 665 892 720; x_wconf 76' lang='lat' dir='ltr'><strong>vectigalia,</strong></span> <span class='ocrx_word' id='word_1_68' title='bbox 930 663 1134 718; x_wconf 83' lang='lat' dir='ltr'><strong>Quirites,</strong></span> <span class='ocrx_word' id='word_1_69' title='bbox 1171 666 1294 706; x_wconf 84' lang='lat' dir='ltr'><strong>tanta</strong></span> <span class='ocrx_word' id='word_1_70' title='bbox 1331 667 1443 718; x_wconf 86' lang='lat' dir='ltr'><strong>sunt,</strong></span> 
     </span>
     <span class='ocr_line' id='line_1_11' title="bbox 57 722 1443 778; baseline 0 -14"><span class='ocrx_word' id='word_1_71' title='bbox 57 734 90 758; x_wconf 86' lang='lat'><strong>10</strong></span> <span class='ocrx_word' id='word_1_72' title='bbox 109 726 156 764; x_wconf 92' lang='lat' dir='ltr'><strong>ut</strong></span> <span class='ocrx_word' id='word_1_73' title='bbox 193 722 246 764; x_wconf 92' lang='lat' dir='ltr'><strong>iis</strong></span> <span class='ocrx_word' id='word_1_74' title='bbox 284 722 338 764; x_wconf 90' lang='lat' dir='ltr'><strong>ad</strong></span> <span class='ocrx_word' id='word_1_75' title='bbox 368 723 485 777; x_wconf 90' lang='lat' dir='ltr'><strong>ipsas</strong></span> <span class='ocrx_word' id='word_1_76' title='bbox 516 723 760 778; x_wconf 90' lang='lat' dir='ltr'><strong>provincias</strong></span> <span class='ocrx_word' id='word_1_77' title='bbox 791 723 996 764; x_wconf 89' lang='lat' dir='ltr'><strong>tutandas</strong></span> <span class='ocrx_word' id='word_1_78' title='bbox 1027 723 1098 764; x_wconf 88' lang='lat' dir='ltr'><strong>vix</strong></span> <span class='ocrx_word' id='word_1_79' title='bbox 1129 722 1320 765; x_wconf 85' lang='lat' dir='ltr'><strong>contenti</strong></span> <span class='ocrx_word' id='word_1_80' title='bbox 1352 737 1443 764; x_wconf 88' lang='lat' dir='ltr'><strong>esse</strong></span> 
     </span>
     <span class='ocr_line' id='line_1_12' title="bbox 107 780 1444 837; baseline 0 -15"><span class='ocrx_word' id='word_1_81' title='bbox 107 781 338 837; x_wconf 87' lang='lat' dir='ltr'><strong>possimus,</strong></span> <span class='ocrx_word' id='word_1_82' title='bbox 379 781 485 822; x_wconf 90' lang='lat' dir='ltr'><strong>Asia</strong></span> <span class='ocrx_word' id='word_1_83' title='bbox 515 795 615 823; x_wconf 87' lang='lat' dir='ltr'><strong>vero</strong></span> <span class='ocrx_word' id='word_1_84' title='bbox 647 784 738 823; x_wconf 89' lang='lat' dir='ltr'><strong>tam</strong></span> <span class='ocrx_word' id='word_1_85' title='bbox 764 782 907 836; x_wconf 88' lang='lat' dir='ltr'><strong>opima</strong></span> <span class='ocrx_word' id='word_1_86' title='bbox 938 784 1004 823; x_wconf 88' lang='lat' dir='ltr'><strong>est</strong></span> <span class='ocrx_word' id='word_1_87' title='bbox 1035 795 1083 823; x_wconf 88' lang='lat' dir='ltr'><strong>ac</strong></span> <span class='ocrx_word' id='word_1_88' title='bbox 1113 780 1290 833; x_wconf 87' lang='lat' dir='ltr'><strong>fertilis,</strong></span> <span class='ocrx_word' id='word_1_89' title='bbox 1321 784 1370 823; x_wconf 90' lang='lat' dir='ltr'><strong>ut</strong></span> <span class='ocrx_word' id='word_1_90' title='bbox 1401 783 1444 823; x_wconf 90' lang='lat' dir='ltr'><strong>et</strong></span> 
     </span>
     <span class='ocr_line' id='line_1_13' title="bbox 108 839 1443 895; baseline 0 -14"><span class='ocrx_word' id='word_1_91' title='bbox 108 839 303 882; x_wconf 90' lang='lat' dir='ltr'><strong>ubertate</strong></span> <span class='ocrx_word' id='word_1_92' title='bbox 330 854 532 895; x_wconf 83' lang='lat' dir='ltr'><strong>agrorum</strong></span> <span class='ocrx_word' id='word_1_93' title='bbox 558 843 602 881; x_wconf 92' lang='lat' dir='ltr'><strong>et</strong></span> <span class='ocrx_word' id='word_1_94' title='bbox 619 840 829 882; x_wconf 82' lang='lat' dir='ltr'><strong>varietate</strong></span> <span class='ocrx_word' id='word_1_95' title='bbox 848 840 1065 882; x_wconf 83' lang='lat' dir='ltr'><strong>fructuum</strong></span> <span class='ocrx_word' id='word_1_96' title='bbox 1086 842 1128 881; x_wconf 93' lang='lat' dir='ltr'><strong>et</strong></span> <span class='ocrx_word' id='word_1_97' title='bbox 1147 840 1443 895; x_wconf 81' lang='lat' dir='ltr'><strong>magnitudine</strong></span> 
     </span>
     <span class='ocr_line' id='line_1_14' title="bbox 107 898 1443 954; baseline -0.001 -14"><span class='ocrx_word' id='word_1_98' title='bbox 107 898 316 954; x_wconf 89' lang='lat' dir='ltr'><strong>pastionis</strong></span> <span class='ocrx_word' id='word_1_99' title='bbox 360 902 403 940; x_wconf 90' lang='lat' dir='ltr'><strong>et</strong></span> <span class='ocrx_word' id='word_1_100' title='bbox 439 898 713 940; x_wconf 89' lang='lat' dir='ltr'><strong>multitudine</strong></span> <span class='ocrx_word' id='word_1_101' title='bbox 759 913 905 940; x_wconf 84' lang='lat' dir='ltr'><strong>earum</strong></span> <span class='ocrx_word' id='word_1_102' title='bbox 947 913 1106 953; x_wconf 89' lang='lat' dir='ltr'><strong>rerum,</strong></span> <span class='ocrx_word' id='word_1_103' title='bbox 1150 913 1256 953; x_wconf 91' lang='lat' dir='ltr'><strong>quae</strong></span> <span class='ocrx_word' id='word_1_104' title='bbox 1295 913 1443 953; x_wconf 71' lang='lat' dir='ltr'><strong>expor-</strong></span> 
     </span>
     <span class='ocr_line' id='line_1_15' title="bbox 108 957 1441 1012; baseline 0 -14"><span class='ocrx_word' id='word_1_105' title='bbox 108 959 269 1011; x_wconf 89' lang='lat' dir='ltr'><strong>tentur,</strong></span> <span class='ocrx_word' id='word_1_106' title='bbox 304 957 431 999; x_wconf 87' lang='lat' dir='ltr'><strong>facile</strong></span> <span class='ocrx_word' id='word_1_107' title='bbox 464 957 662 999; x_wconf 87' lang='lat' dir='ltr'><strong>omnibus</strong></span> <span class='ocrx_word' id='word_1_108' title='bbox 693 958 819 999; x_wconf 90' lang='lat' dir='ltr'><strong>terris</strong></span> <span class='ocrx_word' id='word_1_109' title='bbox 853 957 1094 999; x_wconf 87' lang='lat' dir='ltr'><strong>antecellat.</strong></span> <span class='ocrx_word' id='word_1_110' title='bbox 1155 957 1306 1012; x_wconf 86' lang='lat' dir='ltr'><strong>Itaque</strong></span> <span class='ocrx_word' id='word_1_111' title='bbox 1337 957 1441 998; x_wconf 86' lang='lat' dir='ltr'><strong>haee</strong></span> 
     </span>
     <span class='ocr_line' id='line_1_16' title="bbox 57 1015 1442 1071; baseline 0 -14"><span class='ocrx_word' id='word_1_112' title='bbox 57 1026 88 1052; x_wconf 85' lang='lat'><strong>15</strong></span> <span class='ocrx_word' id='word_1_113' title='bbox 108 1016 231 1058; x_wconf 89' lang='lat' dir='ltr'><strong>vobis</strong></span> <span class='ocrx_word' id='word_1_114' title='bbox 256 1016 488 1071; x_wconf 89' lang='lat' dir='ltr'><strong>provincia,</strong></span> <span class='ocrx_word' id='word_1_115' title='bbox 513 1015 716 1069; x_wconf 80' lang='lat' dir='ltr'><strong>Quirites,</strong></span> <span class='ocrx_word' id='word_1_116' title='bbox 743 1017 779 1057; x_wconf 91' lang='lat' dir='ltr'><strong>si</strong></span> <span class='ocrx_word' id='word_1_117' title='bbox 805 1019 847 1057; x_wconf 89' lang='lat' dir='ltr'><strong>et</strong></span> <span class='ocrx_word' id='word_1_118' title='bbox 873 1016 975 1058; x_wconf 90' lang='lat' dir='ltr'><strong>belli</strong></span> <span class='ocrx_word' id='word_1_119' title='bbox 1000 1016 1235 1057; x_wconf 87' lang='lat' dir='ltr'><strong>utilitatem</strong></span> <span class='ocrx_word' id='word_1_120' title='bbox 1264 1019 1306 1057; x_wconf 93' lang='lat' dir='ltr'><strong>et</strong></span> <span class='ocrx_word' id='word_1_121' title='bbox 1324 1016 1442 1071; x_wconf 84' lang='lat' dir='ltr'><strong>pacis</strong></span> 
     </span>
     <span class='ocr_line' id='line_1_17' title="bbox 110 1074 1443 1130; baseline -0.001 -14"><span class='ocrx_word' id='word_1_122' title='bbox 110 1074 366 1130; x_wconf 83' lang='lat' dir='ltr'><strong>dignitatem</strong></span> <span class='ocrx_word' id='word_1_123' title='bbox 407 1075 590 1116; x_wconf 86' lang='lat' dir='ltr'><strong>retinere</strong></span> <span class='ocrx_word' id='word_1_124' title='bbox 632 1074 783 1128; x_wconf 85' lang='lat' dir='ltr'><strong>vultis,</strong></span> <span class='ocrx_word' id='word_1_125' title='bbox 826 1089 913 1116; x_wconf 91' lang='lat' dir='ltr'><strong>non</strong></span> <span class='ocrx_word' id='word_1_126' title='bbox 955 1074 1081 1116; x_wconf 88' lang='lat' dir='ltr'><strong>modo</strong></span> <span class='ocrx_word' id='word_1_127' title='bbox 1119 1089 1145 1116; x_wconf 90' lang='lat' dir='ltr'><strong>a</strong></span> <span class='ocrx_word' id='word_1_128' title='bbox 1184 1074 1443 1128; x_wconf 86' lang='lat' dir='ltr'><strong>calamitate,</strong></span> 
     </span>
     <span class='ocr_line' id='line_1_18' title="bbox 109 1132 1444 1175; baseline 0 -1"><span class='ocrx_word' id='word_1_129' title='bbox 109 1133 181 1175; x_wconf 90' lang='lat' dir='ltr'><strong>sed</strong></span> <span class='ocrx_word' id='word_1_130' title='bbox 219 1133 346 1175; x_wconf 90' lang='lat' dir='ltr'><strong>etiam</strong></span> <span class='ocrx_word' id='word_1_131' title='bbox 386 1148 411 1174; x_wconf 88' lang='lat' dir='ltr'><strong>a</strong></span> <span class='ocrx_word' id='word_1_132' title='bbox 447 1136 565 1174; x_wconf 89' lang='lat' dir='ltr'><strong>metu</strong></span> <span class='ocrx_word' id='word_1_133' title='bbox 601 1133 862 1175; x_wconf 83' lang='lat' dir='ltr'><strong>calamitatis</strong></span> <span class='ocrx_word' id='word_1_134' title='bbox 900 1136 966 1174; x_wconf 90' lang='lat' dir='ltr'><strong>est</strong></span> <span class='ocrx_word' id='word_1_135' title='bbox 998 1133 1270 1175; x_wconf 85' lang='lat' dir='ltr'><strong>defendenda.</strong></span> <span class='ocrx_word' id='word_1_136' title='bbox 1331 1132 1444 1174; x_wconf 86' lang='lat' dir='ltr'><strong>Nam</strong></span> 
     </span>
     <span class='ocr_line' id='line_1_19' title="bbox 107 1191 1445 1244; baseline 0.001 -12"><span class='ocrx_word' id='word_1_137' title='bbox 107 1192 153 1233; x_wconf 86' lang='lat' dir='ltr'><strong>in</strong></span> <span class='ocrx_word' id='word_1_138' title='bbox 178 1192 329 1233; x_wconf 85' lang='lat' dir='ltr'><strong>ceteris</strong></span> <span class='ocrx_word' id='word_1_139' title='bbox 354 1192 480 1234; x_wconf 88' lang='lat' dir='ltr'><strong>rebus</strong></span> <span class='ocrx_word' id='word_1_140' title='bbox 506 1207 602 1234; x_wconf 86' lang='lat' dir='ltr'><strong>oum</strong></span> <span class='ocrx_word' id='word_1_141' title='bbox 622 1192 740 1234; x_wconf 86' lang='lat' dir='ltr'><strong>venit</strong></span> <span class='ocrx_word' id='word_1_142' title='bbox 764 1192 1001 1244; x_wconf 78' lang='lat' dir='ltr'><strong>calamitas,</strong></span> <span class='ocrx_word' id='word_1_143' title='bbox 1027 1195 1120 1233; x_wconf 88' lang='lat' dir='ltr'><strong>tum</strong></span> <span class='ocrx_word' id='word_1_144' title='bbox 1141 1191 1445 1233; x_wconf 87' lang='lat' dir='ltr'><strong>detrimentum</strong></span> 
     </span>
     <span class='ocr_line' id='line_1_20' title="bbox 110 1250 1444 1306; baseline 0 -15"><span class='ocrx_word' id='word_1_145' title='bbox 110 1250 330 1306; x_wconf 79' lang='lat' dir='ltr'><strong>accipitur3</strong></span> <span class='ocrx_word' id='word_1_146' title='bbox 362 1253 407 1292; x_wconf 90' lang='lat' dir='ltr'><strong>at</strong></span> <span class='ocrx_word' id='word_1_147' title='bbox 437 1251 482 1291; x_wconf 91' lang='lat' dir='ltr'><strong>in</strong></span> <span class='ocrx_word' id='word_1_148' title='bbox 508 1251 791 1306; x_wconf 83' lang='lat' dir='ltr'><strong>vectigalibus</strong></span> <span class='ocrx_word' id='word_1_149' title='bbox 818 1265 902 1292; x_wconf 88' lang='lat' dir='ltr'><strong>non</strong></span> <span class='ocrx_word' id='word_1_150' title='bbox 930 1251 1068 1292; x_wconf 88' lang='lat' dir='ltr'><strong>solum</strong></span> <span class='ocrx_word' id='word_1_151' title='bbox 1096 1250 1303 1292; x_wconf 52' lang='lat' dir='ltr'><strong>adrentus</strong></span> <span class='ocrx_word' id='word_1_152' title='bbox 1330 1251 1444 1302; x_wconf 88' lang='lat' dir='ltr'><strong>mali,</strong></span> 
     </span>
     <span class='ocr_line' id='line_1_21' title="bbox 57 1308 1446 1364; baseline 0 -14"><span class='ocrx_word' id='word_1_153' title='bbox 57 1320 91 1345; x_wconf 78' lang='lat'><strong>20</strong></span> <span class='ocrx_word' id='word_1_154' title='bbox 110 1309 183 1350; x_wconf 91' lang='lat' dir='ltr'><strong>sed</strong></span> <span class='ocrx_word' id='word_1_155' title='bbox 219 1309 348 1351; x_wconf 90' lang='lat' dir='ltr'><strong>etiam</strong></span> <span class='ocrx_word' id='word_1_156' title='bbox 387 1312 525 1351; x_wconf 88' lang='lat' dir='ltr'><strong>metus</strong></span> <span class='ocrx_word' id='word_1_157' title='bbox 556 1310 648 1364; x_wconf 89' lang='lat' dir='ltr'><strong>ipse</strong></span> <span class='ocrx_word' id='word_1_158' title='bbox 687 1309 810 1350; x_wconf 88' lang='lat' dir='ltr'><strong>affert</strong></span> <span class='ocrx_word' id='word_1_159' title='bbox 842 1309 1144 1351; x_wconf 86' lang='lat' dir='ltr'><strong>calamitatem.</strong></span> <span class='ocrx_word' id='word_1_160' title='bbox 1205 1308 1319 1350; x_wconf 90' lang='lat' dir='ltr'><strong>Nam</strong></span> <span class='ocrx_word' id='word_1_161' title='bbox 1350 1324 1446 1351; x_wconf 85' lang='lat' dir='ltr'><strong>cum</strong></span> 
     </span>
     <span class='ocr_line' id='line_1_22' title="bbox 108 1367 1444 1423; baseline 0 -15"><span class='ocrx_word' id='word_1_162' title='bbox 108 1367 299 1409; x_wconf 89' lang='lat' dir='ltr'><strong>hostium</strong></span> <span class='ocrx_word' id='word_1_163' title='bbox 343 1368 488 1423; x_wconf 89' lang='lat' dir='ltr'><strong>copiae</strong></span> <span class='ocrx_word' id='word_1_164' title='bbox 533 1382 621 1409; x_wconf 88' lang='lat' dir='ltr'><strong>non</strong></span> <span class='ocrx_word' id='word_1_165' title='bbox 662 1368 789 1423; x_wconf 83' lang='lat' dir='ltr'><strong>longe</strong></span> <span class='ocrx_word' id='word_1_166' title='bbox 838 1368 1012 1420; x_wconf 89' lang='lat' dir='ltr'><strong>absunt,</strong></span> <span class='ocrx_word' id='word_1_167' title='bbox 1055 1368 1225 1409; x_wconf 84' lang='lat' dir='ltr'><strong>etiamsi</strong></span> <span class='ocrx_word' id='word_1_168' title='bbox 1261 1368 1444 1421; x_wconf 89' lang='lat' dir='ltr'><strong>irruptio</strong></span> 
     </span>
     <span class='ocr_line' id='line_1_23' title="bbox 108 1426 1443 1481; baseline -0.001 -14"><span class='ocrx_word' id='word_1_169' title='bbox 108 1426 229 1467; x_wconf 86' lang='lat' dir='ltr'><strong>nulla</strong></span> <span class='ocrx_word' id='word_1_170' title='bbox 259 1426 373 1468; x_wconf 87' lang='lat' dir='ltr'><strong>facta</strong></span> <span class='ocrx_word' id='word_1_171' title='bbox 404 1429 486 1480; x_wconf 88' lang='lat' dir='ltr'><strong>est,</strong></span> <span class='ocrx_word' id='word_1_172' title='bbox 517 1428 662 1467; x_wconf 88' lang='lat' dir='ltr'><strong>tamen</strong></span> <span class='ocrx_word' id='word_1_173' title='bbox 692 1426 892 1481; x_wconf 84' lang='lat' dir='ltr'><strong>pecuaria</strong></span> <span class='ocrx_word' id='word_1_174' title='bbox 922 1426 1195 1480; x_wconf 85' lang='lat' dir='ltr'><strong>relinquitur,</strong></span> <span class='ocrx_word' id='word_1_175' title='bbox 1233 1426 1328 1480; x_wconf 81' lang='lat' dir='ltr'><strong>agri</strong></span> <span class='ocrx_word' id='word_1_176' title='bbox 1359 1426 1443 1467; x_wconf 90' lang='lat' dir='ltr'><strong>cul-</strong></span> 
     </span>
     <span class='ocr_line' id='line_1_24' title="bbox 110 1483 1444 1539; baseline 0.001 -15"><span class='ocrx_word' id='word_1_177' title='bbox 110 1487 208 1525; x_wconf 88' lang='lat' dir='ltr'><strong>tura</strong></span> <span class='ocrx_word' id='word_1_178' title='bbox 239 1484 459 1538; x_wconf 85' lang='lat' dir='ltr'><strong>deseritur,</strong></span> <span class='ocrx_word' id='word_1_179' title='bbox 489 1488 773 1526; x_wconf 84' lang='lat' dir='ltr'><strong>mercatorum</strong></span> <span class='ocrx_word' id='word_1_180' title='bbox 804 1484 1025 1539; x_wconf 81' lang='lat' dir='ltr'><strong>navigatio</strong></span> <span class='ocrx_word' id='word_1_181' title='bbox 1057 1484 1331 1537; x_wconf 90' lang='lat' dir='ltr'><strong>conquiescit.</strong></span> <span class='ocrx_word' id='word_1_182' title='bbox 1375 1483 1444 1525; x_wconf 88' lang='lat' dir='ltr'><strong>Ita</strong></span> 
     </span>
     <span class='ocr_line' id='line_1_25' title="bbox 109 1542 1445 1597; baseline 0 -14"><span class='ocrx_word' id='word_1_183' title='bbox 109 1556 245 1596; x_wconf 89' lang='lat' dir='ltr'><strong>neque</strong></span> <span class='ocrx_word' id='word_1_184' title='bbox 277 1557 327 1584; x_wconf 91' lang='lat' dir='ltr'><strong>ex</strong></span> <span class='ocrx_word' id='word_1_185' title='bbox 357 1545 486 1597; x_wconf 89' lang='lat' dir='ltr'><strong>portu</strong></span> <span class='ocrx_word' id='word_1_186' title='bbox 515 1557 651 1597; x_wconf 91' lang='lat' dir='ltr'><strong>neque</strong></span> <span class='ocrx_word' id='word_1_187' title='bbox 683 1557 733 1584; x_wconf 91' lang='lat' dir='ltr'><strong>ex</strong></span> <span class='ocrx_word' id='word_1_188' title='bbox 766 1543 951 1584; x_wconf 88' lang='lat' dir='ltr'><strong>decumis</strong></span> <span class='ocrx_word' id='word_1_189' title='bbox 982 1556 1117 1596; x_wconf 90' lang='lat' dir='ltr'><strong>neque</strong></span> <span class='ocrx_word' id='word_1_190' title='bbox 1150 1556 1200 1583; x_wconf 89' lang='lat' dir='ltr'><strong>ex</strong></span> <span class='ocrx_word' id='word_1_191' title='bbox 1233 1542 1445 1597; x_wconf 86' lang='lat' dir='ltr'><strong>scriptura</strong></span> 
     </span>
     <span class='ocr_line' id='line_1_26' title="bbox 59 1600 1445 1656; baseline 0.002 -18"><span class='ocrx_word' id='word_1_192' title='bbox 59 1612 92 1638; x_wconf 75' lang='lat'><strong>25</strong></span> <span class='ocrx_word' id='word_1_193' title='bbox 112 1601 297 1656; x_wconf 85' lang='lat' dir='ltr'><strong>vectigal</strong></span> <span class='ocrx_word' id='word_1_194' title='bbox 340 1601 583 1642; x_wconf 84' lang='lat' dir='ltr'><strong>conservari</strong></span> <span class='ocrx_word' id='word_1_195' title='bbox 628 1603 790 1656; x_wconf 82' lang='lat' dir='ltr'><strong>potest3</strong></span> <span class='ocrx_word' id='word_1_196' title='bbox 834 1615 964 1655; x_wconf 89' lang='lat' dir='ltr'><strong>quare</strong></span> <span class='ocrx_word' id='word_1_197' title='bbox 1008 1614 1134 1655; x_wconf 88' lang='lat' dir='ltr'><strong>saepe</strong></span> <span class='ocrx_word' id='word_1_198' title='bbox 1171 1600 1306 1642; x_wconf 88' lang='lat' dir='ltr'><strong>totius</strong></span> <span class='ocrx_word' id='word_1_199' title='bbox 1344 1601 1445 1642; x_wconf 90' lang='lat' dir='ltr'><strong>anni</strong></span> 
     </span>
     <span class='ocr_line' id='line_1_27' title="bbox 110 1658 1444 1713; baseline 0 -13"><span class='ocrx_word' id='word_1_200' title='bbox 110 1659 274 1701; x_wconf 84' lang='lat' dir='ltr'><strong>fructus</strong></span> <span class='ocrx_word' id='word_1_201' title='bbox 312 1673 396 1701; x_wconf 90' lang='lat' dir='ltr'><strong>uno</strong></span> <span class='ocrx_word' id='word_1_202' title='bbox 435 1673 604 1700; x_wconf 88' lang='lat' dir='ltr'><strong>rumore</strong></span> <span class='ocrx_word' id='word_1_203' title='bbox 641 1659 818 1713; x_wconf 87' lang='lat' dir='ltr'><strong>periculi</strong></span> <span class='ocrx_word' id='word_1_204' title='bbox 857 1662 984 1712; x_wconf 91' lang='lat' dir='ltr'><strong>atque</strong></span> <span class='ocrx_word' id='word_1_205' title='bbox 1020 1673 1104 1700; x_wconf 90' lang='lat' dir='ltr'><strong>uno</strong></span> <span class='ocrx_word' id='word_1_206' title='bbox 1142 1658 1244 1700; x_wconf 88' lang='lat' dir='ltr'><strong>belli</strong></span> <span class='ocrx_word' id='word_1_207' title='bbox 1281 1661 1444 1700; x_wconf 89' lang='lat' dir='ltr'><strong>terrore</strong></span> 
     </span>
    </p>
   </div>
   <div class='ocr_carea' id='block_1_3' title="bbox 112 1716 1488 1770">
    <p class='ocr_par' dir='ltr' id='par_1_3' title="bbox 112 1716 1488 1770">
     <span class='ocr_line' id='line_1_28' title="bbox 112 1716 1488 1770; baseline -0.001 -11"><span class='ocrx_word' id='word_1_208' title='bbox 112 1718 336 1759; x_wconf 84' lang='lat' dir='ltr'><strong>amittitur.</strong></span> <span class='ocrx_word' id='word_1_209' title='bbox 381 1716 472 1766; x_wconf 81' lang='lat' dir='ltr'><strong>Quo</strong></span> <span class='ocrx_word' id='word_1_210' title='bbox 504 1717 676 1758; x_wconf 87' lang='lat' dir='ltr'><strong>tandem</strong></span> <span class='ocrx_word' id='word_1_211' title='bbox 703 1718 871 1770; x_wconf 79' lang='lat' dir='ltr'><strong>[igitui]</strong></span> <span class='ocrx_word' id='word_1_212' title='bbox 899 1717 1041 1759; x_wconf 90' lang='lat' dir='ltr'><strong>animo</strong></span> <span class='ocrx_word' id='word_1_213' title='bbox 1068 1731 1160 1758; x_wconf 86' lang='lat' dir='ltr'><strong>esse</strong></span> <span class='ocrx_word' id='word_1_214' title='bbox 1187 1717 1442 1759; x_wconf 89' lang='lat' dir='ltr'><strong>existimatis</strong></span> <span class='ocrx_word' id='word_1_215' title='bbox 1473 1730 1488 1758; x_wconf 78' lang='grc'><strong>1</strong></span> 
     </span>
    </p>
   </div>
   <div class='ocr_carea' id='block_1_4' title="bbox 59 1776 1445 2344">
    <p class='ocr_par' dir='ltr' id='par_1_4' title="bbox 113 1776 1444 1890">
     <span class='ocr_line' id='line_1_29' title="bbox 113 1776 1444 1831; baseline 0.001 -14"><span class='ocrx_word' id='word_1_216' title='bbox 113 1779 187 1818; x_wconf 91' lang='lat' dir='ltr'><strong>aut</strong></span> <span class='ocrx_word' id='word_1_217' title='bbox 218 1791 307 1831; x_wconf 88' lang='lat' dir='ltr'><strong>eos,</strong></span> <span class='ocrx_word' id='word_1_218' title='bbox 344 1776 417 1830; x_wconf 91' lang='lat' dir='ltr'><strong>qui</strong></span> <span class='ocrx_word' id='word_1_219' title='bbox 447 1776 677 1831; x_wconf 79' lang='lat' dir='ltr'><strong>vectigalia</strong></span> <span class='ocrx_word' id='word_1_220' title='bbox 706 1776 831 1817; x_wconf 90' lang='lat' dir='ltr'><strong>nobis</strong></span> <span class='ocrx_word' id='word_1_221' title='bbox 863 1776 1097 1830; x_wconf 86' lang='lat' dir='ltr'><strong>pensitant,</strong></span> <span class='ocrx_word' id='word_1_222' title='bbox 1135 1778 1210 1817; x_wconf 87' lang='lat' dir='ltr'><strong>aut</strong></span> <span class='ocrx_word' id='word_1_223' title='bbox 1242 1790 1333 1830; x_wconf 89' lang='lat' dir='ltr'><strong>eos,</strong></span> <span class='ocrx_word' id='word_1_224' title='bbox 1372 1776 1444 1831; x_wconf 88' lang='lat' dir='ltr'><strong>qui</strong></span> 
     </span>
     <span class='ocr_line' id='line_1_30' title="bbox 113 1834 1443 1890; baseline 0 -14"><span class='ocrx_word' id='word_1_225' title='bbox 113 1838 307 1877; x_wconf 85' lang='lat' dir='ltr'><strong>exercent</strong></span> <span class='ocrx_word' id='word_1_226' title='bbox 338 1838 465 1889; x_wconf 90' lang='lat' dir='ltr'><strong>atque</strong></span> <span class='ocrx_word' id='word_1_227' title='bbox 498 1835 690 1889; x_wconf 81' lang='lat' dir='ltr'><strong>exigunt,</strong></span> <span class='ocrx_word' id='word_1_228' title='bbox 722 1849 817 1876; x_wconf 87' lang='lat' dir='ltr'><strong>cum</strong></span> <span class='ocrx_word' id='word_1_229' title='bbox 849 1835 931 1876; x_wconf 91' lang='lat' dir='ltr'><strong>duo</strong></span> <span class='ocrx_word' id='word_1_230' title='bbox 963 1848 1085 1890; x_wconf 85' lang='lat' dir='ltr'><strong>reges</strong></span> <span class='ocrx_word' id='word_1_231' title='bbox 1118 1849 1214 1876; x_wconf 88' lang='lat' dir='ltr'><strong>cum</strong></span> <span class='ocrx_word' id='word_1_232' title='bbox 1245 1834 1443 1876; x_wconf 88' lang='lat' dir='ltr'><strong>maximis</strong></span> 
     </span>
    </p>

    <p class='ocr_par' dir='ltr' id='par_1_5' title="bbox 59 1892 1445 2181">
     <span class='ocr_line' id='line_1_31' title="bbox 59 1892 1444 1948; baseline 0 -13"><span class='ocrx_word' id='word_1_233' title='bbox 59 1904 94 1929; x_wconf 85' lang='lat'><strong>30</strong></span> <span class='ocrx_word' id='word_1_234' title='bbox 113 1894 243 1948; x_wconf 87' lang='lat' dir='ltr'><strong>copiis</strong></span> <span class='ocrx_word' id='word_1_235' title='bbox 274 1897 451 1948; x_wconf 90' lang='lat' dir='ltr'><strong>propter</strong></span> <span class='ocrx_word' id='word_1_236' title='bbox 477 1892 631 1945; x_wconf 87' lang='lat' dir='ltr'><strong>adsint,</strong></span> <span class='ocrx_word' id='word_1_237' title='bbox 662 1908 757 1934; x_wconf 90' lang='lat' dir='ltr'><strong>cum</strong></span> <span class='ocrx_word' id='word_1_238' title='bbox 783 1907 868 1933; x_wconf 89' lang='lat' dir='ltr'><strong>una</strong></span> <span class='ocrx_word' id='word_1_239' title='bbox 894 1893 1084 1935; x_wconf 83' lang='lat' dir='ltr'><strong>excursio</strong></span> <span class='ocrx_word' id='word_1_240' title='bbox 1111 1893 1327 1947; x_wconf 86' lang='lat' dir='ltr'><strong>equitatus</strong></span> <span class='ocrx_word' id='word_1_241' title='bbox 1352 1907 1444 1948; x_wconf 79' lang='lat' dir='ltr'><strong>pei-</strong></span> 
     </span>
     <span class='ocr_line' id='line_1_32' title="bbox 112 1951 1444 2007; baseline 0 -14"><span class='ocrx_word' id='word_1_242' title='bbox 112 1951 232 1993; x_wconf 87' lang='lat' dir='ltr'><strong>brevi</strong></span> <span class='ocrx_word' id='word_1_243' title='bbox 262 1954 454 2007; x_wconf 91' lang='lat' dir='ltr'><strong>tempore</strong></span> <span class='ocrx_word' id='word_1_244' title='bbox 486 1951 618 1993; x_wconf 89' lang='lat' dir='ltr'><strong>totius</strong></span> <span class='ocrx_word' id='word_1_245' title='bbox 646 1952 747 1992; x_wconf 91' lang='lat' dir='ltr'><strong>anni</strong></span> <span class='ocrx_word' id='word_1_246' title='bbox 766 1951 952 2005; x_wconf 80' lang='lat' dir='ltr'><strong>vectigal</strong></span> <span class='ocrx_word' id='word_1_247' title='bbox 979 1951 1144 1992; x_wconf 86' lang='lat' dir='ltr'><strong>auferre</strong></span> <span class='ocrx_word' id='word_1_248' title='bbox 1170 1952 1324 2005; x_wconf 86' lang='lat' dir='ltr'><strong>possit,</strong></span> <span class='ocrx_word' id='word_1_249' title='bbox 1350 1966 1444 1993; x_wconf 91' lang='lat' dir='ltr'><strong>cum</strong></span> 
     </span>
     <span class='ocr_line' id='line_1_33' title="bbox 111 2009 1445 2063; baseline 0 -12"><span class='ocrx_word' id='word_1_250' title='bbox 111 2010 330 2063; x_wconf 88' lang='lat' dir='ltr'><strong>publicani</strong></span> <span class='ocrx_word' id='word_1_251' title='bbox 365 2010 551 2051; x_wconf 87' lang='lat' dir='ltr'><strong>familias</strong></span> <span class='ocrx_word' id='word_1_252' title='bbox 583 2011 806 2062; x_wconf 87' lang='lat' dir='ltr'><strong>maximas,</strong></span> <span class='ocrx_word' id='word_1_253' title='bbox 847 2024 951 2063; x_wconf 90' lang='lat' dir='ltr'><strong>quas</strong></span> <span class='ocrx_word' id='word_1_254' title='bbox 981 2009 1026 2051; x_wconf 92' lang='lat' dir='ltr'><strong>in</strong></span> <span class='ocrx_word' id='word_1_255' title='bbox 1056 2010 1240 2051; x_wconf 88' lang='lat' dir='ltr'><strong>saltibus</strong></span> <span class='ocrx_word' id='word_1_256' title='bbox 1271 2010 1445 2063; x_wconf 88' lang='lat' dir='ltr'><strong>habent,</strong></span> 
     </span>
     <span class='ocr_line' id='line_1_34' title="bbox 114 2068 1442 2123; baseline -0.001 -14"><span class='ocrx_word' id='word_1_257' title='bbox 114 2083 218 2122; x_wconf 90' lang='lat' dir='ltr'><strong>quas</strong></span> <span class='ocrx_word' id='word_1_258' title='bbox 243 2069 289 2110; x_wconf 92' lang='lat' dir='ltr'><strong>in</strong></span> <span class='ocrx_word' id='word_1_259' title='bbox 314 2069 441 2123; x_wconf 83' lang='lat' dir='ltr'><strong>agriS,</strong></span> <span class='ocrx_word' id='word_1_260' title='bbox 467 2083 572 2122; x_wconf 89' lang='lat' dir='ltr'><strong>quas</strong></span> <span class='ocrx_word' id='word_1_261' title='bbox 598 2069 643 2110; x_wconf 90' lang='lat' dir='ltr'><strong>in</strong></span> <span class='ocrx_word' id='word_1_262' title='bbox 668 2068 876 2123; x_wconf 86' lang='lat' dir='ltr'><strong>portubus</strong></span> <span class='ocrx_word' id='word_1_263' title='bbox 898 2071 1024 2123; x_wconf 85' lang='lat' dir='ltr'><strong>atque</strong></span> <span class='ocrx_word' id='word_1_264' title='bbox 1045 2068 1262 2120; x_wconf 85' lang='lat' dir='ltr'><strong>custodiis,</strong></span> <span class='ocrx_word' id='word_1_265' title='bbox 1285 2082 1442 2123; x_wconf 85' lang='lat' dir='ltr'><strong>magno</strong></span> 
     </span>
     <span class='ocr_line' id='line_1_35' title="bbox 113 2126 1443 2181; baseline -0.002 -13"><span class='ocrx_word' id='word_1_266' title='bbox 113 2127 301 2181; x_wconf 87' lang='lat' dir='ltr'><strong>periculo</strong></span> <span class='ocrx_word' id='word_1_267' title='bbox 345 2141 390 2168; x_wconf 91' lang='lat' dir='ltr'><strong>se</strong></span> <span class='ocrx_word' id='word_1_268' title='bbox 426 2127 584 2168; x_wconf 86' lang='lat' dir='ltr'><strong>habere</strong></span> <span class='ocrx_word' id='word_1_269' title='bbox 625 2126 917 2168; x_wconf 81' lang='lat' dir='ltr'><strong>arbitrentur?</strong></span> <span class='ocrx_word' id='word_1_270' title='bbox 983 2126 1206 2169; x_wconf 88' lang='lat' dir='ltr'><strong>Putatisne</strong></span> <span class='ocrx_word' id='word_1_271' title='bbox 1243 2140 1320 2168; x_wconf 86' lang='lat' dir='ltr'><strong>vos</strong></span> <span class='ocrx_word' id='word_1_272' title='bbox 1358 2126 1443 2167; x_wconf 87' lang='lat' dir='ltr'><strong>illis</strong></span> 
     </span>
    </p>

    <p class='ocr_par' dir='ltr' id='par_1_6' title="bbox 60 2185 1444 2344">
     <span class='ocr_line' id='line_1_36' title="bbox 60 2185 1444 2240; baseline -0.001 -14"><span class='ocrx_word' id='word_1_273' title='bbox 60 2196 94 2221; x_wconf 82' lang='lat'><strong>35</strong></span> <span class='ocrx_word' id='word_1_274' title='bbox 114 2185 239 2226; x_wconf 88' lang='lat' dir='ltr'><strong>rebus</strong></span> <span class='ocrx_word' id='word_1_275' title='bbox 269 2185 356 2226; x_wconf 84' lang='lat' dir='ltr'><strong>frui</strong></span> <span class='ocrx_word' id='word_1_276' title='bbox 385 2200 523 2240; x_wconf 90' lang='lat' dir='ltr'><strong>posse,</strong></span> <span class='ocrx_word' id='word_1_277' title='bbox 554 2186 636 2226; x_wconf 89' lang='lat' dir='ltr'><strong>nisi</strong></span> <span class='ocrx_word' id='word_1_278' title='bbox 662 2200 747 2237; x_wconf 91' lang='lat' dir='ltr'><strong>eos,</strong></span> <span class='ocrx_word' id='word_1_279' title='bbox 779 2185 851 2239; x_wconf 88' lang='lat' dir='ltr'><strong>qui</strong></span> <span class='ocrx_word' id='word_1_280' title='bbox 876 2185 998 2226; x_wconf 86' lang='lat' dir='ltr'><strong>vobis</strong></span> <span class='ocrx_word' id='word_1_281' title='bbox 1022 2185 1181 2227; x_wconf 86' lang='lat' dir='ltr'><strong>fructui</strong></span> <span class='ocrx_word' id='word_1_282' title='bbox 1206 2187 1318 2239; x_wconf 84' lang='lat' dir='ltr'><strong>sunt,</strong></span> <span class='ocrx_word' id='word_1_283' title='bbox 1349 2198 1444 2226; x_wconf 90' lang='lat' dir='ltr'><strong>con-</strong></span> 
     </span>
     <span class='ocr_line' id='line_1_37' title="bbox 115 2242 1444 2297; baseline -0.002 -13"><span class='ocrx_word' id='word_1_284' title='bbox 115 2243 333 2285; x_wconf 87' lang='lat' dir='ltr'><strong>servaritis</strong></span> <span class='ocrx_word' id='word_1_285' title='bbox 379 2258 465 2284; x_wconf 90' lang='lat' dir='ltr'><strong>non</strong></span> <span class='ocrx_word' id='word_1_286' title='bbox 502 2244 659 2297; x_wconf 90' lang='lat' dir='ltr'><strong>solum,</strong></span> <span class='ocrx_word' id='word_1_287' title='bbox 701 2247 750 2285; x_wconf 91' lang='lat' dir='ltr'><strong>ut</strong></span> <span class='ocrx_word' id='word_1_288' title='bbox 793 2246 890 2284; x_wconf 83' lang='lat' dir='ltr'><strong>ante</strong></span> <span class='ocrx_word' id='word_1_289' title='bbox 929 2243 1026 2297; x_wconf 84' lang='lat' dir='ltr'><strong>dixi,</strong></span> <span class='ocrx_word' id='word_1_290' title='bbox 1063 2243 1327 2296; x_wconf 88' lang='lat' dir='ltr'><strong>calamitate,</strong></span> <span class='ocrx_word' id='word_1_291' title='bbox 1372 2242 1444 2283; x_wconf 88' lang='lat' dir='ltr'><strong>sed</strong></span> 
     </span>
     <span class='ocr_line' id='line_1_38' title="bbox 114 2301 1057 2344; baseline 0.001 -1"><span class='ocrx_word' id='word_1_292' title='bbox 114 2301 243 2343; x_wconf 88' lang='lat' dir='ltr'><strong>ctiam</strong></span> <span class='ocrx_word' id='word_1_293' title='bbox 276 2301 535 2344; x_wconf 87' lang='lat' dir='ltr'><strong>calamitatis</strong></span> <span class='ocrx_word' id='word_1_294' title='bbox 559 2302 786 2344; x_wconf 83' lang='lat' dir='ltr'><strong>formidine</strong></span> <span class='ocrx_word' id='word_1_295' title='bbox 819 2302 1057 2344; x_wconf 71' lang='lat' dir='ltr'><strong>liberatos?</strong></span> 
     </span>
    </p>
   </div>
   <div class='ocr_carea' id='block_1_5' title="bbox 1432 298 1500 379">
    <p class='ocr_par' dir='ltr' id='par_1_7' title="bbox 1432 298 1500 379">
     <span class='ocr_line' id='line_1_39' title="bbox 1432 298 1495 337; baseline 0 0"><span class='ocrx_word' id='word_1_296' title='bbox 1432 298 1495 337; x_wconf 84' lang='lat'><strong>·6</strong></span> 
     </span>
     <span class='ocr_line' id='line_1_40' title="bbox 1460 349 1500 379; baseline 0 0"><span class='ocrx_word' id='word_1_297' title='bbox 1460 349 1500 379; x_wconf 82' lang='lat'><strong>14</strong></span> 
     </span>
    </p>
   </div>
   <div class='ocr_carea' id='block_1_6' title="bbox 1472 1140 1511 1172">
    <p class='ocr_par' dir='ltr' id='par_1_8' title="bbox 1472 1140 1511 1172">
     <span class='ocr_line' id='line_1_41' title="bbox 1472 1140 1511 1172; baseline 0.026 -1"><span class='ocrx_word' id='word_1_298' title='bbox 1472 1140 1511 1172; x_wconf 86' lang='lat'><strong>15</strong></span> 
     </span>
    </p>
   </div>
  </div>
 </body>
</html>
