<?xml version="1.0" encoding="UTF-8"?>
<!DOCTYPE html PUBLIC "-//W3C//DTD XHTML 1.0 Transitional//EN"
    "http://www.w3.org/TR/xhtml1/DTD/xhtml1-transitional.dtd">
<html xmlns="http://www.w3.org/1999/xhtml" xml:lang="en" lang="en">
 <head>
  <title>
</title>
<meta http-equiv="Content-Type" content="text/html;charset=utf-8" />
  <meta name='ocr-system' content='tesseract 3.04.00' />
  <meta name='ocr-capabilities' content='ocr_page ocr_carea ocr_par ocr_line ocrx_word'/>
</head>
<body>
  <div class='ocr_page' id='page_1' title='image "./p2scriptaquaemanse02ciceuoft_0266.png"; bbox 0 0 1619 2542; ppageno 0'>
   <div class='ocr_carea' id='block_1_1' title="bbox 95 1061 140 1092">
    <p class='ocr_par' dir='ltr' id='par_1_1' title="bbox 95 1061 140 1092">
     <span class='ocr_line' id='line_1_1' title="bbox 95 1061 140 1092; baseline 0.022 -1"><span class='ocrx_word' id='word_1_1' title='bbox 95 1061 140 1092; x_wconf 83' lang='lat'>38</span> 
     </span>
    </p>
   </div>
   <div class='ocr_carea' id='block_1_2' title="bbox 96 1764 140 1794">
    <p class='ocr_par' dir='ltr' id='par_1_2' title="bbox 96 1764 140 1794">
     <span class='ocr_line' id='line_1_2' title="bbox 96 1764 140 1794; baseline 0 0"><span class='ocrx_word' id='word_1_2' title='bbox 96 1764 140 1794; x_wconf 80' lang='lat'>39</span> 
     </span>
    </p>
   </div>
   <div class='ocr_carea' id='block_1_3' title="bbox 171 74 1163 115">
    <p class='ocr_par' dir='ltr' id='par_1_3' title="bbox 171 74 1163 115">
     <span class='ocr_line' id='line_1_3' title="bbox 171 74 1163 115; baseline -0.006 0"><span class='ocrx_word' id='word_1_3' title='bbox 171 75 256 115; x_wconf 79' lang='grc'>114</span> <span class='ocrx_word' id='word_1_4' title='bbox 514 74 607 109; x_wconf 86' lang='lat' dir='ltr'>PRO</span> <span class='ocrx_word' id='word_1_5' title='bbox 634 75 675 110; x_wconf 92' lang='lat' dir='ltr'>A.</span> <span class='ocrx_word' id='word_1_6' title='bbox 704 74 945 110; x_wconf 84' lang='lat' dir='ltr'>CLUENTIO</span> <span class='ocrx_word' id='word_1_7' title='bbox 974 74 1163 110; x_wconf 83' lang='lat' dir='ltr'>ORATIO.</span> 
     </span>
    </p>
   </div>
   <div class='ocr_carea' id='block_1_4' title="bbox 166 170 1560 2335">
    <p class='ocr_par' dir='ltr' id='par_1_4' title="bbox 166 170 1560 2335">
     <span class='ocr_line' id='line_1_4' title="bbox 166 170 1506 226; baseline 0 -13"><span class='ocrx_word' id='word_1_8' title='bbox 166 171 362 226; x_wconf 86' lang='lat' dir='ltr'>vestigiis</span> <span class='ocrx_word' id='word_1_9' title='bbox 404 170 663 225; x_wconf 79' lang='lat' dir='ltr'>Oppianicus</span> <span class='ocrx_word' id='word_1_10' title='bbox 701 174 952 213; x_wconf 86' lang='lat' dir='ltr'>consecutus</span> <span class='ocrx_word' id='word_1_11' title='bbox 994 173 1070 211; x_wconf 88' lang='lat' dir='ltr'>est.</span> <span class='ocrx_word' id='word_1_12' title='bbox 1130 170 1225 212; x_wconf 86' lang='lat' dir='ltr'>Iam</span> <span class='ocrx_word' id='word_1_13' title='bbox 1261 174 1309 212; x_wconf 90' lang='lat' dir='ltr'>ut</span> <span class='ocrx_word' id='word_1_14' title='bbox 1344 171 1506 213; x_wconf 88' lang='lat' dir='ltr'>Romae</span> 
     </span>
     <span class='ocr_line' id='line_1_5' title="bbox 166 230 1505 285; baseline 0.001 -15"><span class='ocrx_word' id='word_1_15' title='bbox 166 231 372 284; x_wconf 73' lang='lat' dir='ltr'>vixerint,</span> <span class='ocrx_word' id='word_1_16' title='bbox 404 231 558 284; x_wconf 89' lang='lat' dir='ltr'>quibus</span> <span class='ocrx_word' id='word_1_17' title='bbox 590 230 816 282; x_wconf 84' lang='lat' dir='ltr'>conviviis,</span> <span class='ocrx_word' id='word_1_18' title='bbox 849 230 1004 283; x_wconf 88' lang='lat' dir='ltr'>quibus</span> <span class='ocrx_word' id='word_1_19' title='bbox 1035 230 1225 285; x_wconf 87' lang='lat' dir='ltr'>flagitiis,</span> <span class='ocrx_word' id='word_1_20' title='bbox 1257 230 1429 284; x_wconf 89' lang='lat' dir='ltr'>quantis</span> <span class='ocrx_word' id='word_1_21' title='bbox 1463 233 1505 271; x_wconf 93' lang='lat' dir='ltr'>et</span> 
     </span>
     <span class='ocr_line' id='line_1_6' title="bbox 167 288 1506 343; baseline -0.001 -13"><span class='ocrx_word' id='word_1_22' title='bbox 167 304 295 343; x_wconf 91' lang='lat' dir='ltr'>quam</span> <span class='ocrx_word' id='word_1_23' title='bbox 321 288 506 342; x_wconf 86' lang='lat' dir='ltr'>profusis</span> <span class='ocrx_word' id='word_1_24' title='bbox 534 288 777 342; x_wconf 72' lang='lat' dir='ltr'><strong>sumptibus</strong></span> <span class='ocrx_word' id='word_1_25' title='bbox 804 303 891 329; x_wconf 91' lang='lat' dir='ltr'>non</span> <span class='ocrx_word' id='word_1_26' title='bbox 916 288 1042 329; x_wconf 90' lang='lat' dir='ltr'>modo</span> <span class='ocrx_word' id='word_1_27' title='bbox 1069 289 1252 342; x_wconf 90' lang='lat' dir='ltr'>conscio,</span> <span class='ocrx_word' id='word_1_28' title='bbox 1278 289 1351 330; x_wconf 88' lang='lat' dir='ltr'>sed</span> <span class='ocrx_word' id='word_1_29' title='bbox 1376 289 1506 330; x_wconf 90' lang='lat' dir='ltr'>etiam</span> 
     </span>
     <span class='ocr_line' id='line_1_7' title="bbox 168 345 1504 402; baseline 0 -13"><span class='ocrx_word' id='word_1_30' title='bbox 168 348 347 389; x_wconf 88' lang='lat' dir='ltr'>conviva</span> <span class='ocrx_word' id='word_1_31' title='bbox 397 350 440 388; x_wconf 91' lang='lat' dir='ltr'>et</span> <span class='ocrx_word' id='word_1_32' title='bbox 492 347 685 388; x_wconf 88' lang='lat' dir='ltr'>adiutore</span> <span class='ocrx_word' id='word_1_33' title='bbox 730 345 983 402; x_wconf 78' lang='lat' dir='ltr'>Oppianico,</span> <span class='ocrx_word' id='word_1_34' title='bbox 1038 347 1215 402; x_wconf 87' lang='lat' dir='ltr'>longum</span> <span class='ocrx_word' id='word_1_35' title='bbox 1259 350 1324 388; x_wconf 91' lang='lat' dir='ltr'>est</span> <span class='ocrx_word' id='word_1_36' title='bbox 1368 347 1504 389; x_wconf 85' lang='lat' dir='ltr'>dicere</span> 
     </span>
     <span class='ocr_line' id='line_1_8' title="bbox 167 405 1541 460; baseline -0.002 -13"><span class='ocrx_word' id='word_1_37' title='bbox 167 406 290 456; x_wconf 87' lang='lat' dir='ltr'>mihi,</span> <span class='ocrx_word' id='word_1_38' title='bbox 328 405 583 459; x_wconf 82' lang='lat' dir='ltr'>praesertim</span> <span class='ocrx_word' id='word_1_39' title='bbox 629 406 681 446; x_wconf 90' lang='lat' dir='ltr'>ad</span> <span class='ocrx_word' id='word_1_40' title='bbox 727 406 810 447; x_wconf 87' lang='lat' dir='ltr'>alia</span> <span class='ocrx_word' id='word_1_41' title='bbox 853 406 1120 460; x_wconf 82' lang='lat' dir='ltr'>properanti3</span> <span class='ocrx_word' id='word_1_42' title='bbox 1166 406 1328 447; x_wconf 77' lang='lat' dir='ltr'>exitum</span> <span class='ocrx_word' id='word_1_43' title='bbox 1378 406 1541 447; x_wconf 79' lang='lat' dir='ltr'>huiuS5</span> 
     </span>
     <span class='ocr_line' id='line_1_9' title="bbox 168 463 1504 518; baseline 0 -12"><span class='ocrx_word' id='word_1_44' title='bbox 168 465 445 506; x_wconf 74' lang='lat' dir='ltr'>assimulatae</span> <span class='ocrx_word' id='word_1_45' title='bbox 486 464 796 505; x_wconf 69' lang='lat' dir='ltr'>familiaritatis</span> <span class='ocrx_word' id='word_1_46' title='bbox 828 464 1084 518; x_wconf 74' lang='lat' dir='ltr'>cognoscite.</span> <span class='ocrx_word' id='word_1_47' title='bbox 1129 463 1236 506; x_wconf 81' lang='lat' dir='ltr'>Cum</span> <span class='ocrx_word' id='word_1_48' title='bbox 1269 467 1379 506; x_wconf 87' lang='lat' dir='ltr'>esset</span> <span class='ocrx_word' id='word_1_49' title='bbox 1405 465 1504 506; x_wconf 88' lang='lat' dir='ltr'>adu-</span> 
     </span>
     <span class='ocr_line' id='line_1_10' title="bbox 168 523 1505 578; baseline 0 -14"><span class='ocrx_word' id='word_1_50' title='bbox 168 524 333 565; x_wconf 82' lang='lat' dir='ltr'>lescens</span> <span class='ocrx_word' id='word_1_51' title='bbox 378 523 489 577; x_wconf 89' lang='lat' dir='ltr'>apud</span> <span class='ocrx_word' id='word_1_52' title='bbox 528 523 821 564; x_wconf 80' lang='lat' dir='ltr'>mulierculam</span> <span class='ocrx_word' id='word_1_53' title='bbox 859 523 1073 578; x_wconf 89' lang='lat' dir='ltr'>quandam</span> <span class='ocrx_word' id='word_1_54' title='bbox 1111 527 1257 578; x_wconf 86' lang='lat' dir='ltr'>atque,</span> <span class='ocrx_word' id='word_1_55' title='bbox 1299 523 1374 564; x_wconf 93' lang='lat' dir='ltr'>ubi</span> <span class='ocrx_word' id='word_1_56' title='bbox 1413 538 1505 578; x_wconf 89' lang='lat' dir='ltr'>per-</span> 
     </span>
     <span class='ocr_line' id='line_1_11' title="bbox 166 581 1505 636; baseline 0 -13"><span class='ocrx_word' id='word_1_57' title='bbox 166 584 383 635; x_wconf 78' lang='lat' dir='ltr'>noctarat,</span> <span class='ocrx_word' id='word_1_58' title='bbox 421 581 482 622; x_wconf 90' lang='lat' dir='ltr'>ibi</span> <span class='ocrx_word' id='word_1_59' title='bbox 521 581 633 622; x_wconf 87' lang='lat' dir='ltr'>diem</span> <span class='ocrx_word' id='word_1_60' title='bbox 664 584 883 636; x_wconf 88' lang='lat' dir='ltr'>posterum</span> <span class='ocrx_word' id='word_1_61' title='bbox 915 585 1267 635; x_wconf 73' lang='lat' dir='ltr'>commoraretur,</span> <span class='ocrx_word' id='word_1_62' title='bbox 1305 582 1505 634; x_wconf 71' lang='lat' dir='ltr'>Avillius,</span> 
     </span>
     <span class='ocr_line' id='line_1_12' title="bbox 168 641 1504 696; baseline 0 -14"><span class='ocrx_word' id='word_1_63' title='bbox 168 644 216 682; x_wconf 86' lang='lat' dir='ltr'>ut</span> <span class='ocrx_word' id='word_1_64' title='bbox 263 644 355 681; x_wconf 88' lang='lat' dir='ltr'>erat</span> <span class='ocrx_word' id='word_1_65' title='bbox 394 641 694 694; x_wconf 89' lang='lat' dir='ltr'>constitutum,</span> <span class='ocrx_word' id='word_1_66' title='bbox 739 641 913 681; x_wconf 90' lang='lat' dir='ltr'>simulat</span> <span class='ocrx_word' id='word_1_67' title='bbox 952 655 995 681; x_wconf 89' lang='lat' dir='ltr'>se</span> <span class='ocrx_word' id='word_1_68' title='bbox 1034 644 1258 696; x_wconf 74' lang='lat' dir='ltr'>aegrotare</span> <span class='ocrx_word' id='word_1_69' title='bbox 1297 643 1339 682; x_wconf 93' lang='lat' dir='ltr'>et</span> <span class='ocrx_word' id='word_1_70' title='bbox 1375 643 1504 682; x_wconf 87' lang='lat' dir='ltr'>testa·</span> 
     </span>
     <span class='ocr_line' id='line_1_13' title="bbox 169 698 1560 754; baseline -0.001 -15"><span class='ocrx_word' id='word_1_71' title='bbox 169 702 362 740; x_wconf 87' lang='lat' dir='ltr'>mentum</span> <span class='ocrx_word' id='word_1_72' title='bbox 389 699 526 740; x_wconf 85' lang='lat' dir='ltr'>facere</span> <span class='ocrx_word' id='word_1_73' title='bbox 554 699 673 740; x_wconf 83' lang='lat' dir='ltr'>velle.</span> <span class='ocrx_word' id='word_1_74' title='bbox 719 698 977 754; x_wconf 87' lang='lat' dir='ltr'>Oppianicus</span> <span class='ocrx_word' id='word_1_75' title='bbox 1004 700 1304 754; x_wconf 70' lang='lat' dir='ltr'>obsignatores</span> <span class='ocrx_word' id='word_1_76' title='bbox 1325 700 1378 741; x_wconf 88' lang='lat' dir='ltr'>ad</span> <span class='ocrx_word' id='word_1_77' title='bbox 1398 715 1505 751; x_wconf 87' lang='lat' dir='ltr'>eum,</span> <span class='ocrx_word' id='word_1_78' title='bbox 1526 712 1560 737; x_wconf 79' lang='grc' dir='ltr'>ιο</span> 
     </span>
     <span class='ocr_line' id='line_1_14' title="bbox 169 757 1505 812; baseline 0 -13"><span class='ocrx_word' id='word_1_79' title='bbox 169 759 242 812; x_wconf 89' lang='lat' dir='ltr'>qui</span> <span class='ocrx_word' id='word_1_80' title='bbox 279 772 416 812; x_wconf 90' lang='lat' dir='ltr'>neque</span> <span class='ocrx_word' id='word_1_81' title='bbox 449 757 659 798; x_wconf 85' lang='lat' dir='ltr'>Asuvium</span> <span class='ocrx_word' id='word_1_82' title='bbox 689 772 827 812; x_wconf 89' lang='lat' dir='ltr'>neque</span> <span class='ocrx_word' id='word_1_83' title='bbox 858 757 1067 799; x_wconf 82' lang='lat' dir='ltr'>Avillium</span> <span class='ocrx_word' id='word_1_84' title='bbox 1100 761 1296 807; x_wconf 86' lang='lat' dir='ltr'>nossent,</span> <span class='ocrx_word' id='word_1_85' title='bbox 1333 758 1505 800; x_wconf 86' lang='lat' dir='ltr'>adducit</span> 
     </span>
     <span class='ocr_line' id='line_1_15' title="bbox 170 816 1505 871; baseline 0 -13"><span class='ocrx_word' id='word_1_86' title='bbox 170 820 213 858; x_wconf 90' lang='lat' dir='ltr'>et</span> <span class='ocrx_word' id='word_1_87' title='bbox 257 817 378 858; x_wconf 90' lang='lat' dir='ltr'>illum</span> <span class='ocrx_word' id='word_1_88' title='bbox 422 816 632 857; x_wconf 77' lang='lat' dir='ltr'>Asuvium</span> <span class='ocrx_word' id='word_1_89' title='bbox 677 817 869 871; x_wconf 89' lang='lat' dir='ltr'>appellat</span> <span class='ocrx_word' id='word_1_90' title='bbox 911 816 1019 871; x_wconf 76' lang='lat' dir='ltr'>ipse3</span> <span class='ocrx_word' id='word_1_91' title='bbox 1063 819 1324 858; x_wconf 86' lang='lat' dir='ltr'>testamento</span> <span class='ocrx_word' id='word_1_92' title='bbox 1369 816 1505 858; x_wconf 89' lang='lat' dir='ltr'>Asuvi</span> 
     </span>
     <span class='ocr_line' id='line_1_16' title="bbox 166 875 1505 930; baseline 0.001 -14"><span class='ocrx_word' id='word_1_93' title='bbox 166 877 338 917; x_wconf 89' lang='lat' dir='ltr'>nomine</span> <span class='ocrx_word' id='word_1_94' title='bbox 389 875 618 930; x_wconf 87' lang='lat' dir='ltr'>obsignato</span> <span class='ocrx_word' id='word_1_95' title='bbox 670 875 908 916; x_wconf 72' lang='lat' dir='ltr'>disceditur.</span> <span class='ocrx_word' id='word_1_96' title='bbox 980 875 1166 916; x_wconf 87' lang='lat' dir='ltr'>Avillius</span> <span class='ocrx_word' id='word_1_97' title='bbox 1209 876 1308 917; x_wconf 92' lang='lat' dir='ltr'>ilico</span> <span class='ocrx_word' id='word_1_98' title='bbox 1354 891 1505 917; x_wconf 84' lang='lat' dir='ltr'>conva-</span> 
     </span>
     <span class='ocr_line' id='line_1_17' title="bbox 167 934 1503 989; baseline 0 -14"><span class='ocrx_word' id='word_1_99' title='bbox 167 935 307 987; x_wconf 68' lang='lat' dir='ltr'>lescit,</span> <span class='ocrx_word' id='word_1_100' title='bbox 352 934 540 975; x_wconf 77' lang='lat' dir='ltr'>Asuvius</span> <span class='ocrx_word' id='word_1_101' title='bbox 585 936 728 975; x_wconf 90' lang='lat' dir='ltr'>autem</span> <span class='ocrx_word' id='word_1_102' title='bbox 771 934 891 975; x_wconf 86' lang='lat' dir='ltr'>brevi</span> <span class='ocrx_word' id='word_1_103' title='bbox 928 934 1005 975; x_wconf 87' lang='lat' dir='ltr'>illo</span> <span class='ocrx_word' id='word_1_104' title='bbox 1044 936 1253 989; x_wconf 89' lang='lat' dir='ltr'>tempore,</span> <span class='ocrx_word' id='word_1_105' title='bbox 1299 934 1420 988; x_wconf 82' lang='lat' dir='ltr'>quasi</span> <span class='ocrx_word' id='word_1_106' title='bbox 1461 935 1503 975; x_wconf 89' lang='lat' dir='ltr'>in</span> 
     </span>
     <span class='ocr_line' id='line_1_18' title="bbox 167 992 1558 1047; baseline 0.001 -14"><span class='ocrx_word' id='word_1_107' title='bbox 167 993 364 1034; x_wconf 88' lang='lat' dir='ltr'>hortulos</span> <span class='ocrx_word' id='word_1_108' title='bbox 391 994 484 1045; x_wconf 85' lang='lat' dir='ltr'>iret,</span> <span class='ocrx_word' id='word_1_109' title='bbox 510 992 553 1033; x_wconf 91' lang='lat' dir='ltr'>in</span> <span class='ocrx_word' id='word_1_110' title='bbox 578 992 828 1033; x_wconf 82' lang='lat' dir='ltr'>harenarias</span> <span class='ocrx_word' id='word_1_111' title='bbox 856 993 1061 1046; x_wconf 86' lang='lat' dir='ltr'>quasdam</span> <span class='ocrx_word' id='word_1_112' title='bbox 1088 997 1208 1034; x_wconf 82' lang='lat' dir='ltr'>extra</span> <span class='ocrx_word' id='word_1_113' title='bbox 1233 995 1403 1047; x_wconf 87' lang='lat' dir='ltr'>portam</span> <span class='ocrx_word' id='word_1_114' title='bbox 1427 993 1503 1034; x_wconf 88' lang='lat' dir='ltr'>Es·</span> <span class='ocrx_word' id='word_1_115' title='bbox 1526 1004 1558 1030; x_wconf 86' lang='lat'>1⁵</span> 
     </span>
     <span class='ocr_line' id='line_1_19' title="bbox 168 1050 1505 1106; baseline 0 -14"><span class='ocrx_word' id='word_1_116' title='bbox 168 1052 374 1106; x_wconf 84' lang='lat' dir='ltr'>quilinam</span> <span class='ocrx_word' id='word_1_117' title='bbox 412 1051 640 1105; x_wconf 87' lang='lat' dir='ltr'>perductus</span> <span class='ocrx_word' id='word_1_118' title='bbox 673 1051 889 1092; x_wconf 88' lang='lat' dir='ltr'>occiditur.</span> <span class='ocrx_word' id='word_1_119' title='bbox 939 1050 1020 1100; x_wconf 83' lang='lat' dir='ltr'>Qui</span> <span class='ocrx_word' id='word_1_120' title='bbox 1051 1066 1146 1093; x_wconf 89' lang='lat' dir='ltr'>cum</span> <span class='ocrx_word' id='word_1_121' title='bbox 1178 1066 1312 1092; x_wconf 89' lang='lat' dir='ltr'>unum</span> <span class='ocrx_word' id='word_1_122' title='bbox 1343 1052 1430 1092; x_wconf 88' lang='lat' dir='ltr'>iam</span> <span class='ocrx_word' id='word_1_123' title='bbox 1462 1055 1505 1093; x_wconf 83' lang='lat' dir='ltr'>et</span> 
     </span>
     <span class='ocr_line' id='line_1_20' title="bbox 167 1109 1504 1164; baseline 0 -13"><span class='ocrx_word' id='word_1_124' title='bbox 167 1111 351 1151; x_wconf 89' lang='lat' dir='ltr'>alterum</span> <span class='ocrx_word' id='word_1_125' title='bbox 383 1110 493 1150; x_wconf 89' lang='lat' dir='ltr'>diem</span> <span class='ocrx_word' id='word_1_126' title='bbox 527 1109 839 1150; x_wconf 83' lang='lat' dir='ltr'>desideraretur</span> <span class='ocrx_word' id='word_1_127' title='bbox 870 1124 1004 1164; x_wconf 91' lang='lat' dir='ltr'>neque</span> <span class='ocrx_word' id='word_1_128' title='bbox 1035 1110 1080 1150; x_wconf 82' lang='lat' dir='ltr'>&#39;m</span> <span class='ocrx_word' id='word_1_129' title='bbox 1109 1110 1162 1151; x_wconf 88' lang='lat' dir='ltr'>iis</span> <span class='ocrx_word' id='word_1_130' title='bbox 1195 1110 1317 1163; x_wconf 88' lang='lat' dir='ltr'>locis,</span> <span class='ocrx_word' id='word_1_131' title='bbox 1348 1110 1422 1151; x_wconf 91' lang='lat' dir='ltr'>ubi</span> <span class='ocrx_word' id='word_1_132' title='bbox 1454 1125 1504 1151; x_wconf 70' lang='lat' dir='ltr'>ex</span> 
     </span>
     <span class='ocr_line' id='line_1_21' title="bbox 167 1168 1505 1223; baseline -0.001 -13"><span class='ocrx_word' id='word_1_133' title='bbox 167 1169 472 1210; x_wconf 88' lang='lat' dir='ltr'>consuetudine</span> <span class='ocrx_word' id='word_1_134' title='bbox 499 1168 793 1222; x_wconf 80' lang='lat' dir='ltr'>quaerebatur,</span> <span class='ocrx_word' id='word_1_135' title='bbox 817 1168 1092 1222; x_wconf 83' lang='lat' dir='ltr'>inveniretur,</span> <span class='ocrx_word' id='word_1_136' title='bbox 1118 1171 1160 1209; x_wconf 89' lang='lat' dir='ltr'>et</span> <span class='ocrx_word' id='word_1_137' title='bbox 1180 1168 1439 1223; x_wconf 87' lang='lat' dir='ltr'>Oppianicus</span> <span class='ocrx_word' id='word_1_138' title='bbox 1459 1170 1505 1209; x_wconf 92' lang='lat' dir='ltr'>in</span> 
     </span>
     <span class='ocr_line' id='line_1_22' title="bbox 166 1226 1502 1280; baseline 0 -12"><span class='ocrx_word' id='word_1_139' title='bbox 166 1227 260 1269; x_wconf 85' lang='lat' dir='ltr'>foro</span> <span class='ocrx_word' id='word_1_140' title='bbox 301 1227 568 1268; x_wconf 86' lang='lat' dir='ltr'>Larinatium</span> <span class='ocrx_word' id='word_1_141' title='bbox 613 1226 827 1268; x_wconf 85' lang='lat' dir='ltr'>dictitaret</span> <span class='ocrx_word' id='word_1_142' title='bbox 867 1241 1002 1280; x_wconf 85' lang='lat' dir='ltr'>nuper</span> <span class='ocrx_word' id='word_1_143' title='bbox 1042 1241 1087 1268; x_wconf 90' lang='lat' dir='ltr'>se</span> <span class='ocrx_word' id='word_1_144' title='bbox 1125 1229 1168 1268; x_wconf 91' lang='lat' dir='ltr'>et</span> <span class='ocrx_word' id='word_1_145' title='bbox 1204 1241 1304 1268; x_wconf 88' lang='lat' dir='ltr'>suos</span> <span class='ocrx_word' id='word_1_146' title='bbox 1343 1227 1502 1269; x_wconf 90' lang='lat' dir='ltr'>amicos</span> 
     </span>
     <span class='ocr_line' id='line_1_23' title="bbox 166 1285 1558 1340; baseline -0.004 -13"><span class='ocrx_word' id='word_1_147' title='bbox 166 1288 472 1327; x_wconf 85' lang='lat' dir='ltr'>testamentum</span> <span class='ocrx_word' id='word_1_148' title='bbox 517 1286 606 1326; x_wconf 89' lang='lat' dir='ltr'>eius</span> <span class='ocrx_word' id='word_1_149' title='bbox 651 1286 920 1340; x_wconf 82' lang='lat' dir='ltr'>obsignasse,</span> <span class='ocrx_word' id='word_1_150' title='bbox 964 1285 1110 1326; x_wconf 87' lang='lat' dir='ltr'>liberti</span> <span class='ocrx_word' id='word_1_151' title='bbox 1153 1285 1290 1327; x_wconf 88' lang='lat' dir='ltr'>Asuvi</span> <span class='ocrx_word' id='word_1_152' title='bbox 1336 1288 1378 1327; x_wconf 88' lang='lat' dir='ltr'>et</span> <span class='ocrx_word' id='word_1_153' title='bbox 1417 1300 1501 1327; x_wconf 90' lang='lat' dir='ltr'>non</span> <span class='ocrx_word' id='word_1_154' title='bbox 1523 1299 1558 1323; x_wconf 78' lang='lat'>20</span> 
     </span>
     <span class='ocr_line' id='line_1_24' title="bbox 166 1343 1502 1398; baseline 0 -13"><span class='ocrx_word' id='word_1_155' title='bbox 166 1345 275 1385; x_wconf 91' lang='lat' dir='ltr'>nulli</span> <span class='ocrx_word' id='word_1_156' title='bbox 320 1344 461 1395; x_wconf 87' lang='lat' dir='ltr'>amici,</span> <span class='ocrx_word' id='word_1_157' title='bbox 506 1343 618 1398; x_wconf 85' lang='lat' dir='ltr'>quod</span> <span class='ocrx_word' id='word_1_158' title='bbox 667 1358 715 1385; x_wconf 89' lang='lat' dir='ltr'>eo</span> <span class='ocrx_word' id='word_1_159' title='bbox 757 1344 841 1396; x_wconf 87' lang='lat' dir='ltr'>die,</span> <span class='ocrx_word' id='word_1_160' title='bbox 885 1358 967 1397; x_wconf 91' lang='lat' dir='ltr'>quo</span> <span class='ocrx_word' id='word_1_161' title='bbox 1009 1346 1272 1398; x_wconf 84' lang='lat' dir='ltr'>postremum</span> <span class='ocrx_word' id='word_1_162' title='bbox 1314 1344 1502 1386; x_wconf 79' lang='lat' dir='ltr'>Asuvius</span> 
     </span>
     <span class='ocr_line' id='line_1_25' title="bbox 167 1402 1502 1456; baseline 0 -12"><span class='ocrx_word' id='word_1_163' title='bbox 167 1404 282 1445; x_wconf 81' lang='lat' dir='ltr'>visus</span> <span class='ocrx_word' id='word_1_164' title='bbox 316 1406 420 1456; x_wconf 89' lang='lat' dir='ltr'>erat,</span> <span class='ocrx_word' id='word_1_165' title='bbox 452 1402 661 1443; x_wconf 87' lang='lat' dir='ltr'>Avillium</span> <span class='ocrx_word' id='word_1_166' title='bbox 693 1417 788 1444; x_wconf 90' lang='lat' dir='ltr'>cum</span> <span class='ocrx_word' id='word_1_167' title='bbox 820 1417 868 1444; x_wconf 84' lang='lat' dir='ltr'>eo</span> <span class='ocrx_word' id='word_1_168' title='bbox 900 1402 1031 1443; x_wconf 84' lang='lat' dir='ltr'>fuisse</span> <span class='ocrx_word' id='word_1_169' title='bbox 1065 1405 1107 1443; x_wconf 91' lang='lat' dir='ltr'>et</span> <span class='ocrx_word' id='word_1_170' title='bbox 1139 1418 1163 1443; x_wconf 86' lang='lat' dir='ltr'>a</span> <span class='ocrx_word' id='word_1_171' title='bbox 1189 1403 1337 1444; x_wconf 87' lang='lat' dir='ltr'>multis</span> <span class='ocrx_word' id='word_1_172' title='bbox 1363 1403 1502 1444; x_wconf 83' lang='lat' dir='ltr'>visum</span> 
     </span>
     <span class='ocr_line' id='line_1_26' title="bbox 169 1461 1502 1513; baseline -0.001 -10"><span class='ocrx_word' id='word_1_173' title='bbox 169 1477 259 1503; x_wconf 85' lang='lat' dir='ltr'>esse</span> <span class='ocrx_word' id='word_1_174' title='bbox 305 1461 550 1513; x_wconf 85' lang='lat' dir='ltr'>constabat,</span> <span class='ocrx_word' id='word_1_175' title='bbox 593 1461 638 1502; x_wconf 88' lang='lat' dir='ltr'>in</span> <span class='ocrx_word' id='word_1_176' title='bbox 682 1476 777 1502; x_wconf 88' lang='lat' dir='ltr'>eum</span> <span class='ocrx_word' id='word_1_177' title='bbox 820 1461 1026 1502; x_wconf 87' lang='lat' dir='ltr'>invadunt</span> <span class='ocrx_word' id='word_1_178' title='bbox 1070 1463 1112 1502; x_wconf 90' lang='lat' dir='ltr'>et</span> <span class='ocrx_word' id='word_1_179' title='bbox 1149 1461 1366 1502; x_wconf 88' lang='lat' dir='ltr'>hominem</span> <span class='ocrx_word' id='word_1_180' title='bbox 1405 1465 1502 1503; x_wconf 88' lang='lat' dir='ltr'>ante</span> 
     </span>
     <span class='ocr_line' id='line_1_27' title="bbox 166 1519 1501 1575; baseline 0.001 -14"><span class='ocrx_word' id='word_1_181' title='bbox 166 1521 295 1575; x_wconf 89' lang='lat' dir='ltr'>pedes</span> <span class='ocrx_word' id='word_1_182' title='bbox 329 1519 375 1568; x_wconf 78' lang='lat' dir='ltr'>Q.</span> <span class='ocrx_word' id='word_1_183' title='bbox 407 1519 559 1573; x_wconf 87' lang='lat' dir='ltr'>Manli,</span> <span class='ocrx_word' id='word_1_184' title='bbox 597 1520 669 1574; x_wconf 89' lang='lat' dir='ltr'>qui</span> <span class='ocrx_word' id='word_1_185' title='bbox 706 1522 798 1561; x_wconf 87' lang='lat' dir='ltr'>tum</span> <span class='ocrx_word' id='word_1_186' title='bbox 838 1522 931 1560; x_wconf 89' lang='lat' dir='ltr'>erat</span> <span class='ocrx_word' id='word_1_187' title='bbox 962 1520 1179 1573; x_wconf 88' lang='lat' dir='ltr'>triumvir,</span> <span class='ocrx_word' id='word_1_188' title='bbox 1217 1520 1501 1574; x_wconf 81' lang='lat' dir='ltr'>constituunt3</span> 
     </span>
     <span class='ocr_line' id='line_1_28' title="bbox 168 1579 1555 1633; baseline -0.003 -13"><span class='ocrx_word' id='word_1_189' title='bbox 168 1583 294 1633; x_wconf 88' lang='lat' dir='ltr'>atque</span> <span class='ocrx_word' id='word_1_190' title='bbox 332 1579 406 1619; x_wconf 89' lang='lat' dir='ltr'>ille</span> <span class='ocrx_word' id='word_1_191' title='bbox 447 1580 647 1620; x_wconf 87' lang='lat' dir='ltr'>continuo</span> <span class='ocrx_word' id='word_1_192' title='bbox 686 1579 806 1619; x_wconf 91' lang='lat' dir='ltr'>nullo</span> <span class='ocrx_word' id='word_1_193' title='bbox 839 1581 967 1632; x_wconf 89' lang='lat' dir='ltr'>teste,</span> <span class='ocrx_word' id='word_1_194' title='bbox 1003 1579 1121 1620; x_wconf 92' lang='lat' dir='ltr'>nullo</span> <span class='ocrx_word' id='word_1_195' title='bbox 1153 1579 1289 1620; x_wconf 88' lang='lat' dir='ltr'>indice</span> <span class='ocrx_word' id='word_1_196' title='bbox 1320 1579 1502 1620; x_wconf 85' lang='lat' dir='ltr'>recentis</span> <span class='ocrx_word' id='word_1_197' title='bbox 1522 1591 1555 1616; x_wconf 75' lang='lat'>25</span> 
     </span>
     <span class='ocr_line' id='line_1_29' title="bbox 168 1637 1502 1692; baseline 0 -14"><span class='ocrx_word' id='word_1_198' title='bbox 168 1638 365 1679; x_wconf 83' lang='lat' dir='ltr'>maleficii</span> <span class='ocrx_word' id='word_1_199' title='bbox 398 1638 658 1679; x_wconf 86' lang='lat' dir='ltr'>conscientia</span> <span class='ocrx_word' id='word_1_200' title='bbox 689 1637 939 1691; x_wconf 88' lang='lat' dir='ltr'>perterritus</span> <span class='ocrx_word' id='word_1_201' title='bbox 966 1637 1120 1690; x_wconf 89' lang='lat' dir='ltr'>omnia,</span> <span class='ocrx_word' id='word_1_202' title='bbox 1151 1640 1199 1679; x_wconf 92' lang='lat' dir='ltr'>ut</span> <span class='ocrx_word' id='word_1_203' title='bbox 1230 1652 1255 1678; x_wconf 87' lang='lat' dir='ltr'>a</span> <span class='ocrx_word' id='word_1_204' title='bbox 1281 1652 1347 1678; x_wconf 91' lang='lat' dir='ltr'>me</span> <span class='ocrx_word' id='word_1_205' title='bbox 1372 1638 1502 1692; x_wconf 89' lang='lat' dir='ltr'>paulo</span> 
     </span>
     <span class='ocr_line' id='line_1_30' title="bbox 169 1695 1500 1750; baseline 0 -14"><span class='ocrx_word' id='word_1_206' title='bbox 169 1700 266 1737; x_wconf 85' lang='lat' dir='ltr'>ante</span> <span class='ocrx_word' id='word_1_207' title='bbox 305 1696 418 1737; x_wconf 88' lang='lat' dir='ltr'>dicta</span> <span class='ocrx_word' id='word_1_208' title='bbox 457 1699 573 1749; x_wconf 83' lang='lat' dir='ltr'>sunt,</span> <span class='ocrx_word' id='word_1_209' title='bbox 612 1697 787 1750; x_wconf 77' lang='lat' dir='ltr'>exponit</span> <span class='ocrx_word' id='word_1_210' title='bbox 820 1695 1111 1749; x_wconf 82' lang='lat' dir='ltr'>Asuviumque</span> <span class='ocrx_word' id='word_1_211' title='bbox 1144 1711 1169 1737; x_wconf 87' lang='lat' dir='ltr'>a</span> <span class='ocrx_word' id='word_1_212' title='bbox 1201 1710 1292 1737; x_wconf 89' lang='lat' dir='ltr'>sese</span> <span class='ocrx_word' id='word_1_213' title='bbox 1324 1696 1500 1737; x_wconf 91' lang='lat' dir='ltr'>consilio</span> 
     </span>
     <span class='ocr_line' id='line_1_31' title="bbox 169 1754 1502 1809; baseline 0 -14"><span class='ocrx_word' id='word_1_214' title='bbox 169 1754 394 1809; x_wconf 87' lang='lat' dir='ltr'>Oppianici</span> <span class='ocrx_word' id='word_1_215' title='bbox 426 1754 698 1795; x_wconf 85' lang='lat' dir='ltr'>interfectum</span> <span class='ocrx_word' id='word_1_216' title='bbox 730 1754 902 1795; x_wconf 81' lang='lat' dir='ltr'>fatetur.</span> <span class='ocrx_word' id='word_1_217' title='bbox 962 1754 1219 1795; x_wconf 77' lang='lat' dir='ltr'>Extrahitur</span> <span class='ocrx_word' id='word_1_218' title='bbox 1250 1755 1375 1795; x_wconf 89' lang='lat' dir='ltr'>domo</span> <span class='ocrx_word' id='word_1_219' title='bbox 1407 1754 1502 1795; x_wconf 86' lang='lat' dir='ltr'>lati-</span> 
     </span>
     <span class='ocr_line' id='line_1_32' title="bbox 167 1812 1501 1866; baseline 0 -13"><span class='ocrx_word' id='word_1_220' title='bbox 167 1815 264 1854; x_wconf 86' lang='lat' dir='ltr'>tans</span> <span class='ocrx_word' id='word_1_221' title='bbox 304 1812 564 1866; x_wconf 70' lang='lat' dir='ltr'>Oppianicus</span> <span class='ocrx_word' id='word_1_222' title='bbox 602 1828 626 1854; x_wconf 85' lang='lat' dir='ltr'>a</span> <span class='ocrx_word' id='word_1_223' title='bbox 664 1813 844 1866; x_wconf 79' lang='lat' dir='ltr'>Manlio3</span> <span class='ocrx_word' id='word_1_224' title='bbox 888 1813 1015 1854; x_wconf 84' lang='lat' dir='ltr'>index</span> <span class='ocrx_word' id='word_1_225' title='bbox 1053 1812 1238 1854; x_wconf 85' lang='lat' dir='ltr'>Avillius</span> <span class='ocrx_word' id='word_1_226' title='bbox 1277 1827 1327 1853; x_wconf 84' lang='lat' dir='ltr'>ex</span> <span class='ocrx_word' id='word_1_227' title='bbox 1364 1813 1501 1853; x_wconf 83' lang='lat' dir='ltr'>altera</span> 
     </span>
     <span class='ocr_line' id='line_1_33' title="bbox 167 1871 1554 1926; baseline 0.001 -15"><span class='ocrx_word' id='word_1_228' title='bbox 167 1874 289 1926; x_wconf 87' lang='lat' dir='ltr'>parte</span> <span class='ocrx_word' id='word_1_229' title='bbox 322 1886 465 1911; x_wconf 91' lang='lat' dir='ltr'>coram</span> <span class='ocrx_word' id='word_1_230' title='bbox 497 1874 676 1912; x_wconf 86' lang='lat' dir='ltr'>tenetur.</span> <span class='ocrx_word' id='word_1_231' title='bbox 720 1871 802 1912; x_wconf 87' lang='lat' dir='ltr'>Hic</span> <span class='ocrx_word' id='word_1_232' title='bbox 834 1871 934 1926; x_wconf 90' lang='lat' dir='ltr'>quid</span> <span class='ocrx_word' id='word_1_233' title='bbox 965 1871 1050 1912; x_wconf 89' lang='lat' dir='ltr'>iam</span> <span class='ocrx_word' id='word_1_234' title='bbox 1076 1871 1239 1924; x_wconf 88' lang='lat' dir='ltr'>reliqua</span> <span class='ocrx_word' id='word_1_235' title='bbox 1265 1871 1499 1925; x_wconf 77' lang='lat' dir='ltr'>quaeritis‘.&gt;</span> <span class='ocrx_word' id='word_1_236' title='bbox 1519 1883 1554 1908; x_wconf 80' lang='lat'>30</span> 
     </span>
     <span class='ocr_line' id='line_1_34' title="bbox 168 1929 1500 1984; baseline 0.001 -14"><span class='ocrx_word' id='word_1_237' title='bbox 168 1929 376 1971; x_wconf 83' lang='lat' dir='ltr'>Manlium</span> <span class='ocrx_word' id='word_1_238' title='bbox 405 1929 597 1983; x_wconf 88' lang='lat' dir='ltr'>plerique</span> <span class='ocrx_word' id='word_1_239' title='bbox 622 1930 803 1984; x_wconf 79' lang='lat' dir='ltr'>noratis3</span> <span class='ocrx_word' id='word_1_240' title='bbox 830 1944 916 1970; x_wconf 90' lang='lat' dir='ltr'>non</span> <span class='ocrx_word' id='word_1_241' title='bbox 941 1930 1014 1970; x_wconf 90' lang='lat' dir='ltr'>ille</span> <span class='ocrx_word' id='word_1_242' title='bbox 1033 1929 1238 1970; x_wconf 88' lang='lat' dir='ltr'>honorem</span> <span class='ocrx_word' id='word_1_243' title='bbox 1260 1944 1284 1970; x_wconf 87' lang='lat' dir='ltr'>a</span> <span class='ocrx_word' id='word_1_244' title='bbox 1304 1930 1500 1984; x_wconf 87' lang='lat' dir='ltr'>pueritia,</span> 
     </span>
     <span class='ocr_line' id='line_1_35' title="bbox 167 1987 1500 2041; baseline 0.001 -12"><span class='ocrx_word' id='word_1_245' title='bbox 167 2003 254 2029; x_wconf 92' lang='lat' dir='ltr'>non</span> <span class='ocrx_word' id='word_1_246' title='bbox 292 1987 433 2028; x_wconf 84' lang='lat' dir='ltr'>studia</span> <span class='ocrx_word' id='word_1_247' title='bbox 470 1988 661 2041; x_wconf 71' lang='lat' dir='ltr'>virtutis,</span> <span class='ocrx_word' id='word_1_248' title='bbox 698 2003 784 2029; x_wconf 89' lang='lat' dir='ltr'>non</span> <span class='ocrx_word' id='word_1_249' title='bbox 821 1989 957 2029; x_wconf 90' lang='lat' dir='ltr'>ullum</span> <span class='ocrx_word' id='word_1_250' title='bbox 998 1987 1325 2029; x_wconf 86' lang='lat' dir='ltr'>existimationis</span> <span class='ocrx_word' id='word_1_251' title='bbox 1364 1989 1500 2030; x_wconf 88' lang='lat' dir='ltr'>bonae</span> 
     </span>
     <span class='ocr_line' id='line_1_36' title="bbox 167 2045 1500 2101; baseline 0 -13"><span class='ocrx_word' id='word_1_252' title='bbox 167 2047 354 2088; x_wconf 84' lang='lat' dir='ltr'>fructum</span> <span class='ocrx_word' id='word_1_253' title='bbox 398 2060 601 2099; x_wconf 86' lang='lat' dir='ltr'>umquam</span> <span class='ocrx_word' id='word_1_254' title='bbox 643 2047 873 2101; x_wconf 82' lang='lat' dir='ltr'>cogitarat3</span> <span class='ocrx_word' id='word_1_255' title='bbox 918 2061 967 2086; x_wconf 86' lang='lat' dir='ltr'>ex</span> <span class='ocrx_word' id='word_1_256' title='bbox 1005 2045 1221 2100; x_wconf 87' lang='lat' dir='ltr'>petulanti</span> <span class='ocrx_word' id='word_1_257' title='bbox 1261 2048 1388 2100; x_wconf 86' lang='lat' dir='ltr'>atque</span> <span class='ocrx_word' id='word_1_258' title='bbox 1425 2047 1500 2088; x_wconf 90' lang='lat' dir='ltr'>im-</span> 
     </span>
     <span class='ocr_line' id='line_1_37' title="bbox 168 2103 1500 2160; baseline 0 -14"><span class='ocrx_word' id='word_1_259' title='bbox 168 2106 303 2160; x_wconf 82' lang='lat' dir='ltr'>probo</span> <span class='ocrx_word' id='word_1_260' title='bbox 349 2119 494 2145; x_wconf 86' lang='lat' dir='ltr'>scurra</span> <span class='ocrx_word' id='word_1_261' title='bbox 538 2104 583 2144; x_wconf 89' lang='lat' dir='ltr'>in</span> <span class='ocrx_word' id='word_1_262' title='bbox 628 2104 848 2146; x_wconf 84' lang='lat' dir='ltr'>discordiis</span> <span class='ocrx_word' id='word_1_263' title='bbox 896 2103 1082 2146; x_wconf 82' lang='lat' dir='ltr'>civitatis</span> <span class='ocrx_word' id='word_1_264' title='bbox 1121 2104 1173 2144; x_wconf 84' lang='lat' dir='ltr'>ad</span> <span class='ocrx_word' id='word_1_265' title='bbox 1211 2119 1305 2145; x_wconf 90' lang='lat' dir='ltr'>eam</span> <span class='ocrx_word' id='word_1_266' title='bbox 1342 2105 1500 2146; x_wconf 81' lang='lat' dir='ltr'>coluni-</span> 
     </span>
     <span class='ocr_line' id='line_1_38' title="bbox 167 2162 1552 2217; baseline 0 -12"><span class='ocrx_word' id='word_1_267' title='bbox 167 2179 285 2217; x_wconf 88' lang='lat' dir='ltr'>nam,</span> <span class='ocrx_word' id='word_1_268' title='bbox 330 2163 381 2204; x_wconf 90' lang='lat' dir='ltr'>ad</span> <span class='ocrx_word' id='word_1_269' title='bbox 425 2177 551 2217; x_wconf 87' lang='lat' dir='ltr'>quam</span> <span class='ocrx_word' id='word_1_270' title='bbox 592 2163 826 2204; x_wconf 84' lang='lat' dir='ltr'>multorum</span> <span class='ocrx_word' id='word_1_271' title='bbox 870 2177 994 2217; x_wconf 79' lang='lat' dir='ltr'>saepe</span> <span class='ocrx_word' id='word_1_272' title='bbox 1032 2162 1233 2203; x_wconf 85' lang='lat' dir='ltr'>conviciis</span> <span class='ocrx_word' id='word_1_273' title='bbox 1272 2164 1498 2217; x_wconf 88' lang='lat' dir='ltr'>perductus</span> <span class='ocrx_word' id='word_1_274' title='bbox 1518 2174 1552 2200; x_wconf 84' lang='lat'>3⁵</span> 
     </span>
     <span class='ocr_line' id='line_1_39' title="bbox 169 2221 1498 2276; baseline 0 -13"><span class='ocrx_word' id='word_1_275' title='bbox 169 2225 278 2276; x_wconf 88' lang='lat' dir='ltr'>erat,</span> <span class='ocrx_word' id='word_1_276' title='bbox 321 2224 413 2262; x_wconf 91' lang='lat' dir='ltr'>tum</span> <span class='ocrx_word' id='word_1_277' title='bbox 453 2221 666 2275; x_wconf 72' lang='lat' dir='ltr'>suffragiis</span> <span class='ocrx_word' id='word_1_278' title='bbox 706 2221 855 2276; x_wconf 89' lang='lat' dir='ltr'>populi</span> <span class='ocrx_word' id='word_1_279' title='bbox 891 2223 1155 2275; x_wconf 85' lang='lat' dir='ltr'>pervenerat.</span> <span class='ocrx_word' id='word_1_280' title='bbox 1222 2221 1371 2276; x_wconf 87' lang='lat' dir='ltr'>Itaque</span> <span class='ocrx_word' id='word_1_281' title='bbox 1409 2237 1498 2263; x_wconf 89' lang='lat' dir='ltr'>rem</span> 
     </span>
     <span class='ocr_line' id='line_1_40' title="bbox 169 2279 1500 2335; baseline 0 -13"><span class='ocrx_word' id='word_1_282' title='bbox 169 2296 263 2323; x_wconf 83' lang='lat' dir='ltr'>cum</span> <span class='ocrx_word' id='word_1_283' title='bbox 309 2279 542 2335; x_wconf 89' lang='lat' dir='ltr'>Oppianico</span> <span class='ocrx_word' id='word_1_284' title='bbox 592 2280 810 2335; x_wconf 83' lang='lat' dir='ltr'>transigit,</span> <span class='ocrx_word' id='word_1_285' title='bbox 858 2284 1081 2334; x_wconf 79' lang='lat' dir='ltr'>pecuniam</span> <span class='ocrx_word' id='word_1_286' title='bbox 1132 2280 1185 2321; x_wconf 85' lang='lat' dir='ltr'>ab</span> <span class='ocrx_word' id='word_1_287' title='bbox 1235 2294 1284 2321; x_wconf 89' lang='lat' dir='ltr'>eo</span> <span class='ocrx_word' id='word_1_288' title='bbox 1335 2280 1500 2335; x_wconf 84' lang='lat' dir='ltr'>accipit,</span> 
     </span>
    </p>
   </div>
  </div>
 </body>
</html>
