1619 2542
134 368 175 400 26

201 86 257 125 46
566 84 659 119 PRO
686 85 728 119 A.
757 83 964 120 CAECINA
991 84 1180 121 ORATIO.

202 196 296 223 cum
335 195 512 236 rogarer
546 196 569 222 a
603 179 802 234 Caecina,
838 194 1071 235 numquam
1102 181 1235 232 volui,
1271 195 1324 222 ne
1361 195 1540 237 arguere

201 240 324 281 illum
366 240 428 280 rei
468 239 663 293 capitalis
704 239 884 292 viderer,
928 239 978 280 de
1022 253 1070 280 6ο
1116 239 1264 281 dubito
1307 254 1419 281 nunc
1456 254 1539 294 quo

202 299 329 340 modo
362 301 436 339 aut
466 298 619 352 loquar
651 300 725 339 aut
756 300 934 349 taceam,
964 312 1059 339 cum
1091 298 1182 353 ipse
1213 298 1294 340 hoc
1325 298 1375 339 de
1407 312 1451 339 se
1481 299 1541 339 iu-

202 360 322 398 ratus
359 357 586 412 praedicet.
642 356 803 397 Deinde
834 355 880 397 L.
912 355 1080 397 Caelius
1110 371 1197 398 non
1229 357 1369 398 solum
1401 356 1540 398 Aebu-

201 416 310 457 tium
329 430 425 458 cum
447 415 624 456 armatis
646 415 752 456 dixit
770 414 903 456 fuisse
923 415 1209 469 conpluribus,
1235 430 1383 456 verum
1409 415 1539 457 etiam

135 475 188 516 10
202 489 298 516 cum
325 474 542 515 advocatis
569 474 792 528 perpaucis
819 487 868 514 eo
894 473 1061 515 venisse
1082 473 1321 515 Caecinam.
1369 474 1434 515 De
1459 474 1540 516 hoc

202 547 281 588 ego
301 535 411 574 teste
432 532 682 573 detraham?
708 532 776 574 cui
795 546 926 586 aeque
948 547 995 573 ac
1024 546 1119 573 meo
1146 532 1248 573 testi
1273 534 1322 573 ut
1347 532 1542 585 credatis,

134 596 217 640 (10)
229 592 415 646 postulo.
445 590 491 632 P.
502 590 729 632 Memmius
745 593 913 632 secutus
933 593 1010 644 est,
1031 591 1102 645 qui
1116 605 1238 632 suum
1256 605 1343 632 non
1361 606 1542 646 parvum

202 651 455 692 beneficium
486 649 838 691 commemoravit
869 649 913 690 in
945 649 1105 691 amicos
1139 648 1355 703 Caecinae,
1388 649 1540 705 quibus

203 724 293 751 sese
312 709 426 750 viam
446 723 522 763 per
540 708 689 749 fratiis
710 708 776 750 sui
793 707 971 749 fundum
998 708 1162 749 dedisse
1183 708 1302 761 dixit,
1328 722 1413 762 qua
1439 709 1539 749 effu-

203 782 302 825 gere
327 769 515 822 possent,
541 781 636 808 cum
663 770 805 808 essent
830 780 977 808 omnes
1004 769 1121 808 metu
1152 766 1380 820 perterriti.
1429 766 1541 809 Huic

203 842 282 882 ego
308 825 412 867 testi
444 825 607 881 gratias
639 839 778 880 agam,
811 825 922 879 quod
949 826 991 866 et
1015 825 1061 866 in
1085 839 1130 866 16
1156 825 1469 867 misericordem
1494 839 1540 867 se

203 884 448 940 praebuerit
468 887 511 925 et
529 884 573 925 in
592 884 840 925 testimonio
861 883 1122 939 religiosum.
1154 884 1204 925 A.
1219 883 1380 926 Atilius
1394 886 1437 925 et
1451 884 1540 926 eius

204 944 319 986 filius
338 943 383 985 L.
403 942 565 984 Atilius
591 945 634 984 et
660 945 848 984 armatos
874 942 934 983 ibi
959 942 1091 984 fuisse
1123 945 1165 983 613
1197 956 1241 983 36
1273 956 1371 983 31103
1398 955 1540 982 servos

205 1002 429 1044 adduxisse
456 1001 671 1055 dixerunt3
702 1001 833 1042 etiam
864 1001 946 1042 hoc
977 1000 1178 1056 amplius:
1210 1016 1305 1043 cum
1330 1001 1541 1042 Aebutius

205 1061 411 1103 Caecinae
443 1060 604 1101 malum
636 1059 885 1112 minaretur,
921 1060 1018 1112 [hoc
1050 1062 1116 1101 est
1146 1062 1330 1101 mortem
1362 1059 1542 1101 minare-

204 1122 304 1173 tur,]
331 1119 392 1160 ibi
410 1121 503 1159 tum
524 1118 751 1159 Caecinam
777 1118 1030 1172 postulasse,
1055 1121 1104 1159 ut
1129 1118 1320 1159 moribus
1347 1118 1541 1160 deductio

203 1179 336 1220 fieret.
396 1176 491 1218 Hoc
533 1176 644 1218 idem
684 1176 729 1218 P.
761 1176 950 1218 Rutilius
994 1177 1116 1228 dixit,
1159 1179 1203 1218 et
1246 1191 1295 1218 eo
1338 1176 1540 1218 libentius

205 1237 324 1290 dixit,
354 1238 403 1277 ut
435 1235 662 1289 aliquando
694 1236 739 1277 in
764 1235 917 1276 iudicio
945 1235 1033 1276 eius
1059 1234 1307 1276 testimonio
1334 1236 1541 1277 creditum

205 1270 441 1351 putaietur.
500 1293 597 1336 Duo
634 1296 856 1348 praeterea
892 1296 1025 1335 testes
1062 1293 1169 1334 nihil
1207 1294 1257 1334 de
1288 1293 1349 1347 vi,
1387 1293 1460 1335 sed
1491 1293 1542 1334 de

205 1369 250 1395 re
280 1353 376 1408 ipsa
407 1355 534 1406 atque
566 1352 781 1407 emptione
810 1352 929 1393 fundi
955 1352 1168 1403 dixerunt3
1199 1351 1245 1393 P.
1272 1350 1541 1406 Caesennius,

206 1415 356 1454 auctor
379 1411 512 1464 fundi,
541 1425 629 1452 non
653 1413 743 1452 tam
770 1411 1025 1452 auctoritate
1051 1410 1174 1466 gravi
1199 1424 1326 1465 quam
1353 1425 1542 1466 corpore,

208 1474 250 1513 et
275 1470 544 1526 argentarius
566 1468 659 1511 Sex,
680 1469 865 1521 Clodius,
892 1470 958 1511 cui
983 1483 1220 1524 cognomen
1243 1471 1309 1510 est
1327 1469 1542 1521 Phormio,

205 1545 282 1571 nec
314 1529 453 1570 minus
485 1528 608 1581 niger
644 1542 722 1570 nec
753 1528 892 1569 minus
931 1528 1162 1581 confidens,
1201 1542 1326 1581 quam
1361 1527 1437 1569 ille
1468 1527 1541 1568 Te-

206 1588 427 1629 rentianus
454 1590 519 1628 est
537 1586 753 1641 Phormio,
777 1587 886 1628 nihil
914 1587 963 1627 de
989 1587 1032 1628 vi
1058 1586 1266 1640 dixerunt,
1289 1586 1397 1627 nihil
1422 1600 1540 1640 prae-

139 1667 145 1673 ·
206 1650 344 1700 terea,
382 1646 494 1700 quod
527 1645 579 1686 ad
611 1648 799 1686 vestrum
831 1645 1031 1686 iudicium
1062 1644 1307 1699 pertineret.
1365 1644 1542 1686 Decimo

209 1719 306 1746 vero
338 1705 433 1746 loco
466 1704 588 1745 testis
620 1706 866 1758 expectatus
893 1707 936 1745 et
961 1704 1015 1744 ad
1041 1707 1274 1744 extremum
1300 1704 1542 1744 reservatus

209 1763 327 1816 (lixit,
359 1765 532 1804 senator
562 1763 711 1817 populi
743 1763 942 1816 Romani,
975 1762 1175 1817 splendor
1207 1760 1384 1814 ordinis,
1415 1761 1541 1803 decus

210 1824 336 1887 atque
363 1824 659 1862 ornamentum
684 1821 948 1874 iudiciorum,
980 1821 1196 1875 exemplar
1223 1820 1423 1872 antiquae
1446 1820 1543 1861 reli-

210 1880 368 1936 gionis,
407 1878 696 1920 Fidiculanius
735 1878 930 1933 Falcula,
971 1878 1042 1932 qui
1082 1893 1175 1919 cum
1214 1877 1277 1918 ita
1315 1877 1542 1919 vehemens

210 1952 389 1992 acerque
422 1937 620 1990 venisset,
652 1941 700 1979 ut
729 1952 816 1979 non
846 1937 971 1979 modo
998 1936 1221 1978 Caecinam
1252 1935 1439 1989 periurio
1464 1950 1541 1978 suo

210 1997 408 2050 laederet,
441 1995 515 2036 sed
547 1995 675 2036 etiam
706 1996 811 2037 mihi
838 1996 1053 2037 videretur
1075 1994 1214 2047 irasci,
1244 1994 1307 2035 ita
1333 2008 1429 2036 eum
1453 1995 1542 2049 pla-

211 2055 352 2097 cidum
378 2054 635 2108 mollemque
660 2055 834 2107 reddidi,
865 2057 913 2095 ut
936 2068 1023 2094 non
1050 2053 1233 2106 auderet,
1264 2052 1375 2093 sicut
1399 2053 1542 2093 memi-

210 2113 355 2166 nistis,
392 2112 546 2153 iterum
578 2112 733 2165 dicere,
771 2115 876 2166 quot
907 2111 1023 2152 milia
1053 2111 1208 2152 fundus
1241 2125 1341 2152 suus
1374 2111 1543 2152 abesset

211 2173 263 2214 ab
291 2172 406 2213 urbe.
455 2169 568 2211 Nam
594 2185 688 2212 cum
716 2171 891 2212 dixisset
921 2170 1060 2211 minus
1090 2168 1208 2222 Iooo,
1239 2169 1421 2223 populus
1448 2183 1543 2210 cum

211 2232 299 2271 risu
337 2228 590 2271 acclamavit
626 2228 722 2283 ipsa
760 2243 864 2271 esse.
924 2227 1209 2269 Meminerant
1241 2228 1352 2268 enim
1384 2242 1543 2280 omnes,

140 2300 184 2332 29
213 2292 419 2347 quantum
450 2288 496 2328 in
527 2286 713 2329 Albiano
746 2286 900 2329 iudicio
933 2287 1177 2338 accepisset.
1235 2285 1287 2327 In
1317 2300 1412 2327 eum
1444 2285 1545 2340 quid

1560 720 1595 745 10

1561 1012 1595 1038 15

1562 1306 1596 1331 20

1561 1597 1594 1623 25

1561 1890 1596 1915 30

1561 2180 1594 2206 35

1598 2226 1600 2272 1
