1619 2542
504 95 784 132 ADNOTATIO
813 96 1016 132 CRITICA.
1332 95 1430 131 XCV

91 192 327 228 celebrarint
358 211 401 216 -—
434 192 711 226 concurrerint
736 190 899 225 Richter.
926 203 961 236 p.
989 194 1051 234 25,
1079 189 1200 224 Halm.
1228 190 1279 233 Π,
1310 190 1428 233 Heln,

91 240 320 274 celebrassent
338 259 381 263 —
403 240 649 273 concurrerint
669 237 776 272 codd.
798 237 883 282 (nisi
903 237 1000 281 quod
1022 242 1272 273 concurrerent
1289 237 1430 271 habent

90 285 423 330 ECszgg.2o,86,
444 289 655 320 concurrent
676 286 748 328 251,
770 289 1027 320 concurrerant
1047 288 1092 328 9),
1113 285 1277 328 Halm.1,
1296 284 1427 327 Klotz,

90 334 310 368 celebrarant
335 352 378 357 —
405 336 663 367 concurrerant
688 331 792 367 Boot.
818 343 854 376 p.
881 335 948 366 349
974 331 1035 374 in.,
1062 331 1172 375 Kays.
1224 331 1262 366 P.
1292 335 1368 366 189.
1384 335 1428 366 25

86 381 260 424 petissent
294 379 372 413 cod.
399 378 445 422 Ε,
479 383 616 413 22517
645 390 771 413 omnes
796 380 943 423 praeter
968 380 995 413 E
1023 380 1199 421 iussisset3
1232 382 1310 413 431.
1327 382 1347 412 2
1375 390 1428 421 sq.

89 427 258 462 revixerit
282 425 329 467 Ε,
363 425 411 459 ad
435 437 471 470 p.
501 430 552 460 11.
570 430 625 460 22.
653 447 695 450 -
723 426 761 460 Ρ.
790 429 926 460 33727
959 430 997 461 et
1032 427 1141 460 amici
1165 437 1209 460 ex
1233 437 1306 460 uno
1332 425 1428 469 Lg.9

90 473 248 518 Zumpt,
282 472 410 516 Kays.;
443 473 490 507 ad
521 484 555 517 p.
584 476 639 507 85.
667 476 722 507 36.
757 493 800 498 -
834 472 872 506 P.
905 476 983 508 337.
1005 476 1049 508 28
1087 474 1213 508 emistet
1244 472 1427 515 Gulielm,

89 520 228 563 Halm,
255 519 383 563 Kays,
409 518 536 561 Hein.,
564 521 699 554 excidet
725 520 923 564 (exciderit)
952 519 1069 563 codd„
1096 521 1270 555 exstiterit
1294 519 1427 562 Klotz,

89 579 126 602 eo
151 567 287 602 accidet
311 566 417 601 Boot.
443 579 477 611 p.
505 569 573 600 348
600 577 653 600 eX.
688 587 733 591 —
777 566 815 601 P.
844 571 921 602 337.
938 571 980 601 33
1007 567 1204 602 Lanuvino
1231 567 1427 612 (Lanvino,

88 615 286 649 Laminino
306 614 390 658 cet.)
411 612 517 648 codd.
538 614 687 657 praeter
705 613 760 646 Μ1
781 614 818 647 et
838 612 869 647 G
894 615 1061 658 (lanm'o),
1082 613 1201 648 Klotz.
1223 635 1265 639 -—
1287 613 1325 648 P.
1348 617 1426 648 337.

89 665 134 696 34
174 671 284 696 causa
320 664 396 696 tota
432 659 553 695 Halm.
580 661 613 703 Ι,
652 664 726 695 tota
761 671 830 694 om.
858 664 878 694 8
918 660 1040 704 codd,
1080 672 1192 696 causa
1228 672 1284 695 om
1330 660 1428 695 EG5

88 708 186 743 mell.
212 708 304 752 ng.

183 778 205 812 S
215 778 414 813 ullanam
429 777 635 812 orationem
649 776 820 811 Halmius
834 776 1021 811 recensuit
1035 788 1079 811 ex
1093 776 1256 822 quinque
1268 778 1428 812 maxime

89 825 294 868 codicibus,
332 824 539 869 Tegerns.
566 823 611 868 T,
649 823 873 858 Vaticano
906 824 939 857 V
972 824 1032 868 (ab
1070 824 1176 858 initio
1214 835 1330 868 usque
1381 824 1429 858 ad

88 884 123 918 p.
152 876 230 907 355.
247 877 268 906 4
300 873 528 915 meminisse),
569 870 830 906 Erfurtensi
861 870 901 904 E·
923 872 959 915 (a
990 882 1024 914 p.
1052 875 1130 905 368.
1149 875 1189 905 17
1221 872 1429 915 repetundis

88 931 202 964 usque
229 918 276 953 ad
295 919 430 963 finem),
457 917 746 952 Bruxellensi
765 917 805 961 B,
833 919 891 952 cui
912 917 1124 952 simillimus
1145 919 1202 952 est
1221 918 1427 963 VVrampel—

87 965 226 1011 meyer-i
245 965 634 1000 Helmstadiensis
653 965 702 999 W
721 968 856 1009 (progr.
879 964 1082 999 Clausthal.
1103 969 1190 999 1881
1212 977 1247 1009 p.
1265 968 1427 1009 14—18),

90 1013 431 1058 Salisburgensi
465 1012 504 1055 S,
532 1012 601 1054 ita,
634 1012 676 1046 ut
701 1012 1015 1056 Tegernseensem
1048 1011 1180 1046 ceteris
1211 1012 1427 1056 praeferret.

87 1060 167 1105 Ego
193 1060 305 1106 paulo
330 1060 414 1104 plus
439 1058 563 1093 tribuo
588 1058 784 1094 Vaticano.

182 1130 221 1165 P.
248 1134 367 1165 340.1
396 1142 448 1174 sq.
482 1134 558 1164 aut
589 1133 697 1164 antea
729 1149 771 1154 -—
806 1133 881 1164 aut
906 1132 990 1173 post
1016 1128 1147 1173 Pluyg.
1174 1128 1308 1163 Mnem.
1338 1132 1424 1163 1881

87 1190 122 1222 p.
145 1182 212 1212 136
237 1177 407 1222 probab.;
435 1176 479 1212 ef.
507 1177 553 1211 ad
578 1188 614 1220 p.
636 1180 691 1211 82.
708 1181 745 1219 7,
774 1180 923 1211 212.26.
946 1196 988 1201 —
1016 1175 1054 1209 P.
1082 1180 1159 1210 340.
1176 1180 1198 1210 4
1222 1180 1264 1211 ut
1288 1180 1319 1210 et
1343 1176 1428 1221 [in]

88 1224 251 1258 Richter.
279 1235 297 1258 e
331 1224 410 1258 cod.
437 1224 485 1266 V,
517 1227 558 1258 ut
583 1225 689 1267 ampl.
717 1225 758 1258 in
782 1223 861 1257 rell.
889 1222 995 1257 codd.
1023 1222 1085 1267 (ad
1110 1235 1145 1267 p.
1173 1227 1227 1257 55.
1244 1224 1291 1266 2).
1319 1243 1362 1247 -
1388 1223 1426 1257 P.

90 1276 167 1306 340.
184 1275 227 1305 14
242 1272 437 1316 perdomiti
451 1270 575 1314 Kays,
595 1272 761 1306 redomiti
780 1275 884 1314 atque
902 1271 1027 1305 revicti
1040 1269 1146 1303 Reid:
1159 1270 1204 1304 ed
1216 1269 1426 1314 Cambridg.

91 1322 192 1353 1882.
219 1339 262 1343 -
289 1318 327 1352 P.
349 1321 428 1352 340.
443 1322 486 1352 22
512 1329 587 1353 non
610 1321 728 1352 uterer
752 1318 929 1352 orationis
954 1316 1060 1351 codd.
1081 1316 1145 1350 ΤΒ
1167 1318 1210 1361 (P)
1232 1316 1266 1360 S,
1292 1316 1427 1360 Halm,

88 1365 217 1409 Kays,
248 1365 429 1409 Richter„
461 1368 551 1401 orat.
582 1375 656 1399 non
686 1368 737 1400 ut.
760 1364 872 1398 etiam
897 1363 956 1397 W.
981 1384 1028 1389 --
1053 1363 1092 1398 P.
1119 1368 1197 1398 340.
1213 1367 1258 1397 24
1283 1364 1372 1398 mihi
1397 1368 1428 1398 et

89 1414 177 1448 data
208 1412 313 1447 codd.
335 1411 418 1454 ΤΒ,
450 1423 542 1446 recc.
576 1411 659 1446 edd.
692 1412 839 1456 praeter
870 1411 1007 1455 Klotz.,
1038 1411 1128 1445 mihi
1159 1411 1246 1445 locis
1277 1414 1309 1444 et
1339 1411 1428 1445 data

91 1459 181 1494 dett.
215 1479 258 1484 ——
291 1459 329 1493 P.
358 1463 435 1494 340.
459 1463 503 1493 25
531 1470 610 1502 sqq.
637 1462 677 1494 ut
702 1460 778 1501 ille,
809 1459 1000 1499 iudices,
1031 1460 1155 1501 quant.
1189 1476 1231 1481 —
1264 1457 1427 1491 deminu-

89 1510 212 1540 turum
239 1533 245 1540 .
269 1532 274 1539 .
298 1533 304 1539 .
328 1533 333 1540 .
359 1505 478 1540 Klotz.
507 1516 525 1540 e
552 1506 642 1539 dett.
672 1505 776 1539 codd.
803 1504 866 1547 (ad
892 1515 925 1548 p.
946 1507 1025 1538 354.
1041 1505 1087 1545 8),
1114 1502 1178 1546 qui
1201 1503 1344 1538 addunt
1367 1504 1426 1538 vel

90 1553 182 1587 vidit
213 1552 273 1586 vel
305 1554 453 1596 putavit·
488 1551 547 1586 vel
583 1553 757 1596 sperarim
789 1563 820 1585 V.
848 1550 1024 1584 KVunder.
1058 1549 1182 1583 Plane.
1215 1562 1250 1595 p.
1280 1554 1345 1584 169
1373 1562 1425 1595 sq.

91 1621 134 1624 —
161 1599 198 1633 P.
228 1602 305 1633 340.
321 1603 365 1633 37
397 1599 485 1633 milti
515 1597 593 1632 rell.
622 1598 727 1633 codd.
754 1598 901 1642 praeter
926 1597 969 1639 V,
1001 1597 1039 1630 in
1065 1608 1136 1640 quo
1170 1599 1226 1631 est
1250 1598 1339 1632 mihi
1363 1608 1426 1641 me,

90 1646 194 1681 Reid.
227 1666 270 1671 -
315 1645 354 1680 P.
382 1649 495 1680 341.1
528 1645 673 1679 mihine
703 1644 813 1687 Kays.
847 1664 890 1668 —
935 1643 973 1678 P.
1001 1648 1143 1678 341.11
1183 1645 1427 1679 innocentiam

92 1694 136 1727 P.
152 1693 274 1728 Sullae
299 1693 378 1727 eod.
393 1692 425 1726 V
445 1692 547 1735 (sille,
567 1692 658 1736 syllo
677 1691 733 1734 Τ),
759 1691 958 1725 Lehmann.
975 1690 1097 1725 Herm.
1115 1694 1204 1726 1880
1224 1703 1259 1735 p.
1275 1694 1342 1726 348
1360 1703 1425 1735 sq.‚

90 1742 310 1775 innocentem
332 1739 376 1774 P.
398 1739 540 1773 Sullam
565 1738 664 1782 vulg.
691 1759 735 1763 —
762 1738 800 1772 P.
828 1742 966 1772 341.1S
993 1741 1042 1772 est
1065 1749 1143 1772 una
1167 1739 1264 1773 ratio
1289 1737 1368 1774 cod.
1381 1738 1425 1782 V,

91 1799 166 1822 una
192 1791 241 1822 est
264 1787 360 1821 ratio
386 1785 476 1820 dett.
499 1805 540 1811 ,-
568 1785 606 1819 P.
628 1789 706 1819 341.
723 1789 766 1818 23
793 1796 870 1819 cum
891 1784 970 1819 cod.
991 1783 1025 1827 S,
1052 1795 1212 1829 quorum,
1241 1785 1362 1819 ortum
1383 1795 1426 1819 ex

90 1845 210 1878 quom,
243 1833 369 1875 TVB,
403 1832 520 1877 vulg„
559 1832 656 1876 quod
687 1842 761 1865 non
798 1830 994 1875 intellego,
1025 1831 1181 1866 nollem?
1217 1832 1315 1877 Quor
1346 1843 1426 1877 erqo

91 1880 211 1915 Madv.
238 1880 329 1914 Adv.
350 1879 402 1913 ΠΙ
427 1892 462 1924 p.
487 1883 562 1914 133.
584 1899 628 1904 —
648 1879 686 1912 P.
708 1883 787 1913 341.
803 1882 847 1913 25
873 1889 915 1913 ac
933 1880 1075 1922 maynis
1094 1878 1199 1914 codd.
1223 1879 1373 1923 praeter
1396 1879 1426 1912 T

91 1929 130 1962 et
160 1928 206 1970 B,
238 1927 404 1970 Richter,
441 1931 472 1962 et
501 1928 644 1971 maynis
668 1925 696 1958 T
730 1925 791 1969 (ad
822 1938 856 1970 p.
883 1928 938 1960 85.
959 1927 1033 1969 36),
1066 1925 1146 1960 rell.
1174 1925 1267 1968 edd,
1294 1926 1424 1969 partic.

93 1986 162 2009 om.
182 1974 211 2008 B
239 1974 299 2017 (ad
324 1986 358 2018 p.
382 1978 434 2008 55.
450 1975 503 2018 2);
530 1985 563 2007 v.
585 1978 630 2007 24
658 1972 735 2006 cod.
757 1972 789 2005 V
815 1976 852 2007 et
876 1973 1020 2007 honoris
1047 1974 1084 2006 et
1110 1977 1187 2007 345.
1203 1976 1222 2006 2
1250 1976 1287 2007 et
1310 1973 1424 2007 vultu.

93 2042 135 2046 -
168 2021 206 2055 P.
234 2025 312 2055 341.
333 2025 377 2054 27
409 2022 449 2055 in
481 2020 560 2054 cod.
582 2021 613 2053 V
647 2019 762 2061 soluS,
797 2030 864 2053 om.
893 2020 995 2061 cett,
1030 2018 1151 2053 Halm.
1180 2019 1211 2053 11
1245 2018 1282 2063 (i.
1311 2029 1340 2053 e.
1368 2019 1423 2053 ed.

91 2067 324 2102 Weidmann.
349 2067 401 2101 III
426 2078 457 2101 a.
487 2067 607 2112 1878);
634 2078 667 2110 p.
696 2070 774 2100 356.
790 2069 832 2100 23
859 2067 900 2099 in
926 2066 965 2109 S,
1003 2077 1072 2100 om.
1099 2065 1173 2100 ΤΒ.
1202 2086 1245 2090 -
1280 2065 1318 2099 P.
1345 2069 1424 2099 341.

93 2118 135 2149 32
166 2115 205 2159 Q.
231 2125 302 2148 om.
329 2113 464 2157 cod.V,
490 2113 610 2148 Halm.
637 2113 680 2155 H,
707 2112 837 2155 Klotz,
863 2112 968 2147 Reid.
996 2134 1038 2138 —
1066 2113 1104 2147 P.
1133 2117 1245 2147 3421
1274 2113 1354 2156 quis
1378 2113 1426 2146 iis

92 2163 217 2196 lzorum
248 2160 391 2204 Garat„
422 2160 561 2204 Halm,
594 2160 730 2202 Klotz,
757 2159 877 2202 Reid,
910 2161 989 2204 quis
1020 2161 1076 2195 liis
1106 2161 1232 2194 horum
1263 2158 1369 2193 codd.
1396 2159 1425 2192 T

95 2208 202 2251 dett„
235 2207 414 2251 Richter„
439 2219 590 2252 quorum
614 2207 658 2249 V,
684 2208 725 2240 ut
749 2206 903 2249 videtur,
930 2208 1010 2251 quis
1034 2208 1160 2241 horum
1186 2205 1225 2249 B,
1261 2207 1341 2250 quis
1365 2206 1423 2240 Ῐιο-

93 2267 173 2289 rum
204 2255 274 2289 hiis
298 2254 362 2297 W,
393 2258 474 2300 quis
505 2256 555 2289 eis
584 2257 747 2289 nostram
777 2253 887 2297 Kays.
932 2274 976 2278 —
1021 2253 1058 2289 P.
1087 2257 1200 2287 3422
1234 2253 1354 2287 ceteris
1384 2252 1425 2286 in

94 2301 200 2336 codd.
231 2302 377 2345 praeter
409 2301 458 2344 V,
491 2301 611 2335 Halm.
644 2301 694 2342 11,
728 2299 908 2343 Richter„
940 2299 1046 2335 Reid.
1085 2320 1128 2325 -
1166 2299 1205 2333 P.
1232 2302 1346 2334 3424
1376 2303 1425 2334 est
