1619 2542
499 72 602 109 CAP.
630 76 720 108 7-9
746 76 765 114 ἓ
791 76 942 107 20--25,
1334 76 1390 114 45

53 169 177 225 fugit.
237 168 400 210 Eodem
437 171 631 223 tempore
668 182 713 210 se
749 168 793 209 in
823 168 971 224 fugam
1004 169 1229 211 conferunt
1267 170 1393 212 amici

53 227 333 282 advocatique
376 226 466 268 eius
509 230 626 269 metu
669 228 902 282 perterriti,
952 242 1078 282 quem
1122 228 1174 269 ad
1218 228 1392 270 modum

52 286 225 328 illorum
261 289 417 328 testem
454 285 591 327 dicere
629 286 820 328 audistis.
880 285 960 328 His
997 286 1123 328 rebus
1162 286 1223 328 ita
1256 287 1390 343 gestis
1419 299 1461 329 23

55 345 98 386 P.
121 345 348 386 Dolabella
379 346 552 399 praetor
582 344 817 398 interdixit,
848 347 897 386 ut
928 347 994 387 est
1025 346 1298 394 consuetudo,
1329 358 1391 388 DE

18 416 101 445 §VI
138 414 392 446 Hommssus
429 414 625 445 ARMAT1s
665 403 756 445 sine
793 403 884 445 ulla
922 403 1186 458 exceptione,
1223 407 1392 446 tantum

54 465 120 516 ut,
157 462 266 504 unde
305 461 543 515 deiecisset,
580 462 838 504 restitueret.
899 461 1158 504 Restituisse
1196 478 1240 504 se
1272 463 1391 505 dixit.

56 520 236 576 Sponsio
275 520 388 562 facta
427 523 504 561 est.
565 520 659 562 Hac
697 521 747 561 de
784 520 1016 574 sponsione
1053 521 1176 563 vobis
1208 522 1393 564 iudican=

55 579 154 621 dum
187 581 262 621 est.

140 637 323 680 Maxime
353 637 436 679 fuit
467 637 702 692 optandum
734 635 951 693 Caecinae,
983 641 1316 694 recuperatores,
1347 643 1394 682 ut
1420 641 1445 681 9

5 710 36 736 ιο
54 696 370 739 controversiae
399 696 509 738 nihil
535 696 729 750 haberet,
767 697 951 738 secundo
984 697 1096 751 loco,
1135 701 1184 739 ut
1213 713 1266 740 ne
1297 713 1391 741 cum

53 758 144 797 tam
163 755 344 810 inprobo
371 755 554 809 homine,
579 755 719 808 tertio,
744 758 793 796 ut
817 769 913 796 cum
939 759 1029 797 tam
1050 757 1184 798 stulto
1205 757 1393 799 haberet.

53 814 228 856 Etenim
263 829 350 855 non
381 814 521 855 minus
552 828 632 855 nos
664 813 853 855 stultitia
883 814 1001 856 illius
1033 815 1234 857 sublevat
1265 830 1394 871 quam

54 873 187 914 laedit
210 872 462 928 inprobitas.
510 871 724 928 Inprobus
750 873 843 926 fuit,
876 873 989 928 quod
1013 872 1209 915 homines
1242 875 1394 931 coegit,

56 932 257 986 armavit,
295 932 451 974 coactis
490 931 752 986 armatisque
788 931 875 973 vim
912 931 1024 974 fecit.
1086 931 1233 974 Laesit
1269 935 1314 975 in
1345 948 1394 975 eo

5 1003 37 1029 15
57 989 296 1044 Caecinam,
321 990 520 1032 sublevat
544 990 720 1044 ibidem3
747 1005 846 1032 nam
870 990 916 1032 in
942 1005 1013 1032 eas
1039 991 1156 1046 ipsas
1182 1006 1262 1045 res,
1289 1007 1394 1047 quas

55 1049 356 1105 inprobissime
386 1049 501 1103 fecit,
531 1049 782 1090 testimonia
813 1049 998 1104 sumpsit
1030 1053 1072 1091 et
1104 1050 1163 1091 eis
1197 1051 1241 1091 in
1268 1065 1395 1092 causa

55 1108 315 1151 testimoniis
347 1109 494 1150 utitur.
550 1106 702 1162 Itaque
734 1107 841 1149 mihi
871 1111 1034 1150 certum
1067 1111 1144 1163 est,
1175 1123 1394 1164 recupera-
1421 1121 1465 1151 ‘24

55 1171 183 1220 toreS,
214 1169 443 1222 antequam
476 1166 529 1208 ad
560 1181 698 1208 meam
730 1166 1018 1208 defensionem
1044 1181 1245 1222 meosque
1269 1168 1396 1209 testis

57 1227 193 1280 venio,
211 1225 328 1267 illius
349 1225 413 1267 uti
427 1225 693 1267 confessione
708 1228 750 1267 et
763 1225 1040 1279 testimoniis3
1064 1226 1138 1281 qui·
1155 1227 1396 1280 confitetur,

6 1296 40 1322 20
58 1289 186 1340 atque
216 1285 278 1325 ita
310 1284 491 1325 libenter
522 1285 759 1338 confitetur,
790 1287 839 1326 ut
868 1298 955 1326 non
988 1285 1127 1326 solum
1152 1284 1292 1339 fateri,
1324 1286 1396 1327 sed

59 1345 188 1386 etiam
219 1343 414 1398 profiteri
437 1342 644 1397 videatur,
670 1345 1010 1396 recuperatores:
1038 1343 1297 1386 <convocavi
1322 1344 1396 1385 ho-

58 1402 206 1455 mines,
232 1401 363 1457 coegi,
390 1402 564 1455 armavi,
582 1404 746 1443 terrore
773 1402 925 1443 mortis
952 1416 1000 1443 ac
1019 1401 1210 1456 periculo
1231 1402 1396 1456 capitis,

58 1476 112 1503 ne
129 1460 360 1514 accederes,
379 1460 546 1514 obstiti3
566 1459 708 1513 ferro',
726 1460 876 1514 inquit,
897 1459 1040 1501 ‘ferro'
1058 1458 1121 1515 (et
1140 1460 1221 1502 hoc
1238 1459 1340 1501 dicit
1354 1460 1398 1501 in

59 1519 232 1575 iudicio)
267 1518 324 1560 ete
356 1518 481 1560 reieci
512 1521 641 1573 atque
672 1517 912 1572 proterrui'.
961 1518 1099 1566 Quid?
1131 1521 1263 1560 testes
1296 1519 1397 1574 quid

7 1589 40 1615 25
61 1578 209 1620 aiunt?
236 1576 487 1630 P.Vetilius,
500 1577 764 1631 propinquus
778 1576 950 1628 Aebuti,
964 1590 1009 1618 se
1023 1576 1209 1618 Aebutio
1225 1592 1319 1619 cum
1335 1592 1397 1619 ar-

61 1636 189 1678 matis
204 1635 338 1678 servis
358 1634 525 1677 venisse
546 1636 809 1676 advocatum.
843 1635 951 1683 Quid
971 1636 1223 1690 praeterea?
1248 1635 1397 1678 Fuisse

61 1695 292 1750 compluris
307 1696 507 1735 armatos,
539 1692 648 1742 Quid
662 1693 806 1735 aliud?
831 1692 1044 1735 Minatum
1058 1708 1149 1735 esse
1164 1694 1397 1736 Aebutium

62 1753 280 1795 Caecinae.
330 1751 439 1801 Quid
465 1767 543 1807 ego
571 1752 620 1793 de
646 1752 727 1793 hoc
751 1754 862 1793 teste
890 1752 1027 1794 dicam
1051 1752 1135 1794 nisi
1160 1752 1252 1807 hoc,
1284 1767 1398 1796 recu-

61 1815 292 1868 peratoreS,
324 1814 374 1853 ut
397 1826 449 1853 ne
474 1810 631 1852 idcirco
663 1811 804 1851 minus
837 1810 874 1852 ei
906 1810 1099 1865 credatis,
1132 1812 1244 1866 quod
1269 1812 1398 1854 homo

11 1882 45 1908 ³0
63 1871 203 1912 minus
233 1870 409 1911 idoneus
440 1870 635 1922 habetur,
667 1869 740 1910 sed
764 1868 857 1910 ideo
884 1869 1079 1924 credatis,
1112 1870 1224 1924 quod
1250 1885 1299 1912 ex
1324 1872 1399 1912 illa

63 1932 186 1983 parte
215 1928 258 1970 id
290 1928 410 1983 dicit,
448 1928 560 1983 quod
591 1927 656 1969 illi
688 1942 838 1969 causae
871 1929 1053 1970 maxime
1085 1931 1152 1970 est
1183 1929 1397 1971 alienum?

64 1988 114 2029 A.
146 1988 386 2041 Terentius,
424 1988 533 2029 alter
570 1986 711 2038 testis,
749 2000 836 2027 non
873 1986 997 2028 modo
1036 1987 1288 2042 Aebutium,
1327 1988 1398 2029 secl
1424 1999 1466 2028 25

65 2046 193 2087 etiam
226 2060 270 2086 se
301 2045 476 2099 pessimi
506 2045 709 2087 facinoris
749 2046 900 2100 arguit.
961 2044 1013 2086 In
1044 2045 1281 2087 Aebutium
1319 2046 1399 2087 hoc

66 2104 178 2158 dicit,
211 2106 399 2145 armatos
431 2104 624 2146 homines
655 2103 799 2157 fuisse,
832 2103 882 2144 de
913 2118 958 2145 se
991 2106 1134 2145 autem
1165 2104 1248 2146 hoc
1278 2119 1398 2159 prae-

11 2172 47 2198 35
66 2162 194 2215 dicat,
238 2162 466 2216 Antiocho,
511 2162 671 2204 Aebuti
713 2176 854 2215 servo,
895 2176 940 2204 se
976 2161 1228 2217 imperasse,
1269 2165 1317 2203 ut
1357 2163 1400 2203 in

65 2219 292 2263 Caecinam
324 2221 618 2262 advenientem
648 2235 744 2262 cum
775 2220 888 2262 ferro
920 2220 1150 2262 invaderet.
1201 2220 1310 2268 Quid
1341 2221 1400 2262 lo-

67 2293 172 2333 quar
198 2278 380 2333 amplius
405 2279 454 2321 de
480 2279 562 2322 hoc
586 2279 787 2321 homine?
831 2278 882 2320 In
908 2293 1032 2334 quem
1053 2293 1131 2335 ego
1153 2279 1233 2320 hoc
1253 2278 1400 2332 dicere,
