1687 2533
554 91 656 128 CAP.
682 95 819 126 25—27
847 94 866 133 3
892 93 1043 125 55—59.
1364 88 1448 130 539

108 190 385 233 deterrimum
417 191 545 243 poeta
571 186 809 242 praestanti
836 185 991 240 aliquis
1018 185 1190 240 ingenio
1215 184 1328 226 fictis
1355 198 1449 225 con-

110 249 363 304 quisitisque
402 247 519 288 vitiis
552 245 838 287 deformatum
870 245 1001 286 vellet
1031 243 1246 295 inducere,
1282 243 1449 284 nullum

109 308 300 363 profecto
344 305 523 347 dedecus
567 305 749 359 reperire
792 306 958 357 posset,
1003 302 1115 357 quod
1158 302 1202 343 in
1242 302 1323 343 1100
1362 315 1448 343 11011

109 368 280 419 inesset,
312 365 530 418 multaque
561 364 605 404 in
637 378 685 405 eo
712 363 882 418 penitus
910 362 1048 403 defixa
1074 364 1202 416 atque
1228 360 1449 402 haerentia

73 438 90 464 5
109 424 374 490 praeter-iret.
423 422 677 465 Parentibus
710 424 752 463 et
779 422 842 462 dis
868 420 1185 462 immortalibus
1214 423 1256 461 et
1281 419 1517 474 patriae97

110 498 188 525 nos
211 483 413 549 primum
439 484 592 523 natura
623 481 841 534 conciliat3
874 480 1021 521 eodem
1048 479 1161 520 enim
1187 481 1380 533 tempore
1407 481 1448 519 et

110 542 366 597 suscipimur
402 541 447 581 in
483 541 620 582 lucem
659 543 701 581 et
739 540 820 581 hoc
851 538 1026 580 caelesti
1059 539 1212 593 spiritu
1244 551 1450 592 augemur

110 604 153 642 et
185 604 345 642 certam
376 600 420 640 in
452 599 592 640 sedem
626 598 813 639 civitatis
843 612 891 639 ac
916 597 1129 638 libertatis
1155 596 1448 638 adscribimur.

109 659 196 701 Iste
228 661 455 713 parentum
485 671 817 711 110111011,3301·,3
849 657 1110 709 memoriam,
1143 658 1315 711 gentem
1341 654 1448 696 Fon-

59 719 252 760 10101300
279 717 451 758 nomine
478 716 633 769 obruit,
665 716 840 757 deorum
865 715 990 770 ignis,
1024 715 1143 769 solia,
1169 729 1350 768 mensas,
1377 714 1448 755 ab·

111 777 223 818 ditos
256 791 304 818 ac
334 775 575 831 penetrales
607 774 744 829 focos,
776 771 943 816 occulta
976 776 1018 815 et
1049 773 1239 815 maribus
1270 788 1357 814 non
1388 773 1447 813 in-

110 836 202 877 visa
228 835 378 887 3010111,
406 834 478 875 3οᾰ
504 834 634 875 etiam
659 834 851 874 inaudita
878 847 998 874 sacra
1020 832 1271 887 inexpiabili
1291 832 1446 874 scelere

110 894 318 948 pervertit
343 893 538 946 idemque
565 907 709 933 earum
729 893 937 946 templum
957 891 1240 932 inflammavit
1260 892 1447 942 dearum,

112 967 292 1007 quarum
337 966 416 1006 ope
461 951 589 992 etiam
634 951 729 992 aliis
773 951 977 992 incendiis
1017 950 1277 992 subvenitur.
1338 949 1447 998 Quid
1475 960 1517 990 58

59 1023 92 1050 15
113 1012 163 1053 de.
201 1011 342 1065 patria
380 1010 560 1064 loquar?
599 1010 670 1064 qui
708 1010 894 1064 primum
927 1023 1023 1050 eum
1056 1010 1190 1050 civem
1220 1009 1280 1063 vi,
1320 1008 1447 1062 ferro,

111 1070 310 1125 periculis
361 1069 482 1123 urbe,
532 1069 730 1110 omnibus
780 1068 945 1123 patriae
994 1068 1219 1133 praesidiis
1273 1067 1448 1122 depulit,

113 1143 238 1182 quem
269 1143 344 1170 vos
376 1128 542 1182 patriae
574 1130 919 1169 conservatorem
946 1141 1037 1168 esse
1064 1127 1315 1182 saepissime
1340 1126 1447 1167 iudi-

111 1187 275 1241 caritis,
318 1186 466 1228 deinde
510 1201 657 1227 everso
703 1188 891 1238 senatus,
935 1188 982 1226 ut
1024 1199 1103 1239 ego
1146 1200 1312 1239 semper
1351 1185 1449 1238 dixi,

112 1246 279 1299 comite,
306 1245 421 1298 duce,
446 1248 494 1286 ut
514 1245 586 1285 1110
607 1245 788 1298 dicebat,
814 1220 1010 1285 seriatum
1030 1244 1184 1298 ipsum,
1210 1244 1448 1298 principem

59 1316 92 1341 20
113 1305 266 1345 salutis
298 1304 537 1357 mentisque
569 1303 776 1357 publicae,
808 1303 860 1355 vi,
893 1303 1018 1344 caede
1043 1302 1331 1356 incendiisque
1357 1316 1448 1368 per-

112 1363 254 1416 vertit,
286 1362 459 1403 sustulit
491 1362 594 1402 duas
627 1361 756 1417 leges,
789 1336 957 1401 Aeliam
991 1364 1032 1402 et
1056 1360 1234 1414 Fufiam,
1266 1361 1448 1401 maxime

112 1421 173 1462 rei
193 1421 388 1475 publicae
409 1421 632 1474 salutares,
653 1434 875 1461 censuram
891 1419 1082 1474 extinxit,
1101 1419 1447 1461 intercessionem

112 1480 311 1534 removit,
350 1479 539 1533 auspicia
571 1478 743 1531 delevit,
782 1478 975 1520 consules
1009 1478 1179 1520 sceleris
1213 1478 1278 1519 sui
1310 1478 1447 1519 socios

114 1538 295 1591 aerario,
327 1538 575 1592 provinciis,
608 1539 794 1578 exercitu
826 1537 1022 1590 armavit,
1053 1551 1176 1592 reges
1210 1537 1282 1590 qui
1314 1539 1447 1589 erant,

61 1607 94 1633 25
114 1596 320 1649 vendidit,
363 1596 435 1650 qui
476 1611 563 1637 non
606 1599 745 1649 erant,
789 1595 1040 1650 appellavit,
1085 1595 1158 1636 Cn.
1195 1595 1446 1649 Pompeium

113 1654 227 1695 ferro
248 1654 420 1695 domum
441 1655 658 1708 compulit,
677 1655 985 1708 imperatorum
1005 1654 1269 1694 monimenta
1283 1653 1447 1707 evertit,

114 1712 384 1753 inimicorum
435 1712 583 1754 domus
635 1713 909 1765 disturbavit,
961 1712 1116 1753 vestris
1172 1712 1446 1753 monimentis

115 1786 238 1812 suum
268 1785 425 1812 nomen
455 1770 683 1824 inscripsit.
732 1770 907 1811 Infinita
933 1773 1032 1811 sunt
1057 1771 1228 1825 3001013,
1261 1785 1367 1824 quae
1394 1771 1447 1812 ab

114 1830 192 1871 illo
235 1829 278 1870 in
321 1829 506 1883 patriam
550 1832 650 1870 sunt
687 1829 817 1882 edita3
862 1828 990 1882 quid?
1030 1843 1136 1883 quae
1172 1830 1217 1870 in
1254 1829 1447 1884 singulos

62 1899 96 1924 30
117 1888 240 1941 cives,
271 1902 378 1941 quos
409 1888 588 1941 necavit,
618 1887 768 1940 socios,
801 1902 906 1940 quos
939 1887 1124 1942 diripuit,
1154 1888 1447 1942 imperatores,

117 1960 222 2000 quos
253 1946 452 2000 prodidit,
485 1946 705 1999 exercitus,
737 1960 842 1999 quos
874 1946 1131 2000 temptavit?
1176 1945 1285 1994 Quid
1316 1946 1446 1986 vero?
1475 1956 1515 1986 59

117 2018 167 2045 ea
193 2007 352 2058 quanta
379 2007 489 2057 sunt,
516 2019 622 2059 quae
648 2005 692 2044 in
717 2004 858 2058 ipsum
884 2018 928 2045 se
955 2006 1124 2058 scelera,
1151 2019 1259 2059 quae
1284 2004 1329 2044 in
1349 2018 1447 2045 suos

118 2062 265 2103 edidit!
315 2062 417 2111 Quis
455 2064 595 2104 minus
627 2077 831 2116 umquam
862 2063 1052 2117 pepercit
1082 2063 1270 2104 hostium
1297 2062 1448 2103 castris

118 2135 245 2174 quam
276 2121 349 2162 ille
382 2121 578 2163 omnibus
610 2122 799 2175 corporis
831 2121 896 2162 sui
927 2122 1149 2176 partibus?
1189 2135 1297 2174 quae
1328 2121 1448 2161 navis

65 2189 99 2214 35
118 2193 319 2232 umquam
344 2180 388 2220 in
410 2180 583 2221 flumine
603 2180 772 2234 publico
793 2182 883 2220 tam
903 2180 1082 2235 vulgata
1102 2180 1299 2220 omnibus
1320 2194 1447 2233 quam

117 2236 242 2277 istius
297 2241 412 2279 aetas
461 2239 571 2279 fuit?
622 2239 715 2292 quis
761 2253 963 2292 umquam
1005 2252 1137 2292 nepos
1181 2240 1270 2278 tam
1314 2237 1446 2278 libere

119 2297 184 2336 est
221 2310 315 2336 cum
354 2297 503 2338 scortis
542 2312 669 2351 quam
706 2296 774 2338 hic
812 2311 906 2338 cum
945 2296 1162 2338 sororibus
1201 2294 1448 2337 volutatus?
