1619 2542
130 77 214 112 VIII
538 75 818 111 ADNOTATIO
845 75 1044 111 CR-ITICA.

129 172 210 206 tani
234 171 469 214 frumentum3
500 182 533 205 v.
560 181 594 214 p.
623 174 676 204 21.
703 173 759 207 37.
787 190 828 195 -—
855 170 893 205 P.
920 173 975 204 27.
1005 174 1045 204 16
1071 174 1287 215 quantopere
1312 170 1390 206 eod.
1417 171 1462 215 V,

129 229 205 253 non
229 221 364 263 quanto
389 228 501 262 opere,
526 219 567 250 ut
592 227 659 250 ser.
687 216 784 259 edd.;
814 216 861 250 ad
885 228 920 261 p.
950 221 1025 252 190.
1053 221 1108 260 30,
1135 216 1201 251 Off.
1228 229 1262 261 p.
1290 221 1321 252 2.
1343 222 1400 260 27,
1425 217 1460 253 S.

131 265 237 301 Rosa.
263 277 297 309 p.
326 268 379 299 71.
409 267 462 298 12.
489 284 532 289 —
558 263 596 298 P.
624 267 679 298 27.
707 268 749 298 33
777 264 857 298 Hoc
888 265 999 298 intell.
1025 263 1113 298 Bak.
1142 263 1261 298 Schol.
1288 264 1462 308 hypomn.

133 312 163 346 V
183 324 217 356 p.
241 315 318 354 180,
339 310 459 345 Klein.
480 331 523 335 —
544 311 585 346 P.
603 314 658 345 27.
680 314 724 344 34
745 321 797 353 sq.
817 321 932 345 vocem
950 314 982 345 et
1001 310 1070 345 del.
1093 321 1188 346 cenS.
1209 310 1310 355 Bak,
1329 310 1463 356 Klein„

130 362 162 393 et
176 359 369 393 audaciam
382 357 511 401 Pluyg.
524 357 596 393 Mn.
612 356 679 391 VII
698 369 732 401 p.
749 361 827 400 199,
847 356 956 401 Kays.
971 378 1013 383 -
1027 358 1068 392 P.
1082 361 1138 392 28.
1154 362 1196 392 22
1216 359 1287 401 hos,
1307 368 1382 392 non
1395 369 1464 401 eos,

131 405 265 447 Klotz„
291 416 356 440 nos
381 405 460 440 cod.
487 404 529 439 V.
557 424 599 430 -
626 405 664 438 Ρ.
692 407 745 438 28.
774 408 815 438 23
842 405 931 439 hom.
958 405 1061 439 caede
1086 404 1214 449 Pluyg.
1240 404 1313 439 Mn.
1339 403 1408 439 VII
1425 417 1461 450 p.

130 457 215 493 200,
242 452 368 495 Kays.,
394 451 525 494 Klotz„
551 452 574 495 †
599 451 722 486 scelere
746 450 864 485 Klein.
891 450 1091 485 Hominum
1114 452 1226 486 scelus
1251 453 1307 485 est
1331 452 1461 487 caedes.

131 519 174 524 —
201 499 239 534 P.
266 502 321 533 28.
349 502 393 533 33
425 499 591 543 iugulare
622 508 706 540 sen,
739 499 863 532 iurare
893 497 971 532 eod.
998 497 1041 537 V,
1068 497 1208 541 Halm„
1241 509 1324 532 cum
1356 508 1463 533 cruce

130 545 239 589 Kays.
262 557 359 589 susp.
381 547 582 587 coniurare,
602 548 696 579 stare
717 543 843 578 Cobet.
863 543 996 579 Mnem.
1017 544 1049 578 H
1069 557 1103 589 p.
1124 548 1203 588 423,
1230 546 1463 580 condemnare

131 592 263 635 Klotz,
284 594 447 637 peierare
467 591 510 625 H.
527 591 580 638 «Α.
606 591 722 625 Koch.
748 602 870 635 progr.
897 592 994 626 Porta.
1024 594 1113 626 1868
1137 604 1171 636 p.
1193 595 1225 635 5,
1247 591 1365 627 Gallis
1389 602 1460 627 cre-

113 641 211 677 ,clere
243 639 322 673 eod.
350 639 385 681 S,
410 638 527 682 vulg,
562 637 605 672 ef.
634 637 668 672 S.
694 637 801 673 Rosc.
831 642 873 672 10
899 648 952 672 ex.
979 642 1034 681 29,
1060 637 1136 673 Mil.
1165 643 1220 673 11.
1247 643 1288 673 31
1322 638 1391 674 oei).
1418 659 1463 663 —

130 685 167 721 P.
189 690 243 720 29.
273 690 316 720 10
342 687 397 720 Hi
423 687 501 720 cod.
523 685 558 728 S,
584 684 706 728 Kays,
731 684 864 727 Klotz„
889 686 943 719 hii
961 684 1004 728 V,
1032 686 1073 719 12·
1091 684 1224 728 Halm,
1250 686 1312 730 qui
1330 685 1462 729 Pluyg.

129 732 346 767 MnemVII
370 744 404 777 p.
433 736 509 766 201.
536 752 579 756 ——
605 732 642 766 P.
670 735 783 766 29.17
811 733 993 767 adulese.
1020 731 1099 766 eod.
1126 733 1158 766 V
1183 733 1225 766 ut
1249 731 1462 776 plerumque

129 780 228 814 mell.
250 779 367 822 codd,
393 779 509 814 Paris.
531 782 622 813 7794
649 778 738 812 ‘fere
759 779 915 823 semper’
939 778 1073 823 (Halm.
1094 791 1131 823 p.
1150 782 1228 814 835.
1252 780 1320 823 12),
1341 778 1463 823 Kays„

130 828 223 862 aclol.
257 826 378 861 Halm.
412 827 449 860 et
480 825 576 860 Bait.
609 826 647 860 eh
678 824 796 859 Klotz.
830 826 937 860 Adol.
967 825 1006 859 in
1037 825 1141 861 codd.
1175 825 1352 870 seriptum
1383 835 1465 860 esse

129 875 316 908 testantur
347 872 429 907 edd.
458 883 567 917 saepe
598 883 665 917 pro
697 872 856 915 Cluent„
889 871 1110 916 aliquotiens
1144 871 1188 906 de
1219 872 1306 917 imp.
1334 872 1396 908 Cn.
1422 873 1462 908 Ρ.

132 923 179 964 (p.
213 924 267 954 95.
295 921 370 964 20),
403 930 468 964 pro
500 919 591 953 Rab.
624 921 671 963 (p.
700 923 777 953 276.
806 921 879 964 17),
911 930 977 963 pro
1007 919 1116 962 Mun,
1149 930 1213 964 pro
1247 918 1365 963 Sulla,
1397 930 1465 964 pro

130 967 274 1010 Flacco,
301 977 411 1011 saepe
436 966 530 1000 falso
556 965 687 1000 testari
713 966 845 1000 scimus
870 965 974 1000 velut
996 978 1031 1010 p.
1058 970 1113 1000 41.
1140 970 1195 1009 25,
1222 969 1276 1002 84.
1299 970 1319 1001 6
1345 966 1384 1000 et
1408 969 1464 1010 10,

133 1018 185 1048 95.
208 1018 272 1056 24,
297 1018 350 1048 96.
373 1019 404 1056 6,
433 1017 508 1048 197.
533 1016 591 1055 18,
624 1017 701 1047 209.
724 1016 785 1055 20,
818 1017 896 1047 253.
918 1016 961 1047 32
988 1016 1024 1055 <a
1050 1014 1088 1047 et
1111 1012 1143 1046 A
1168 1014 1300 1057 aaut),
1333 1016 1410 1048 304.
1431 1016 1464 1056 8,

131 1065 210 1096 379.
227 1065 281 1103 32,
297 1064 374 1095 380.
391 1065 446 1103 36,
461 1063 537 1095 382.
554 1065 585 1102 8,
601 1063 677 1094 383.
695 1064 754 1101 253
770 1059 912 1101 Quinct.
927 1071 961 1104 p.
978 1064 1073 1096 4.24.
1090 1080 1132 1085 —
1147 1060 1184 1094 P.
1200 1063 1254 1095 29.
1273 1063 1314 1094 18
1329 1071 1381 1104 sq.
1395 1060 1463 1095 vir.

132 1109 251 1142 bonor.
273 1111 347 1143 test.
370 1107 440 1141 del.
463 1118 557 1141 cens.
573 1106 693 1141 Madv.
710 1106 801 1140 Adv.
818 1106 851 1140 Π
870 1118 903 1150 p.
922 1111 998 1141 197.
1019 1127 1064 1132 -
1083 1107 1121 1141 Ρ.
1137 1110 1192 1142 29.
1207 1110 1251 1141 29
1272 1107 1364 1142 idem
1383 1116 1464 1149 scr„

134 1156 173 1189 id
193 1154 272 1188 cod.
288 1154 330 1196 V,
351 1155 380 1188 iz·
401 1153 435 1195 S,
457 1154 538 1188 edd.
560 1153 596 1188 P.
618 1158 673 1187 96.
692 1158 733 1187 16
754 1155 828 1188 eius
846 1153 921 1195 TH,
944 1157 1020 1188 149.
1035 1158 1079 1188 33
1098 1164 1154 1188 eos
1173 1163 1298 1188 omnes
1318 1154 1467 1198 praeter

131 1201 169 1244 P,
194 1205 268 1236 169.
290 1205 333 1235 26
354 1212 432 1235 eum
452 1201 493 1242 T,
522 1204 597 1235 183.
621 1204 662 1234 15
682 1201 721 1235 az
740 1200 779 1243 Τ,
809 1204 886 1235 299.
909 1204 928 1234 6
949 1201 1019 1234 hiis
1039 1200 1080 1243 G,
1108 1204 1174 1235 347
1195 1205 1215 1235 2
1236 1210 1291 1236 eos
1309 1200 1339 1234 Τ
1360 1200 1464 1243 dett,

131 1252 210 1282 424.
239 1252 283 1282 34
307 1259 384 1283 eam
410 1258 552 1289 omnes,
585 1251 640 1281 89.
667 1251 710 1281 22
742 1247 835 1282 idem
865 1247 910 1290 F,
945 1251 1022 1281 114.
1050 1251 1093 1281 21
1126 1248 1242 1283 eodem
1273 1247 1358 1291 (die)
1385 1246 1464 1289 ΜΕ,

134 1297 212 1327 267.
228 1297 246 1327 7
268 1295 421 1329 eiusdem
441 1294 477 1337 d,
498 1299 575 1328 275.
589 1299 632 1329 36
653 1297 786 1330 eosdem
805 1300 824 1330 9
846 1295 963 1338 codd,
985 1299 1131 1337 35018,
1153 1299 1232 1329 453.
1246 1299 1291 1329 26
1311 1293 1467 1329 eodemS

133 1341 172 1374 et
192 1344 212 1374 9
232 1341 336 1388 ng.,
363 1344 442 1375 494.
455 1345 498 1375 29
519 1341 607 1384 MV,
627 1345 706 1376 498.
720 1345 740 1376 8
760 1343 880 1376 eadem
898 1343 1070 1377 modestia
1089 1341 1205 1375 GMV
1225 1345 1282 1383 (ex
1301 1352 1343 1376 ea
1361 1341 1465 1385 mod„

132 1401 218 1424 nam
243 1394 258 1425 t
281 1389 320 1423 in
346 1390 424 1424 eod.
451 1389 478 1423 P
502 1389 541 1423 in
565 1392 667 1433 raS.);
694 1389 740 1423 ad
765 1402 799 1434 p.
826 1394 904 1424 213.
932 1395 992 1433 34,
1019 1394 1096 1426 300.
1123 1395 1162 1434 9,
1189 1395 1266 1426 302.
1294 1395 1356 1433 34,
1384 1395 1464 1426 449.

132 1441 188 1480 26,
214 1435 291 1471 Fin.
317 1448 352 1480 p.
381 1440 458 1470 195.
485 1441 522 1480 3,
550 1436 616 1470 Off.
642 1448 677 1480 p.
707 1440 783 1471 106.
812 1440 871 1479 19,
897 1436 998 1472 Verr.
1023 1448 1058 1481 p.
1085 1441 1162 1472 349.
1192 1442 1245 1473 11.
1271 1458 1317 1463 —
1341 1437 1380 1473 P.
1407 1442 1462 1473 29.

133 1487 177 1517 30
203 1485 288 1527 post
312 1487 572 1528 oppuynarunt
596 1483 724 1517 deesse
749 1483 872 1518 locum
894 1483 939 1518 de
960 1483 1212 1518 defensoribus
1232 1483 1363 1519 Fontei
1382 1495 1465 1530 pro·

132 1530 310 1564 habiliter
336 1531 427 1565 coni.
448 1530 576 1574 Pluyg.
596 1529 669 1565 Mn.
684 1529 752 1564 VII
771 1542 806 1574 p.
830 1533 906 1573 198,
935 1530 1121 1566 asteriscis
1141 1531 1321 1576 appositis
1342 1530 1463 1576 signif.

132 1576 240 1620 Kays.
264 1597 305 1601 —
326 1576 363 1610 P.
391 1581 444 1611 30.
472 1581 491 1611 9
517 1578 691 1622 reliquias
716 1576 833 1619 codd,
859 1576 968 1621 Kays.
996 1577 1089 1612 coni.
1115 1580 1277 1613 nationis
1301 1579 1464 1614 Allobro-

134 1635 218 1667 9mn
243 1624 431 1667 reliquias,
467 1634 513 1657 an
537 1625 710 1668 reliquias
734 1627 842 1659 suas?
867 1644 912 1649 —
937 1624 976 1660 P.
1003 1628 1057 1659 30.
1086 1629 1128 1659 17
1156 1636 1231 1669 sqq.
1262 1624 1395 1660 Volunt
1420 1645 1464 1651 -

135 1690 177 1695 —
204 1670 406 1705 ostendere?
443 1670 564 1705 Madv.
591 1671 683 1706 Adv.
710 1670 743 1704 II
767 1682 801 1715 p.
825 1674 891 1706 198
917 1673 998 1716 (em.
1026 1671 1122 1706 Liv.2
1146 1684 1180 1716 p.
1208 1676 1275 1706 229
1300 1674 1362 1716 n.),
1395 1671 1463 1706 Vo-

133 1718 213 1752 lunt
238 1736 282 1742 —-
308 1718 495 1753 ostendere.
527 1717 660 1759 Halm,
686 1721 727 1752 ut
750 1719 860 1753 velint
880 1737 923 1743 —
943 1719 1130 1753 ostendere.
1151 1717 1250 1762 vulg.
1277 1737 1319 1743 —
1344 1717 1385 1753 P.
1407 1721 1462 1754 30.

134 1767 177 1798 29
204 1767 376 1806 versatus,
400 1765 442 1798 in
466 1765 587 1799 honor.
609 1764 690 1798 edd.
712 1785 754 1789 »-
775 1764 828 1799 Ib.
850 1776 903 1808 sq.
918 1766 1165 1809 potestatibus,
1190 1764 1209 1784 *
1227 1766 1268 1799 in
1287 1766 1371 1809 imp.
1390 1776 1462 1809 yer.

133 1812 185 1846 sie
209 1809 331 1855 Kays,
355 1810 474 1846 Klotz.
494 1810 659 1845 Momms
683 1812 790 1855 auct„
816 1812 879 1855 qui
903 1823 935 1846 v.
957 1822 986 1846 c.
1006 1811 1206 1847 obtinendis
1231 1810 1464 1846 intercidisse

135 1857 333 1893 existimat.
362 1878 403 1882 ——
430 1858 469 1894 P.
497 1861 552 1893 30.
579 1862 622 1892 32
655 1862 719 1892 aut
749 1870 772 1892 a
803 1859 1009 1893 erudelitate
1039 1858 1126 1902 post
1145 1859 1353 1902 petulantia
1377 1858 1462 1895 add.

134 1905 263 1948 Pluyg.
286 1904 330 1939 cf.
350 1916 384 1948 p.
405 1908 459 1940 31.
481 1909 536 1947 25,
561 1904 670 1948 Kays.
694 1924 734 1930 —-
756 1905 794 1939 P.
817 1909 869 1939 30.
891 1909 935 1939 33
961 1908 998 1939 at
1023 1909 1134 1939 certe
1158 1905 1185 1947 f.
1206 1915 1284 1948 ser„
1311 1909 1349 1940 at
1373 1915 1462 1940 eom-

134 1955 234 1986 moa'e
269 1952 295 1994 f.
321 1951 461 1995 Halm„
500 1951 637 1994 Klein,
675 1952 841 1994 atdeficta
872 1952 949 1986 eod.
971 1951 1014 1993 V,
1046 1955 1085 1986 at
1115 1955 1233 1986 tamen
1266 1953 1292 1994 f.
1319 1951 1398 1986 cod.
1426 1951 1463 1995 S,

134 1997 273 2041 Klotz„
305 1997 416 2042 Kays.
444 2018 488 2023 —
513 1998 552 2033 P.
580 2002 636 2033 30.
663 2002 706 2033 37
738 1998 964 2043 [Scaurum]
988 1996 1099 2041 KayS.
1127 2018 1170 2022 —
1195 1998 1234 2032 P.
1261 2003 1316 2033 31.
1343 2002 1364 2033 8
1388 2008 1463 2033 non

135 2047 183 2080 acl
209 2046 338 2080 lubia.
367 2056 444 2080 esse
470 2045 508 2079 in
534 2046 612 2080 cod.
628 2045 659 2078 V
686 2046 844 2079 testatur
869 2043 1096 2087 Reiffersch,
1124 2043 1188 2078 sed
1214 2046 1261 2080 ad
1286 2046 1397 2088 libid,
1424 2045 1465 2079 eb

135 2104 167 2127 v.
190 2096 233 2127 25
261 2093 371 2127 lubid.
394 2103 483 2127 corr.
510 2104 556 2127 m.
583 2095 604 2125 2
631 2102 675 2126 ex
700 2093 800 2126 libid.
821 2094 858 2126 eh
883 2103 917 2136 p.
939 2095 994 2126 35.
1017 2095 1058 2125 15
1085 2090 1212 2135 syllab.
1234 2092 1311 2126 lubi
1334 2091 1373 2125 in
1392 2101 1460 2127 ras.

134 2151 181 2173 m.
216 2144 253 2182 2,
287 2140 397 2174 lubia.
429 2138 549 2173 Halm.
577 2159 620 2164 —
645 2138 683 2173 P.
717 2143 771 2173 31.
807 2142 847 2173 17
879 2139 996 2184 [qnod
1025 2142 1129 2173 erant
1152 2138 1300 2183 plures]
1331 2138 1460 2183 Pluyg.

135 2185 352 2220 Mnem.VII
376 2198 410 2230 p.
438 2190 516 2229 220,
541 2185 662 2229 Kays,
688 2184 807 2220 Klein.
835 2205 877 2210 —
903 2186 940 2220 P.
969 2189 1023 2219 31.
1052 2188 1093 2219 19
1119 2185 1205 2229 [z'n]
1229 2184 1318 2219 Bak.
1340 2185 1460 2219 Sohol.

135 2231 267 2276 hyp.V
291 2245 325 2277 p.
355 2236 431 2275 180,
455 2232 592 2274 Klein,
620 2232 667 2266 ad
692 2243 725 2276 p.
754 2236 879 2275 6017,
906 2235 1053 2274 23418,
1081 2234 1157 2266 286.
1173 2235 1204 2273 3,
1231 2235 1309 2266 292.
1325 2236 1356 2275 6,
1382 2235 1460 2267 393.

135 2283 192 2322 36,
218 2283 296 2314 443.
312 2284 343 2323 3,
370 2283 447 2314 468.
466 2284 495 2323 1,
514 2291 550 2324 p.
571 2282 648 2314 485.
664 2283 720 2323 25,
741 2278 774 2314 S.
796 2278 900 2314 Rosa.
920 2290 955 2323 p.
978 2282 1030 2314 62.
1049 2282 1101 2314 19.
1123 2297 1165 2304 —
1186 2277 1223 2312 P.
1245 2281 1299 2312 32.
1320 2282 1340 2313 6
1365 2278 1462 2324 [Ta-
