1619 2542
108 218 150 248 :26

108 513 125 542 [0

132 513 149 543 ¹⁸]

180 111 263 151 110
523 109 615 145 PRO
643 110 685 145 A.
713 109 950 146 CLUENTIO
978 109 1166 147 ORATIO.

265 206 456 247 Primum
500 206 638 248 videte
687 206 873 247 hominis
926 206 1157 248 audaciam.
1231 205 1420 248 Sassiam
1469 206 1514 248 in

177 266 497 307 matrimonium
519 265 680 317 ducere,
702 264 853 306 Habiti
873 268 1067 317 matrem,
1086 265 1218 319 illam,
1240 265 1356 307 cuius
1376 266 1514 307 virum

178 325 227 366 A.
260 324 443 365 Aurium
477 323 699 376 occiderat,
732 323 985 377 concupivit.
1040 322 1195 365 Utrum
1226 323 1515 378 impudentior

176 383 263 434 hic,
296 383 367 437 qui
400 382 611 436 postulet,
643 396 697 423 an
730 381 940 423 crudelior
970 382 1064 433 illa,
1097 382 1133 422 si
1162 382 1309 436 nubat,
1342 382 1514 423 difficile

178 442 293 482 dictu
325 444 406 495 est3
440 441 513 481 sed
544 443 689 481 tamen
721 441 941 495 utriusque
972 440 1286 482 humanitatem
1319 443 1550 482 constan—5

177 501 366 554 tiamque
400 499 653 553 cognoscite.
715 498 830 540 Petit
862 499 1140 554 Oppianicus,
1180 502 1228 540 ut
1261 499 1342 540 sibi
1370 498 1516 541 Sassia

177 559 323 611 nubat,
355 561 397 598 et
428 558 471 598 id
503 571 660 613 magno
694 572 819 612 opere
852 558 1080 599 contendit.
1140 558 1224 599 Illa
1256 560 1398 599 autem
1428 573 1516 600 non

179 618 417 658 admiratur
469 616 707 670 audaciam,
758 631 845 657 non
893 616 1203 670 impudentiam
1253 620 1516 671 aspernatur,

178 690 263 717 non
297 676 475 728 denique
507 675 628 716 illam
655 675 879 729 Oppianici
912 675 1084 716 domum
1110 675 1191 717 viri
1217 675 1282 716 sui
1308 676 1514 730 sanguine

177 734 487 775 redundantem
524 733 795 788 reformidat,
835 733 924 783 sed,
963 734 1075 789 quod
1106 734 1284 775 haberet
1316 736 1402 775 tres
1439 734 1513 774 ille
1536 746 1568 770 10

177 793 307 846 filios,
345 793 501 834 idcirco
541 806 585 833 se
625 793 678 833 ab
716 793 769 833 iis
807 792 970 847 nuptiis
1015 792 1244 834 abhorrere
1282 792 1514 847 respondit.

178 851 450 906 Oppianicus,
484 851 555 905 qui
587 851 809 904 pecuniam
837 850 1005 892 Sassiae
1032 851 1356 906 concupivisset,
1389 851 1514 892 domo

179 911 261 951 sibi
287 910 575 964 quaerendum
601 910 835 950 remedium
863 909 1126 951 existimavit
1153 910 1206 951 ad
1226 924 1319 951 eam
1339 924 1515 962 moram,
1568 925 1570 929 ’

179 983 285 1023 quae
311 968 476 1023 nuptiis
504 967 790 1009 adferebatur.
834 967 947 1009 Nam
974 983 1067 1010 cum
1094 969 1273 1010 haberet
1298 983 1348 1010 ex
1373 968 1515 1010 Novia

177 1027 385 1068 infantem
427 1027 579 1081 filium,
621 1027 731 1068 alter
769 1030 910 1068 autem
949 1027 1037 1068 eius
1078 1028 1192 1068 filius
1224 1026 1358 1082 Papia
1387 1029 1513 1068 natus
1535 1037 1568 1064 15

180 1085 311 1127 Teani
343 1085 491 1140 Apuli,
530 1086 642 1139 quod
681 1086 803 1126 abest
844 1086 896 1126 ab
927 1085 1084 1126 Larino
1116 1098 1232 1127 XVIII
1270 1086 1390 1126 milia
1420 1100 1514 1139 pas-

179 1159 320 1198 suum,
359 1144 471 1198 apud
508 1146 689 1184 matrem
728 1144 1001 1196 educaretur,
1040 1145 1217 1185 arcessit
1249 1144 1391 1185 subito
1424 1144 1515 1184 sine

179 1217 307 1244 causa
338 1217 517 1256 puerum
548 1201 703 1255 Teano,
736 1202 848 1256 quod
879 1202 1016 1244 facere
1047 1202 1130 1242 nisi
1156 1203 1266 1243 ludis
1295 1202 1513 1257 [publicis]

179 1264 254 1303 aut
301 1261 424 1302 festis
478 1261 626 1302 diebus
677 1264 803 1301 antea
845 1275 931 1302 non
972 1261 1150 1302 solebat.
1224 1260 1364 1301 Mater
1405 1261 1514 1301 nihil

179 1320 284 1361 mali
324 1321 479 1360 misera
512 1319 733 1373 suspicans
765 1319 910 1360 mittit.
971 1319 1047 1359 Ille
1081 1333 1123 1360 se
1156 1318 1387 1359 Tarentum
1418 1333 1513 1373 pro·
1533 1331 1566 1355 20

178 1378 310 1420 ficisci
351 1393 446 1420 cum
482 1378 745 1430 simulasset,
787 1392 835 1418 eo
873 1378 966 1431 ipso
1005 1377 1070 1418 die
1109 1392 1212 1432 puer
1249 1378 1355 1418 hora
1387 1377 1511 1418 unde-

180 1438 290 1478 cima
322 1452 416 1478 cum
449 1437 595 1478 valens
627 1437 671 1477 in
702 1436 873 1491 publico
906 1437 1022 1477 visus
1055 1439 1183 1489 esset,
1216 1438 1314 1477 ante
1345 1438 1513 1477 noctem

178 1498 371 1537 mortuus
399 1497 440 1537 et
464 1495 681 1549 postridie,
713 1497 941 1548 antequam
967 1495 1139 1548 luceret,
1165 1495 1410 1536 combustus
1438 1497 1513 1535 est.

180 1555 323 1608 Atque
360 1554 473 1595 hunc
515 1557 684 1594 tantum
716 1568 952 1594 maerorem
984 1554 1114 1594 matri
1145 1554 1262 1607 prius
1293 1553 1513 1594 hominum

178 1627 326 1654 rumor
359 1627 486 1667 quam
520 1613 746 1666 quisquam
774 1627 824 1653 ex
849 1611 1072 1666 Oppianici
1097 1611 1264 1652 familia
1287 1611 1512 1652 nuntiavit.
1533 1622 1567 1648 25

179 1671 262 1712 Illa
293 1686 388 1712 cum
420 1686 504 1712 uno
537 1674 730 1725 tempore
763 1670 952 1712 audisset
985 1671 1068 1711 sibi
1092 1685 1178 1712 non
1205 1671 1341 1711 solum
1365 1670 1513 1722 filium,

181 1730 253 1770 sed
286 1730 416 1771 etiam
449 1730 743 1783 exsequiarum
776 1743 927 1770 munus
953 1731 1156 1783 ereptum,
1187 1728 1390 1769 Larinum
1416 1741 1511 1768 eon-

179 1788 326 1829 festim
365 1788 606 1829 exanimata
644 1788 761 1829 venit
800 1790 841 1829 et
883 1788 943 1828 ibi
981 1787 1031 1828 de
1069 1787 1238 1841 integro
1270 1786 1396 1826 funus
1426 1785 1512 1826 iani

182 1847 349 1900 sepulto
382 1846 470 1886 filio
503 1846 615 1887 fecit.
660 1846 763 1887 Dies
789 1846 978 1887 nondum
1004 1846 1145 1886 decem
1172 1845 1511 1897 intercesserant,

181 1919 275 1946 cum
324 1905 396 1945 ille
446 1904 555 1945 alter
598 1905 712 1945 filius
754 1904 893 1945 infans
936 1906 1123 1944 necatur.
1195 1902 1345 1956 Itaque
1388 1902 1512 1943 nubit
1532 1914 1566 1939 30

181 1963 419 2017 Oppianico
454 1963 655 2003 continuo
689 1962 834 2004 Sassia
864 1962 1044 2003 laetanti
1074 1961 1160 2002 iam
1193 1961 1334 2001 animo
1367 1964 1408 2002 et
1440 1976 1514 2015 spe

182 2023 345 2077 optima
377 2021 642 2074 confirmato,
672 2035 749 2062 nec
780 2021 948 2070 mirum,
980 2034 1086 2074 quae
1118 2034 1162 2060 se
1193 2033 1280 2060 non
1309 2020 1514 2073 nuptiali-

181 2082 260 2122 bus
294 2080 429 2132 donis,
462 2079 535 2119 sed
565 2080 750 2120 filiorum
775 2080 994 2120 funeribus
1027 2092 1118 2118 esse
1152 2078 1373 2119 delinitam
1398 2078 1512 2119 vide-

181 2142 259 2181 ret.
313 2137 399 2191 Ita,
437 2137 547 2191 quod
587 2138 715 2178 ceteri
752 2139 927 2191 propter
966 2136 1124 2177 liberos
1166 2137 1369 2190 pecuniae
1400 2136 1511 2189 cupi-

182 2199 320 2239 diores
342 2197 480 2238 solent
500 2210 603 2247 esse,
623 2196 696 2236 ille
716 2200 892 2249 propter
904 2195 1126 2249 pecuniam
1141 2195 1298 2236 liberos
1315 2195 1511 2236 amittere
1531 2204 1564 2230 35

113 2241 167 2322 123
182 2256 407 2297 iucundum
441 2268 532 2296 esse
566 2254 696 2295 duxit.
758 2252 922 2306 Sentio,
952 2253 1122 2306 iudices,
1153 2267 1229 2294 vos
1261 2268 1337 2307 pro
1369 2255 1512 2294 vestra

181 2314 448 2357 humanitate
490 2312 558 2353 his
602 2312 735 2353 tantis
778 2312 1007 2354 sceleribus
1049 2311 1236 2353 breviter
1281 2326 1305 2352 a
1342 2325 1408 2352 me
1446 2311 1511 2351 de-
