1619 2542
515 87 615 124 CAP.
643 92 699 130 53,
727 92 772 123 54
795 92 814 131 5
843 92 1039 124 145—149.
1352 91 1436 132 157

92 183 263 237 stionis,
301 184 383 225 hoc
415 187 481 226 est
514 183 560 232 Q.
592 183 850 239 Voconium,
891 199 987 226 cum
1018 185 1070 226 iis
1102 185 1332 239 iudicibus,
1364 186 1437 241 qui

92 243 131 283 ei
181 243 433 284 obvenerint
483 242 580 298 (vos
631 243 842 297 appellat,
889 243 1088 298 iudices),
1139 259 1341 298 quaerere
1386 247 1436 288 de

91 316 265 342 veneno.
327 301 379 342 Iu
405 316 531 356 quem
564 302 796 354 quaerere?
851 300 1075 344 Infinitum
1109 306 1185 344 est.
1237 302 1436 352 (2111011111-

91 372 180 409 QUE
196 372 405 413 FECERIT,
424 372 730 413 VENDIDERIT,
754 372 938 415 EMERIT,
951 373 1201 416 HABUERIT,
1216 375 1436 405 DEDERIT.

54 430 71 456 5
92 418 201 467 Quid
233 419 378 460 eadem
412 419 481 460 lex
513 419 663 460 statim
689 419 913 475 adiungit?
946 420 1092 463 recita.
1136 420 1304 471 DEQUE
1332 434 1435 464 EIUS

91 488 255 518 CAPITE
294 489 542 527 QUAERITO.
612 476 773 518 Cuius‘.>
823 479 895 532 qui
945 479 1109 533 coierit,
1156 481 1435 522 convenerit?

88 535 186 577 Non
217 536 281 577 ita
312 539 389 578 est.
433 535 543 584 Quid
574 550 676 591 ergo
710 537 803 577 est‘?
837 537 913 579 dic.
955 537 1039 586 QUI
1066 550 1295 581 TRIBUNUS
1322 552 1435 581 MILI-

88 607 182 636 TUM
212 606 493 637 LEGIONIBUS
526 607 774 645 QUATTUOR
804 608 978 649 PRIMIS,
1006 609 1146 646 QUIVE
1180 610 1435 652 QUAESTOR,

88 665 316 695 TRIBUNUS
348 665 512 695 PLEBIS
554 652 770 709 (deinceps
804 669 951 696 omnes
984 656 1266 711 magistra-tus
1298 658 1436 698 nomi-

36 724 70 748 10
88 710 239 768 navit),
273 724 412 762 QUIVE
445 725 494 753 IN
521 724 703 754 SENATU
731 724 1029 754 SENTENTIAM
1054 727 1198 769 DIXIT,
1229 728 1434 758 DIXERIT.

89 770 200 819 Quid
231 771 353 812 tum?
398 770 484 819 Qm
528 783 689 813 EORUM
735 784 879 825 conr,
932 784 1134 827 oomnir,
1186 785 1434 828 couvnmr,

89 840 406 883 CONVENERIT,
446 841 538 880 QUO
578 842 680 880 QUIS
720 842 897 873 IUDICIO
929 843 1126 874 PUBLICO
1161 843 1434 875 CONDEMNA-

88 900 251 930 RETUR.
314 887 412 936 ‘Qui
444 889 638 930 eorum'?
672 890 882 943 quorum?
938 889 1164 945 Videlicet,
1198 892 1270 945 qui
1303 907 1434 947 supra

89 947 239 1002 scripti
278 950 388 988 sunt.
450 947 562 996 Quid
600 948 793 1002 intersit,
830 952 926 990 utro
960 949 1088 990 modo
1121 950 1331 1005 scriptum
1365 951 1433 1003 sit,

36 1017 70 1042 15
91 1007 172 1047 etsi
217 1009 282 1047 est
326 1008 540 1061 apertum,
583 1006 679 1061 ipsa
722 1010 870 1048 tamen
914 1008 983 1048 lex
1027 1023 1104 1049 nos
1144 1009 1280 1051 docet.
1346 1009 1433 1051 Ubi

89 1065 201 1105 enim
227 1079 374 1106 omnes
400 1066 605 1107 mortales
633 1065 810 1121 adligat,
836 1066 899 1107 ita
924 1066 1133 1120 loquitur:
1167 1067 1267 1116 ‘Qm
1290 1080 1433 1109 VENE-

86 1135 185 1164 NUM
216 1136 379 1165 MALUM
410 1135 567 1177 FECIT,
603 1124 828 1166 FECERIT'.
890 1124 1047 1167 Omnes
1080 1126 1180 1180 viri,
1220 1127 1432 1180 mulieres,

87 1182 226 1236 liberi,
253 1183 365 1223 servi
389 1183 435 1223 in
460 1183 662 1224 iudicium
689 1186 909 1225 vocantur.
962 1183 1007 1225 Si
1031 1184 1155 1234 idem,
1171 1186 1221 1226 de
1248 1186 1432 1228 coitione

86 1241 305 1295 voluisset,
338 1241 620 1283 adiunxisset:
654 1241 818 1290 ‘QUIVE
847 1243 1060 1284 COIERIT’.
1112 1243 1237 1285 Nunc
1262 1245 1324 1285 ita
1352 1249 1431 1286 est:

36 1311 70 1336 20
89 1299 252 1349 DEQUE
302 1311 403 1342 EIUS
455 1312 619 1341 CAPITE
670 1313 927 1355 QUAERITO,
978 1314 1054 1352 QUI
1097 1314 1433 1345 MAGISTRATUM

88 1369 322 1399 HABUERIT
375 1371 487 1400 INVE
534 1371 712 1401 SENATU
757 1371 1052 1402 SENTENTIAM
1095 1373 1433 1415 DIXERIT,QU1

89 1427 246 1458 EORUM
278 1427 414 1471 COIIT,
441 1429 640 1459 COIERIT.
683 1417 800 1459 Num
831 1419 868 1459 is
902 1421 967 1460 est
993 1418 1242 1461 Cluentius.
1229 1420 1250 1450 ²
1292 1396 1419 1461 Certe
1438 1432 1502 1463 149

89 1489 176 1516 non
212 1478 289 1516 est.
351 1451 453 1523 Qiiis
493 1491 593 1531 eigo
636 1480 702 1517 est
741 1476 995 1518 Cluentius?
1059 1477 1141 1526 Qui
1178 1481 1325 1519 tamen
1364 1479 1433 1520 de-

88 1533 205 1574 tendi
236 1548 409 1574 causam
441 1549 563 1575 suam
594 1535 689 1590 leoe
720 1535 872 1576 noluit.
921 1535 1073 1589 Itaque
1107 1536 1244 1577 abicio
1278 1537 1431 1592 leoem,

0 1613 1 1618 =
36 1602 70 1628 25
90 1606 253 1632 morem
280 1590 477 1633 Cluentio
511 1607 626 1647 gero.
676 1593 773 1634 Tibi
804 1596 961 1647 tamen,
993 1594 1109 1647 Acci,
1141 1610 1289 1649 pauca,
1324 1611 1432 1650 quae

90 1650 143 1691 ab
174 1650 300 1691 huius
333 1666 459 1692 causa
491 1651 681 1692 seiuncta
714 1654 833 1705 sunt,
865 1653 1144 1706 respondebo.
1205 1653 1287 1695 Est
1320 1655 1432 1696 enim

91 1709 293 1762 quiddam
324 1710 368 1750 in
399 1710 480 1751 hac
512 1724 652 1763 causa,
685 1710 797 1763 quod
829 1708 1050 1752 Cluentius
1084 1712 1137 1752 ad
1170 1726 1226 1766 se,
1260 1716 1325 1754 est
1357 1714 1432 1754 ali-

90 1767 208 1821 quid,
252 1768 365 1822 quod
412 1782 490 1823 ego
537 1768 590 1809 ad
636 1783 703 1809 me
748 1771 897 1823 putem
936 1770 1163 1823 pertinere
1228 1771 1311 1813 Hic
1353 1787 1430 1814 sua

89 1829 214 1879 putat
244 1826 450 1868 interesse
484 1841 528 1868 se
559 1841 604 1868 re
635 1827 730 1881 ipsa
763 1831 805 1868 et
837 1830 959 1883 gesto
990 1829 1186 1884 negotio,
1216 1844 1305 1872 non
1336 1831 1430 1885 lege

37 1894 72 1921 30
91 1884 278 1938 defendi3
315 1900 395 1941 ego
434 1888 578 1926 autem
610 1900 705 1926 mea
738 1886 935 1928 existimo
968 1887 1176 1929 interesse
1212 1903 1279 1929 me
1310 1890 1431 1931 nulla

90 1943 135 1983 in
167 1943 456 1998 disputatione
489 1944 543 1985 ab
576 1944 705 1985 Accio
739 1944 875 1985 videri
900 1959 992 1986 esse
1019 1949 1279 2001 superatum.
1328 1947 1429 1989 Non

91 2002 204 2042 enim
233 1993 342 2043 1111111
371 2003 477 2044 haec
509 2018 637 2044 causa
669 2003 762 2044 sola
795 2003 970 2045 dicenda
1001 2007 1084 2059 est3
1123 2006 1322 2047 omnibus
1361 2007 1430 2048 hic

90 2059 214 2101 labor
251 2075 369 2101 meus
406 2061 652 2116 propositus
692 2064 773 2115 est,
812 2062 1064 2117 quicumque
1101 2063 1182 2105 hac
1221 2064 1428 2106 facultate

91 2117 350 2159 defensionis
397 2121 586 2161 contenti
629 2134 721 2160 esse
758 2123 952 2174 possunt.
1017 2120 1131 2163 Nolo
1171 2137 1428 2176 quemquam

39 2185 256 2230 3560111111,
294 2178 368 2230 qui
405 2178 576 2232 adsunt,
615 2178 859 2219 existimare
901 2194 986 2233 me,
1025 2195 1132 2235 quae
1165 2181 1215 2222 de
1247 2181 1342 2234 lege
1375 2182 1428 2222 ab

92 2234 223 2275 Accio
262 2234 375 2276 dicta
414 2239 530 2288 sunt,
568 2236 606 2277 si
636 2237 896 2291 reticuerim,
935 2239 1227 2293 comprobare.
1291 2238 1428 2287 Quam

93 2292 146 2333 ob
190 2307 297 2347 rem,
342 2293 529 2349 Cluenti,
574 2295 624 2336 de
664 2298 707 2337 te
748 2295 830 2336 tibi
868 2296 1096 2352 obsequor,
1139 2311 1276 2352 neque
1315 2298 1427 2339 enim
