1619 2542
548 73 649 109 CAP.
676 77 732 116 36,
759 78 802 109 37
830 77 848 117 ς
875 77 1049 109 98-102.
1367 73 1454 115 225

111 185 238 225 posse
277 170 473 212 demiror.
538 169 651 212 Nam
690 185 785 211 cum
824 170 1013 211 omnium
1051 171 1273 212 consulum
1310 170 1454 224 gravis

112 229 158 270 in
182 243 227 270 re
253 229 425 283 publica
451 228 729 270 custodienda
755 243 856 270 cura
881 244 929 270 ac
955 229 1178 283 diligentia
1205 229 1330 269 debet
1351 243 1455 281 esse,

112 290 206 328 tum
250 302 396 328 eorum
440 287 640 341 maxime,
686 288 757 342 qui
799 302 886 329 non
926 287 971 329 in
1013 287 1256 341 cunabulis,
1300 287 1374 328 sed
1411 289 1456 328 in

114 361 264 401 campo
298 348 397 387 sunt
423 346 618 387 consules
650 346 765 388 facti.
809 345 929 387 Nulli
960 347 1120 401 populo
1154 346 1349 388 Romano
1375 361 1454 401 pro

77 417 93 441 5
115 419 180 446 me
220 405 403 446 maiores
435 405 518 445 mei
551 405 889 459 spoponderunt3
928 405 1034 446 mihi
1065 405 1274 447 creditum
1307 407 1390 459 est3
1430 420 1455 446 a

114 478 180 504 me
218 467 382 518 petere,
421 463 531 518 quod
565 464 715 518 debeo,
752 478 819 504 me
851 464 993 518 ipsum
1026 465 1245 518 appellare
1278 463 1455 505 debetis,

114 521 248 570 Quem
280 522 333 564 ad
364 522 556 576 modum,
588 537 683 564 cum
715 522 934 577 petebam,
965 523 1073 563 nulli
1105 538 1172 564 me
1203 523 1324 564 vobis
1359 538 1455 564 auc·

113 584 228 622 tores
273 582 440 636 generis
481 581 565 622 mei
605 582 974 635 commendarunt,
1020 582 1098 636 sic,
1143 583 1178 623 si
1218 582 1319 636 quid
1357 582 1455 622 deli-

114 654 262 694 quero,
293 640 438 681 nullae
474 642 573 680 sunt
604 640 828 695 imagines,
861 655 967 694 quae
1000 655 1066 681 me
1099 656 1124 682 a
1155 641 1278 682 vobis
1311 640 1454 694 depre-

61 701 273 739 locentur.
341 697 496 752 Quare,
540 699 667 740 modo
708 699 780 751 [si]
819 699 910 740 vita
951 701 1170 753 suppetat,
1209 714 1335 754 quam
1374 713 1454 755 ego
1470 699 1524 740 37

114 759 143 811 ’ἱ-
182 757 359 798 summis
408 758 462 798 ab
506 758 689 799 istorum
735 758 893 798 scelere
932 758 1181 812 insidiisque
1220 757 1455 811 defendere,

113 816 319 869 polliceor
344 815 425 858 hoc
450 816 586 870 vobis,
613 815 813 868 Quirites,
838 817 952 858 bona
977 816 1077 857 fide:
1104 816 1210 858 Rem
1238 817 1455 871 publicam

114 875 314 929 vigilanti
352 875 534 929 homini,
576 890 662 916 non
700 875 870 929 timido,
915 875 1133 930 diligenti,
1176 889 1260 917 mm
1296 877 1456 930 iynavo,

116 933 404 974 commisistis.
452 933 547 988 Ego
586 934 622 975 is
656 934 822 986 consul,
860 935 931 987 qui
963 934 1206 975 contionem
1239 937 1442 987 metuam,
1461 949 1525 980 101

63 1003 95 1027 15
117 992 189 1046 qui
219 992 440 1033 tribunum
473 993 612 1046 plebis
645 993 985 1046 perhorrescam,
1025 993 1097 1046 qui
1130 1007 1254 1048 saepe
1289 995 1331 1034 et
1364 993 1455 1033 sine

116 1065 242 1091 causa
267 1051 514 1104 tumultuer,
545 1051 617 1105 qui
643 1051 831 1104 timeam,
865 1066 918 1092 ne
945 1051 1051 1092 mihi
1076 1052 1311 1097 incarcere
1338 1051 1457 1092 habi-

115 1109 294 1150 tandum
340 1110 413 1164 sit,
458 1110 494 1151 si
537 1110 736 1151 tribunus
781 1111 920 1165 plebis
959 1110 1054 1152 duci
1091 1111 1292 1151 iusserit?
1359 1110 1455 1165 Ego

115 1182 211 1209 cum
242 1169 396 1209 vestris
430 1169 560 1210 armis
593 1172 784 1210 armatus
816 1169 1143 1224 insignibusque
1176 1169 1457 1223 amplissimis

117 1229 293 1268 ornatus
313 1227 343 1280 †
362 1228 540 1281 imperio
563 1228 818 1269 auctoritate
838 1242 925 1269 non
944 1228 1098 1269 horreo
1119 1229 1163 1268 in
1182 1228 1293 1269 hunc
1314 1228 1457 1269 locum

64 1296 97 1320 20
118 1285 319 1340 progredi
339 1300 464 1340 posse
485 1286 691 1340 vobisque
712 1287 958 1327 auctoribus
978 1286 1250 1340 improbitati
1269 1286 1456 1328 hominis

118 1344 317 1385 resistere
360 1359 437 1385 nec
478 1359 645 1397 vereor,
690 1359 742 1385 ne
787 1359 854 1385 res
899 1345 1072 1399 publica
1116 1345 1249 1385 tantis
1289 1345 1457 1385 munita

116 1402 340 1455 praesidiis
374 1403 427 1444 ab
459 1403 553 1444 istis
588 1403 698 1444 vinci
731 1406 804 1444 aut
836 1403 1021 1457 opprimi
1051 1403 1202 1457 possit.
1252 1401 1297 1443 Si
1329 1405 1457 1443 antea

117 1460 369 1514 timuissem,
401 1464 546 1502 tamen
577 1461 658 1503 hac
691 1461 899 1514 contione,
931 1461 1012 1502 hoc
1043 1461 1203 1515 populo
1231 1463 1344 1502 certe
1370 1475 1457 1502 non

118 1533 296 1560 vererer.
365 1518 467 1567 Quis
513 1519 627 1560 enim
664 1534 867 1573 umquam
904 1521 994 1560 tam
1035 1519 1219 1560 secunda
1257 1520 1456 1560 contione

65 1588 98 1613 25
119 1577 257 1631 legem
284 1578 499 1632 agrariam
526 1577 672 1627 suasit,
705 1592 833 1631 quam
860 1591 938 1632 ego
967 1578 1179 1619 dissuasi?
1207 1578 1243 1619 si
1268 1578 1349 1619 hoc
1376 1578 1457 1619 dis-

120 1635 296 1677 suadere
335 1639 400 1676 est
438 1651 484 1676 ac
515 1651 600 1677 non
633 1636 873 1677 disturbare
907 1639 1033 1690 atque
1065 1639 1317 1690 pervertere.
1378 1637 1444 1678 Ex
1460 1648 1527 1679 102

119 1708 202 1748 quo
234 1694 441 1749 intellegi,
474 1693 672 1748 Quirites,
704 1697 846 1748 potest
877 1694 986 1734 nihil
1018 1708 1109 1736 esse
1134 1697 1224 1736 tam
1249 1696 1456 1750 populare

121 1767 247 1807 quam
278 1752 333 1807 id,
366 1753 478 1807 quod
505 1767 584 1808 ego
610 1753 732 1794 vobis
758 1753 803 1793 in
826 1752 939 1793 hunc
966 1768 1123 1794 annum
1150 1754 1298 1795 consul
1323 1769 1457 1808 popu-

119 1811 223 1852 laris
245 1811 402 1864 adfero,
428 1826 587 1865 pacem,
613 1811 987 1865 tranquillitatem,
1008 1812 1154 1853 otium.
1198 1811 1313 1861 Quae
1333 1813 1457 1854 nobis

68 1880 102 1905 30
122 1869 357 1924 designatis
390 1870 626 1923 timebatis,
665 1884 713 1910 ea
744 1884 797 1910 ne
830 1870 1016 1911 accidere
1047 1873 1242 1925 possent,
1274 1872 1455 1912 consilio

121 1942 216 1969 meo
249 1943 297 1969 ac
328 1928 493 1970 ratione
524 1929 698 1983 provisa
731 1931 840 1969 sunt.
884 1927 983 1969 Non
1011 1929 1137 1971 modo
1164 1944 1239 1970 vos
1267 1930 1386 1970 eritis
1411 1930 1458 1970 in

123 1987 229 2040 otio,
267 1987 339 2040 qui
377 2001 542 2041 semper
580 2002 671 2028 esse
708 1986 959 2041 volueratis,
996 2002 1142 2029 verum
1174 1988 1304 2029 etiam
1335 1989 1457 2041 istos,

123 2045 276 2098 quibus
309 2045 404 2086 odio
431 2048 496 2086 est
523 2046 670 2099 otium,
703 2045 991 2099 quietissimos
1017 2048 1145 2100 atque
1171 2046 1456 2087 otiosissimos

123 2102 308 2143 reddam.
370 2103 542 2144 Etenim
574 2104 661 2145 illis
694 2104 888 2155 honores,
919 2106 1168 2158 potestates,
1202 2104 1374 2145 divitiae
1406 2119 1456 2144 ex

71 2171 104 2197 35
124 2161 313 2201 tumultu
363 2164 489 2217 atque
539 2177 589 2203 ex
640 2161 973 2203 dissensionibus
1017 2163 1174 2204 civium
1218 2162 1458 2217 comparari
1511 2160 1515 2163 '

125 2219 280 2271 solent3
306 2234 395 2273 vos,
421 2234 600 2274 quorum
628 2220 770 2276 gratia
794 2220 839 2260 in
859 2221 1073 2276 suffragiis
1094 2221 1303 2275 consistit,
1330 2221 1452 2266 liber·

123 2280 191 2318 tas
213 2277 257 2317 111
276 2277 456 2332 legibus,
474 2279 540 2319 ius
562 2279 606 2320 in
624 2278 789 2320 iudiciis
812 2282 852 2320 et
872 2279 1086 2333 aequitate
1108 2280 1453 2334 magistratuum,

195 2350 266 2377 010.
286 2352 326 2378 11.
345 2352 370 2378 2.
976 2351 980 2355 ’
1202 2351 1243 2382 15
