1619 2542
524 88 626 123 CAP.
658 92 794 123 14—16
821 92 839 131 g
866 92 946 123 36—
959 92 1013 123 43.
1358 87 1443 128 203

101 184 340 240 Smyrnam,
372 184 542 238 Trallis,
572 184 805 239 Ephesum,
836 183 1044 237 Miletum,
1071 182 1282 238 Cyzicum,
1307 186 1444 225 totam

103 244 282 298 denique
320 243 487 296 Asiam,
533 258 640 297 quae
685 246 784 298 post
821 242 867 284 L.
906 241 1069 284 Sullam
1108 241 1154 291 Q.
1193 242 1444 297 Pompeium

102 303 297 345 consules
335 305 588 356 recuperata
625 301 700 355 sit,
742 301 890 356 populi
926 301 1112 343 Romani
1150 301 1313 342 factam
1351 315 1443 342 esse

103 362 257 415 dicere3
281 363 426 402 utrum
458 360 596 402 oratio
631 360 683 401 ad
719 361 808 401 eius
841 360 903 401 rei
935 360 1270 415 disputationem
1297 359 1444 413 deerit,

65 432 82 458 5
104 436 170 473 an,
202 435 296 462 cum
322 420 435 461 idem
462 421 504 460 et
531 419 711 460 disseret
737 423 779 460 et
804 418 1022 473 iudicabit,
1049 419 1214 473 impelli
1238 433 1326 460 non
1349 421 1443 473 pot-

103 479 202 533 erit,
243 481 292 520 ut
333 477 489 519 falsum
534 477 719 519 iudicet?
765 492 836 528 an,
892 477 929 518 si
972 478 1253 519 condemnare
1291 477 1444 518 Asiam

101 537 238 591 nolet,
281 539 490 578 terrorem
535 536 821 578 damnationis
867 539 909 577 et
952 536 1092 577 minas
1135 550 1243 589 non,
1295 536 1445 590 quanti

102 596 229 649 volet,
263 595 538 637 aestimabit?
583 594 721 643 Quid?
756 595 869 649 quod
902 595 1115 649 disputari
1147 597 1299 636 contra
1323 594 1442 635 nullo

102 658 228 709 pacto
265 657 428 710 potest,
467 654 667 708 quoniam
708 656 919 697 statutum
953 669 977 694 a
1008 653 1132 695 nobis
1165 656 1232 695 est
1262 655 1306 694 et
1337 653 1444 693 iudi-

53 726 86 751 10
106 717 259 767 catum,
285 728 413 768 quam
439 712 726 754 hereditatem
746 712 832 753 iam
853 712 1075 765 crevimus,
1094 726 1274 767 regnum
1295 711 1443 765 Bithy—

104 773 212 826 niae,
245 772 358 826 quod
390 774 504 813 certe
535 771 755 826 publicum
782 774 847 812 est
880 771 1029 825 populi
1055 770 1239 812 Romani
1270 770 1444 823 factum,

104 846 207 873 num
236 831 336 885 quid
362 845 514 872 causae
540 833 616 884 est,
642 830 746 884 quin
772 844 918 871 omnes
946 844 1085 885 agros,
1111 830 1251 879 urbes,
1279 831 1444 883 stagna,

105 892 276 944 portus,
306 891 443 931 totam
474 889 654 942 denique
687 888 940 942 Bithyniam
972 888 1200 930 decemviri
1230 887 1445 928 vendituri

106 949 222 990 sint?
284 946 422 997 Quid?
471 947 717 1002 Mytilenae,
750 962 857 1001 quae
889 949 1003 989 certe
1033 950 1212 998 vestrae,
1245 945 1444 999 Quirites,

54 1019 86 1045 15
106 1007 209 1049 belli
240 1006 334 1062 lege
361 1021 409 1049 ac
439 1007 644 1048 vic-toriae
669 1006 760 1047 iure
785 1006 926 1047 factae
953 1008 1063 1060 sunt,
1094 1006 1196 1047 urbs
1223 1007 1266 1046 et
1289 1007 1444 1046 natura

106 1081 155 1107 ac
192 1066 279 1107 situ
317 1067 359 1107 et
397 1065 681 1120 descriptione
722 1064 1011 1106 aedificiorum
1049 1067 1092 1105 et
1129 1063 1444 1118 pulchritudine

105 1125 150 1165 in
197 1124 348 1179 primis
396 1124 571 1178 nobilis,
621 1124 715 1180 agri
761 1123 931 1165 iucundi
975 1126 1018 1164 et
1059 1123 1244 1173 fertiles,
1293 1136 1445 1175 nempe

106 1182 252 1224 eodem
284 1183 422 1237 capite
454 1183 608 1224 inclusi
640 1182 921 1224 continentur.
984 1181 1122 1230 Quid?
1183 1180 1445 1222 Alexandria

106 1246 341 1296 cunctaque
375 1241 601 1297 Aegyptus
633 1244 681 1282 ut
711 1241 873 1282 occulte
899 1240 1018 1293 latet,
1049 1242 1097 1281 ut
1122 1239 1342 1281 recondita
1370 1243 1445 1292 est,

52 1314 87 1338 20
106 1304 154 1342 ut
178 1300 325 1341 furtim
351 1303 444 1342 tota
470 1300 720 1341 decemviris
746 1299 948 1340 traditur!
992 1298 1095 1347 Quis
1122 1298 1237 1339 enim
1255 1300 1446 1339 vestrum

105 1359 187 1401 hoc
217 1359 408 1414 ignorat,
447 1358 528 1400 dici
559 1358 664 1399 illud
695 1371 875 1412 regnum
906 1359 1166 1398 testamento
1198 1356 1313 1410 regis
1345 1356 1445 1397 Ale-

105 1431 184 1458 xae
227 1418 375 1472 populi
418 1417 603 1458 Romani
647 1430 738 1458 esse
781 1415 973 1457 factum?
1046 1415 1128 1456 Hie
1172 1427 1251 1468 ego
1296 1414 1445 1456 consul

106 1476 257 1530 populi
292 1475 476 1517 Romani
514 1489 601 1516 non
640 1475 766 1516 modo
804 1474 912 1515 nihil
950 1473 1108 1527 iudico,
1150 1473 1224 1514 sed
1260 1487 1312 1513 116
1346 1473 1446 1527 quid

109 1534 291 1575 sentiam
330 1534 500 1588 quidem
537 1532 720 1587 profero.
781 1532 940 1586 Magna
978 1532 1090 1572 enim
1122 1531 1229 1572 mihi
1260 1545 1327 1572 res
1359 1546 1446 1572 non

53 1605 88 1631 25
107 1592 233 1634 modo
266 1592 320 1633 ad
352 1592 644 1644 statuendum,
676 1591 748 1632 sed
780 1590 909 1631 etiam
941 1590 994 1630 ad
1025 1589 1248 1631 dicendum
1279 1589 1447 1631 videtur

109 1666 212 1693 esse.
267 1650 415 1704 Video,
448 1651 520 1705 qui
551 1651 858 1691 testamentum
889 1648 1050 1690 factum
1083 1663 1175 1690 esse
1206 1648 1444 1701 confirmet3

109 1710 407 1752 auctoritatem
444 1711 616 1750 senatus
649 1710 815 1749 exstare
847 1707 1098 1748 hereditatis
1132 1707 1272 1748 aditae
1305 1707 1442 1748 sentio

107 1772 217 1822 tum,
258 1768 426 1822 quando
464 1767 601 1808 Alexa
639 1768 809 1807 mortuo
842 1766 1009 1820 legatos
1042 1765 1205 1819 Tyrum
1237 1765 1445 1818 misimus,

109 1827 181 1881 qui
222 1827 275 1868 ab
307 1827 382 1868 illo
414 1825 638 1880 pecuniam
670 1824 909 1878 depositam
940 1824 1098 1865 nostris
1131 1827 1443 1878 recuperarent.

53 1897 89 1922 30
108 1884 225 1927 Haec
261 1884 306 1927 L.
337 1885 583 1938 Philippum
622 1897 745 1937 saepe
784 1883 829 1923 in
865 1885 1016 1924 senatu
1052 1882 1324 1925 confirmasse
1363 1897 1446 1923 me-

109 1944 245 1985 moria
275 1946 420 1997 teneo3
458 1958 572 1996 eum,
604 1942 675 1996 qui
706 1955 885 1995 regnum
917 1941 1023 1982 illud
1053 1943 1197 1982 teneat
1228 1941 1310 1983 1106
1341 1944 1445 1982 tem-

108 2016 229 2056 pore,
277 2016 413 2056 neque
464 2015 618 2057 genere
667 2014 803 2053 neque
848 1999 988 2041 animo
1032 2000 1150 2054 regio
1196 2013 1287 2040 esse
1332 1999 1445 2040 inter

109 2074 256 2102 omnes
295 2059 384 2101 fere
422 2060 543 2101 video
585 2058 821 2101 convenire.
882 2058 1050 2099 Dicitur
1089 2060 1240 2100 eontra
1276 2057 1444 2098 nullum

110 2132 202 2160 esse
238 2120 561 2172 testamentum,
598 2132 684 2159 non
725 2118 921 2171 oportere
958 2117 1163 2172 populum
1201 2116 1444 2157 Romanum

56 2188 91 2214 35
111 2176 301 2219 omnium
332 2190 560 2231 regnorum
586 2177 857 2230 appetentem
883 2175 1028 2229 videri,
1061 2175 1373 2230 demigraturos
1400 2173 1443 2214 in

108 2235 185 2276 illa
216 2235 309 2276 loca
339 2237 512 2276 nostros
543 2234 737 2276 homines
769 2236 944 2288 propter
976 2247 1178 2288 agrorum
1204 2232 1443 2273 bonitatem

1470 370 1513 400 40

1462 945 1513 987 16

1471 1191 1513 1221 41

1472 1893 1515 1923 42

111 2296 154 2335 et
185 2293 373 2335 omnium
406 2307 548 2334 rerum
580 2292 758 2347 copiam.
802 2291 894 2333 Hac
925 2294 1049 2333 tanta
1075 2291 1125 2333 de
1150 2305 1195 2332 re
1221 2289 1265 2331 P.
1286 2289 1440 2331 Rullus
1469 2300 1512 2331 43
