1619 2542
159 64 310 100 XCVIII
568 63 852 98 ADNOTATIO
879 63 1082 98 CRITICA.

161 159 341 202 Richter.,
383 170 452 193 om.
479 158 521 193 V.
591 158 630 192 P.
663 162 740 193 353.
757 161 801 192 20
829 169 881 201 sq.
914 157 1035 191 TBW
1072 158 1251 200 videlicet,
1291 157 1314 191 S
1351 158 1498 201 iudices,

161 206 195 240 V
222 217 310 249 om.,
344 209 481 240 366.23
512 205 626 241 videte
656 205 742 239 BW
775 215 841 249 pro
880 204 1033 247 iudices3
1072 205 1118 239 ad
1151 217 1186 248 p.
1213 208 1291 239 340.
1307 207 1368 247 25,
1394 204 1498 240 verr.

162 266 197 298 p.
224 257 304 287 214.
319 256 374 287 22.
403 273 444 277 —-
472 253 510 287 P.
539 255 677 286 3541?
709 252 868 286 institui
894 251 1008 285 schol.
1027 250 1130 293 Bob,
1151 250 1263 295 Kays.
1291 272 1333 277 —
1360 251 1399 285 P.
1419 255 1499 287 354.

163 305 206 335 27
237 300 334 345 Quid
358 299 511 334 deinde?
538 298 677 341 Klotz.,
704 297 843 340 Halm,
872 296 1037 342 Seyffert.
1065 297 1183 332 Schol.
1211 297 1291 332 Lat.
1316 298 1351 331 1³
1375 310 1411 342 p.
1438 302 1500 341 993

165 347 209 382 cf.
230 359 265 392 p.
286 350 364 381 230.
380 350 437 389 27,
464 345 504 388 Q.
524 347 628 380 Rosc.
653 349 705 380 16.
722 349 777 387 49,
804 345 906 378 Verr.
924 345 954 378 V
978 348 1079 389 5.10,
1106 345 1197 380 Sest.
1223 349 1275 380 19.
1296 349 1352 388 43,
1378 344 1500 380 Deiot.

164 399 195 430 9.
211 398 266 428 26.
293 414 337 419 ——-
364 394 402 427 P.
429 397 508 428 354.
524 396 568 427 30
594 393 653 427 sed
679 393 808 426 etiam
834 392 943 426 deser.
969 390 1079 437 Kays.
1106 402 1243 434 errore,
1277 393 1320 426 ut
1343 392 1500 427 videtur.

164 462 207 467 —
234 440 272 475 P.
294 444 371 475 354.
385 444 428 475 32
455 443 530 475 tota
556 440 675 474 Italia
700 438 822 472 Madv.
842 437 933 473 Adv.
954 438 987 472 Π
1011 451 1046 483 p.
1067 442 1146 482 209,
1173 439 1291 473 Halm.
1312 438 1357 482 II,
1383 438 1501 482 Reid„

162 492 258 524 totae
284 488 421 522 Italiae
452 487 531 521 cod.
547 486 591 529 V,
616 485 740 529 Kays„
765 484 886 527 Klotz,
913 486 978 520 toti
1005 486 1141 521 Italiae
1165 486 1265 530 vulg.
1291 507 1336 511 -—
1361 486 1402 520 P.
1422 489 1501 521 354.

164 539 208 570 33
240 535 340 569 emisi
370 533 449 569 cod.
476 533 568 574 Erf„
600 532 737 575 Klotz.,
772 531 900 576 Kays.,
933 533 1055 568 dimisi
1079 532 1124 576 T,
1157 532 1294 575 Halm.,
1326 532 1501 576 Richter„

163 581 285 624 Reid,
318 582 428 616 divisi
452 580 539 614 rell..
559 579 665 614 codd.
693 590 711 614 e
736 590 768 614 v.
783 583 827 614 32
853 578 1017 624 repetit,
1049 579 1135 614 inde
1160 580 1245 614 fact.
1273 580 1410 623 dimisi,
1438 580 1503 614 sed

165 629 279 663 etiam
315 640 351 672 p.
390 632 468 663 404.
486 631 528 661 37
567 628 717 662 demisso
755 627 820 660 aut
855 627 1001 661 dimisso
1039 626 1144 661 codd.
1182 628 1329 671 praeter
1364 625 1399 661 V
1434 637 1502 672 pro

165 678 305 718 emisso,
334 674 381 709 ad
406 686 440 719 p.
471 677 547 708 123.
564 678 619 708 33.
647 695 690 699 —
716 672 755 707 P.
783 676 897 707 3552
925 675 1005 718 quis
1031 674 1073 707 ut
1098 676 1235 708 351.25
1260 673 1365 708 Reid.
1393 694 1435 699 —
1462 673 1501 707 P.

165 726 288 757 3554
326 722 547 756 comminisci
582 722 731 765 praeter
769 719 895 754 Cobet.
932 722 981 765 (p.
1022 724 1112 755 1449
1145 720 1219 765 Or.)
1257 720 1350 755 coni.
1390 720 1504 755 etiam

166 769 454 804 Meerdervoort.
476 769 514 802 et
539 779 603 803 scr.
619 767 753 801 Eberh.
771 788 811 791 ——
838 766 876 800 P.
899 771 978 801 355.
995 771 1036 801 12
1062 768 1196 812 tibique
1215 767 1502 802 Meerdervoort.

167 817 228 857 (ad
248 828 282 860 p.
304 820 359 850 39.
375 817 421 858 4),
449 816 517 849 tibi
537 814 653 857 codd,
681 814 811 856 Klotz.,
845 814 965 848 Halm.
987 815 1013 857 I,
1040 813 1161 858 Kays.,
1187 814 1359 857 Richter„
1386 819 1418 849 et
1436 815 1504 849 tibi

166 863 288 897 Halm.
304 862 349 904 ΙΙ,
377 861 481 896 Reid.
508 861 569 905 (ad
581 872 616 905 p.
636 866 690 896 55.
706 862 752 905 2),
778 862 846 895 tibi
865 865 982 896 autem
1002 861 1144 906 Pluyg.‚
1170 862 1239 896 tibi
1256 872 1336 897 vero
1356 861 1504 905 Eberh„

166 922 312 954 cumque
326 909 393 944 tibi
406 908 571 942 Huldric.
588 929 631 933 -
658 908 697 942 P.
712 911 790 942 355.
809 912 850 943 16
865 919 945 943 cum
959 909 1080 953 aliquo
1093 909 1273 951 familiari
1289 919 1362 943 meo
1377 908 1502 953 Camp.

165 955 484 1002 progr.Greifenb.
498 959 588 990 1860
602 967 636 999 p.
646 959 701 998 24,
717 958 758 989 ut
771 966 851 989 cum
863 956 948 997 fam.
964 959 1025 989 tuo
1039 955 1132 989 coni.
1143 954 1503 1000 Richter.(F1eekeis.

167 1016 249 1039 ann.
262 1007 348 1038 1861
364 1015 399 1048 p.
409 1006 502 1045 277),
517 1013 649 1036 mecum
661 1002 747 1045 fam.
762 1005 823 1036 tuo
838 1001 963 1037 Cobet.
982 1003 1019 1036 et
1032 1002 1245 1045 Meerderv„
1260 1006 1300 1036 ut
1313 1013 1392 1037 cum
1404 1003 1505 1045 fam,

166 1053 244 1086 ideo
271 1049 416 1084 Oehler.
445 1049 539 1083 Phil.
561 1043 647 1082 ΧΠΙ
671 1060 706 1093 p.
729 1053 807 1090 682,
833 1053 875 1083 ut
899 1060 977 1084 cum
1001 1050 1087 1092 fam.
1114 1053 1255 1094 questus
1280 1048 1409 1094 Pluyg.
1429 1048 1504 1084 Mn.

170 1102 257 1133 1881
292 1109 326 1142 p.
355 1101 438 1138 137,
476 1100 517 1130 ut
554 1108 634 1132 cum
671 1097 960 1139 familiarissimo
997 1099 1139 1140 questus
1176 1096 1325 1139 Eberh.,
1363 1096 1506 1130 incerta

170 1144 305 1179 omnia.
333 1164 378 1168 ——
405 1143 442 1177 P.
465 1146 543 1177 355.
559 1147 603 1177 27
630 1146 661 1177 et
687 1146 759 1177 tam
787 1142 929 1186 Ga1·at.,
956 1143 1130 1185 Richter„
1157 1144 1263 1178 etiam
1289 1142 1504 1186 codd.TW‚

167 1191 286 1225 Halm.
313 1190 345 1233 I,
378 1189 506 1233 Kays,
539 1194 571 1224 et
597 1189 637 1232 S,
671 1200 739 1224 om.
766 1190 812 1232 Β,
846 1194 920 1224 tam
944 1189 1064 1224 Halm.
1091 1190 1140 1233 II,
1166 1189 1302 1233 Klotz.,
1331 1189 1434 1225 Reid.
1462 1211 1505 1215 —

168 1239 207 1272 P.
235 1241 313 1272 355.
337 1240 382 1271 30
420 1241 582 1271 tamenne
616 1241 691 1271 tam
721 1236 826 1270 Reid.
854 1257 897 1262 --
923 1236 962 1271 P.
990 1241 1102 1272 3561
1136 1238 1285 1272 oblitum
1315 1248 1368 1272 me
1399 1237 1504 1272 codd.

167 1286 314 1329 praeter
344 1283 465 1317 BWT
497 1282 571 1328 (hic
603 1294 673 1317 om.
706 1284 885 1327 oblitum),
923 1283 1085 1318 Richter.
1119 1304 1161 1309 -
1193 1284 1231 1318 P.
1259 1287 1337 1319 356.
1361 1288 1381 1319 8
1419 1288 1507 1319 nota

170 1331 340 1366 Kraffert.
362 1341 484 1375 progr.
506 1329 655 1364 Aurich.
679 1333 768 1364 1883
794 1343 829 1374 p.
853 1333 936 1373 1183
963 1330 1007 1365 cf.
1026 1342 1059 1363 v.
1083 1334 1135 1365 16.
1157 1351 1200 1355 —
1220 1330 1259 1364 P.
1280 1334 1357 1365 356.
1373 1335 1393 1364 9
1418 1332 1507 1375 quia

169 1379 312 1423 Pluyg„
332 1377 452 1421 Kays,
474 1376 595 1411 Halm.
616 1377 660 1420 ΙΙ,
679 1376 783 1411 Reid.
797 1387 872 1411 non
891 1377 1009 1421 magis
1028 1387 1167 1411 necess.
1188 1388 1300 1420 quam
1318 1389 1351 1412 v.
1367 1381 1446 1412 363.
1461 1381 1506 1412 33

169 1427 235 1460 aut
258 1437 290 1460 v.
315 1429 357 1459 10
384 1425 561 1468 aliquid
581 1428 714 1469 putare
734 1435 804 1459 esse
823 1425 1005 1465 amissum,
1030 1426 1136 1468 quia
1155 1429 1205 1459 est
1223 1425 1291 1458 tibi
1309 1426 1504 1459 remissum.

170 1494 212 1498 -
240 1472 278 1507 P.
305 1475 444 1506 35610
476 1475 606 1515 putare
636 1471 781 1506 omnino
812 1481 836 1504 α
866 1482 918 1505 me
950 1470 1054 1505 codd.
1081 1473 1228 1516 praeter
1253 1470 1298 1513 T,
1331 1470 1506 1515 Richter.,

169 1531 266 1555 omn.
286 1523 367 1564 put.
394 1530 417 1552 a
446 1529 499 1552 me
524 1517 629 1552 Reid.
657 1538 699 1542 —
726 1517 765 1551 P.
792 1521 930 1552 35618
961 1518 1162 1563 [qratiam]
1187 1517 1335 1562 Pluyg,
1368 1516 1505 1562 Camp.,

169 1567 279 1610 Kays.
302 1586 344 1590 —
365 1565 404 1599 P.
426 1569 505 1599 356.
521 1569 565 1599 25
591 1568 641 1599 est
665 1576 833 1609 umquam
859 1564 963 1599 codd.
985 1564 1069 1598 BW
1090 1567 1127 1599 et
1145 1563 1231 1608 Erf,
1260 1565 1315 1598 ‘ut
1333 1564 1506 1607 videtur’,

169 1613 350 1655 Richter„
377 1623 547 1656 umquam
580 1622 649 1645 om.
675 1611 755 1646 rell.
783 1611 888 1646 codd.
907 1612 1055 1655 praeter
1080 1611 1119 1645 T.
1152 1632 1195 1637 -—-
1227 1612 1265 1646 P.
1287 1615 1366 1646 356.
1381 1616 1425 1646 26
1451 1622 1506 1646 co-

172 1661 295 1705 quovit
320 1659 466 1700 Lamb,
503 1658 564 1692 all.
590 1658 691 1693 haud
723 1658 798 1693 scio
830 1669 877 1692 an
902 1660 1013 1692 recte.
1039 1679 1083 1684 —
1109 1658 1147 1693 P.
1169 1662 1247 1693 356.
1263 1662 1306 1692 27
1332 1669 1410 1693 sum
1436 1669 1506 1692 om.

172 1706 276 1740 codd.
303 1707 450 1750 praeter
476 1705 573 1748 BW,
600 1705 761 1739 Richter.
789 1725 832 1730 —
859 1705 897 1740 P.
925 1709 1003 1740 356.
1019 1709 1062 1740 29
1088 1716 1130 1740 ac
1156 1716 1200 1740 ex
1229 1704 1333 1740 codd.
1361 1706 1507 1749 praeter

171 1753 237 1787 ΤΒ
277 1753 349 1796 (hic
382 1756 420 1786 at
450 1772 512 1794 —‚
550 1751 599 1785 W
625 1763 667 1787 ae
697 1754 729 1786 si
760 1753 866 1787 etiam
896 1753 966 1795 def.
999 1763 1018 1786 e
1050 1764 1084 1788 V.
1116 1756 1177 1794 31,
1215 1763 1285 1786 om.
1317 1752 1432 1786 Immo
1461 1773 1507 1777 —

171 1801 286 1842 velis),
318 1811 352 1833 v.
374 1803 417 1833 30
445 1809 489 1833 ex
508 1798 587 1832 cod.
616 1798 638 1832 S
666 1801 748 1843 (om.
776 1809 850 1834 non
880 1801 922 1833 ut
945 1799 990 1841 T;
1024 1798 1071 1833 ad
1102 1812 1136 1844 p.
1163 1800 1302 1843 3326)
1324 1797 1506 1839 Richter.;

174 1846 221 1880 ad
258 1859 291 1890 p.
320 1849 446 1880 8536.
479 1865 523 1870 --
556 1845 593 1879 P.
622 1850 698 1880 356.
720 1849 765 1880 34
798 1857 875 1889 sqq.
908 1846 960 1880 At
989 1866 1034 1871 —
1065 1857 1139 1880 non
1174 1856 1264 1880 susc.
1297 1846 1420 1889 (succ,
1459 1845 1507 1879 ad

172 1905 207 1938 p.
236 1897 314 1927 379.
340 1894 395 1935 19)
424 1891 503 1926 cod.
532 1891 564 1933 S,
592 1892 711 1926 Halm.
733 1892 778 1935 ΙΙ,
805 1892 921 1937 Reid„
946 1896 1010 1927 aut
1035 1912 1078 1917 —-
1104 1902 1178 1927 non
1200 1902 1292 1926 susc.
1313 1891 1353 1933 T,
1380 1893 1443 1926 An
1462 1913 1506 1917 —

171 1939 291 1975 susc-2
323 1941 442 1981 (succ.)
479 1938 572 1972 ‘cod
600 1938 768 1973 Parcens.
803 1941 840 1973 et
864 1940 908 1973 H.
935 1938 1129 1983 Stephani'
1162 1938 1237 1982 (Ἷ11
1261 1937 1308 1972 Μ.
1340 1938 1378 1972 Τ.
1407 1937 1507 1973 Cice-

172 1986 273 2021 ronis
312 1997 421 2029 quam
458 1985 636 2028 plurimos
673 1985 773 2019 locos
813 1985 1088 2030 castigationes'
1121 1984 1234 2021 Paris.
1268 1988 1357 2020 1577
1388 1997 1423 2030 p.
1450 1989 1506 2021 88.

175 2033 299 2068 Codex
319 2033 376 2067 est
395 2031 715 2076 impudentissime
735 2032 1007 2077 interpolatus),
1032 2031 1162 2073 Klo‘cz.,
1189 2031 1310 2066 Halm.
1330 2032 1357 2075 Ῐ,
1383 2031 1507 2075 Kays.,

173 2080 337 2115 Richter.
367 2078 427 2123 (ad
453 2091 487 2123 p.
510 2082 564 2112 33.
580 2080 657 2121 26),
688 2079 752 2113 An
772 2100 814 2104 —
834 2090 908 2114 non
929 2078 1047 2114 susc?
1075 2077 1354 2121 BWssOxonn.,
1384 2078 1506 2113 Madv.

173 2127 267 2162 Adv.
293 2126 328 2160 II
347 2138 382 2171 p.
404 2129 470 2159 209
497 2136 530 2159 n.
552 2124 710 2159 alterum
729 2126 935 2161 membrum
953 2125 1167 2159 bimembris
1187 2124 1506 2170 interrogationis:

174 2175 262 2208 mihi
294 2178 335 2208 tn
365 2171 611 2207 suscensebis?
643 2172 789 2207 inversa
821 2171 996 2207 orationis
1025 2171 1145 2206 forma
1170 2182 1381 2216 expressum
1405 2173 1507 2206 ratus

176 2224 222 2264 (V.
250 2220 297 2254 ad
321 2231 356 2264 p.
384 2223 438 2254 39.
454 2221 522 2262 21),
548 2218 587 2252 in
612 2229 684 2261 quo
710 2230 787 2254 non
815 2220 978 2254 ‘revocat
1002 2229 1046 2252 ex
1071 2217 1260 2252 codicibus
1286 2218 1357 2253 fide
1383 2217 1508 2263 dignis

176 2267 381 2309 omnibus’,
413 2277 462 2300 an
492 2266 531 2299 in
561 2265 663 2300 nullo
697 2265 774 2300 cod.
804 2266 888 2300 ‘fide
921 2265 1049 2309 digno’
1078 2275 1157 2299 esse
1185 2265 1430 2309 obliviscitur3
1461 2264 1507 2300 cf.
