1619 2542
93 557 137 589 48

167 99 250 140 118
513 99 605 133 PRO
634 100 674 133 A.
703 98 941 133 CLUENTIO
969 98 1145 134 ORATIO

163 194 218 236 Ei
243 195 417 249 placuit,
442 198 490 236 ut
515 194 754 251 Diogenem
780 194 966 236 Habitus
995 197 1154 236 emeret
1181 210 1205 236 a
1227 194 1507 250 Cleophanto,

165 269 248 307 quo
278 252 444 295 facilius
480 257 554 295 aut
581 253 1013 306 comprehenderetur
1037 268 1105 294 res
1132 253 1221 295 eius
1249 254 1404 295 indicio
1432 257 1506 295 aut

162 312 275 353 falsa
308 327 399 353 esse
426 315 766 367 cognosceretur.
810 311 876 352 Ne
902 313 1056 366 multa,
1088 311 1306 368 Diogenes
1339 313 1506 366 emitur,

163 385 374 412 venenum
412 371 560 412 diebus
600 371 747 425 paucis
786 374 1076 424 comparatur,
1122 371 1249 412 multi
1286 371 1368 412 viri
1405 371 1507 412 boni

164 444 260 471 cum
287 445 337 470 ex
364 431 529 471 occulto
556 429 901 483 intervenissent,
926 429 1104 482 pecunia
1130 430 1371 485 obsignata,
1398 444 1506 484 quae

164 489 218 529 ob
258 503 353 529 eam
390 503 478 530 rem
513 488 713 541 dabatur,
751 488 796 528 in
828 489 1025 529 manibus
1058 487 1325 542 Scamandri,
1362 488 1508 530 liberti

163 547 477 600 Fabriciorum,
510 547 850 600 deprehenditur.
906 547 990 588 Pro
1023 547 1065 587 di
1095 547 1381 588 immortales!
1425 547 1508 602 Op-

164 606 379 660 pianicum
419 606 645 660 quisquam
686 605 751 646 his
790 606 916 646 rebus
955 606 1141 661 cognitis
1174 606 1508 647 circumventum

96 665 147 706 17
165 679 256 706 esse
295 664 435 705 dicet?
499 664 602 713 Quis
640 679 844 719 umquam
884 664 1101 717 audacior,
1143 665 1238 718 quis
1270 665 1508 718 nocentior,

95 1086 138 1116 49

106 2200 149 2231 50
177 2205 261 2243 qua
286 2203 415 2230 causa
441 2188 613 2241 patroni
639 2202 760 2229 omne
786 2187 1021 2241 periculum
1048 2186 1360 2227 continebatur.
1405 2185 1512 2240 Ego,
1533 2197 1547 2220 3

163 723 258 789 quis
297 723 487 777 apertior
529 724 574 764 in
606 723 809 764 iudicium
843 723 1048 764 adductus
1082 724 1176 764 est‘?
1239 722 1361 771 Quod
1392 724 1508 778 inge-

162 782 298 835 nium,
326 796 434 836 quae
465 781 651 823 facultas
684 781 862 834 dicendi,
894 796 1002 836 quae
1035 797 1059 822 a
1093 796 1307 836 quoquam
1340 782 1509 837 excogi-

163 843 257 881 tata
284 840 472 882 defensio
499 841 597 882 huic
623 841 695 881 uni
728 840 895 881 crimini
920 841 1063 895 potuit
1089 840 1328 882 obsistere?
1372 838 1509 881 Simul

165 902 207 940 et
244 900 351 940 illud
390 900 485 954 quis
525 902 590 941 est
632 900 703 953 qui
742 899 925 953 dubitet,
965 900 1066 953 quin
1098 899 1179 941 hac
1210 914 1255 940 re
1289 901 1509 953 comperta

165 959 479 1012 manifestoque
518 958 783 1012 deprehensa
825 961 898 999 aut
932 958 1128 999 obeunda
1160 972 1275 998 mors
1310 956 1507 999 Cluentio

167 1020 240 1058 aut
272 1017 542 1071 suscipienda
575 1017 790 1058 accusatio
822 1016 982 1057 fuerit?

255 1075 368 1117 Satis
402 1090 494 1116 esse
527 1076 715 1116 arbitror
748 1075 1104 1128 demonstratum,
1136 1075 1316 1128 iudices,
1349 1074 1400 1116 iis
1433 1074 1511 1116 cri-

167 1135 353 1176 minibus
387 1136 634 1176 accusatum
667 1148 758 1174 esse
791 1133 1091 1187 Oppianicum,
1131 1133 1193 1174 uti
1225 1134 1405 1174 honeste
1439 1133 1510 1174 ab·

167 1193 277 1235 solvi
308 1193 428 1234 nullo
461 1193 586 1234 modo
620 1192 819 1246 potuerit.
864 1191 1121 1247 Cognoscite
1152 1206 1264 1233 nunc
1296 1191 1358 1232 ita
1390 1206 1509 1232 reum

167 1252 347 1294 citatum
386 1266 478 1292 esse
519 1252 659 1305 illum,
698 1254 746 1292 ut
784 1265 828 1291 re
867 1251 999 1291 semel
1038 1253 1166 1304 atque
1204 1251 1360 1291 iterum
1391 1264 1510 1302 prae-

166 1311 353 1352 iudicata
378 1310 682 1352 condemnatus
709 1310 750 1350 in
778 1309 981 1350 iudicium
1006 1309 1182 1350 venerit.
1227 1308 1340 1349 Nam
1362 1307 1510 1350 Cluen-

168 1370 271 1423 tius,
315 1369 492 1421 iudices,
536 1369 722 1423 primum
766 1382 922 1409 nomen
962 1368 1051 1408 eius
1091 1367 1264 1421 detulit,
1310 1367 1428 1408 cuius
1466 1367 1511 1407 in

169 1428 366 1469 manibus
411 1442 620 1469 venenum
671 1427 1019 1480 deprehenderat,
1092 1426 1134 1466 Is
1185 1428 1277 1466 erat
1330 1426 1510 1466 libertus

169 1487 475 1539 Fabriciorum,
508 1485 775 1527 Scamander.
825 1485 1048 1540 Integrum
1082 1484 1327 1538 consilium,
1367 1484 1511 1525 iudicii

169 1545 361 1600 corrupti
404 1545 523 1586 nulla
568 1545 769 1598 suspicio,
816 1544 996 1597 simplex
1040 1544 1084 1584 in
1128 1543 1331 1584 iudicium
1370 1557 1510 1595 causa,

170 1607 287 1646 certa
330 1619 415 1657 res,
459 1619 591 1645 unum
635 1603 796 1644 crimen
840 1603 1032 1643 adlatum
1071 1605 1147 1643 est.
1215 1601 1297 1643 Hic
1335 1603 1426 1642 tum
1466 1600 1545 1642 C.-

170 1662 409 1715 Fabricius,
447 1663 501 1713 is,
540 1663 590 1703 de
623 1677 705 1716 quo
740 1664 838 1703 ante
873 1661 975 1714 dixi,
1016 1661 1089 1715 qui
1121 1661 1277 1702 liberto
1311 1660 1511 1701 damnato

172 1721 254 1762 sibi
298 1721 403 1762 illud
448 1721 691 1774 impendere
736 1720 971 1774 periculum
1014 1719 1195 1769 videret,
1249 1718 1361 1772 quod
1405 1717 1511 1758 mihi

172 1794 266 1821 cum
296 1780 608 1821 Aletrinatibus
634 1779 900 1820 vicinitatem
933 1781 975 1819 et
1001 1793 1095 1820 cum
1122 1777 1337 1832 plerisque
1364 1790 1511 1817 eorum

173 1852 378 1893 maguum
421 1852 545 1879 usum
588 1852 680 1879 esse
724 1838 904 1889 sciebat,
948 1837 1194 1891 frequentes
1236 1850 1307 1876 eos
1353 1834 1406 1875 ad.
1445 1849 1511 1875 me

173 1897 346 1938 domum
385 1896 572 1937 adduxit.
634 1895 714 1944 Qui
753 1910 1010 1950 quamquam
1049 1895 1099 1935 de
1137 1893 1309 1935 homine
1354 1893 1431 1947 sic,
1464 1895 1512 1934 ut

171 1969 343 1996 necesse
370 1957 474 2008 erat,
501 1955 818 2006 existimabant,
844 1957 999 2007 tamen,
1028 1952 1140 2007 quod
1168 1955 1259 1992 erat
1285 1967 1336 1992 ex
1364 1951 1512 1993 eodem

174 2013 422 2067 municipio,
473 2028 573 2054 suae
624 2013 848 2067 dignitatis
897 2026 987 2053 esse
1032 2011 1357 2052 arbitrabantur
1405 2025 1512 2063 eum,

175 2073 328 2127 quibus
367 2071 494 2112 rebus
526 2074 720 2124 possent,
760 2071 981 2112 defendere
1013 2070 1138 2123 idque
1171 2084 1196 2109 a
1228 2084 1293 2109 me
1326 2071 1372 2109 ut
1404 2068 1513 2110 face-

174 2146 263 2172 rem
296 2133 339 2172 et
370 2133 417 2171 ut
443 2144 615 2171 causam
643 2129 891 2171 Scamandri
925 2128 1182 2181 susciperem
1215 2127 1437 2180 petebant,
1469 2142 1513 2168 in

177 2248 249 2302 qui
287 2261 423 2301 neque
462 2246 550 2288 illis
589 2246 749 2287 talibus
789 2245 892 2286 viris
932 2259 980 2285 ac
1018 2248 1108 2285 tam
1148 2244 1392 2285 amantibus
1431 2243 1514 2284 mei

177 2321 268 2347 rem
300 2320 471 2361 possem
502 2305 634 2346 ullam
667 2318 824 2358 negare
855 2317 991 2357 neque
1016 2303 1122 2343 illud
1154 2303 1314 2344 crimen
1345 2304 1515 2343 tantum

1530 736 1562 759 10

1532 1027 1562 1052 15

1531 1290 1619 1344 20Ξ

1531 1904 1566 1929 30
