1619 2542
564 63 663 98 CAP.
691 68 804 99 9-11
831 67 850 106 g
878 67 1025 100 18—23
1383 67 1467 109 297

128 161 301 201 coactus
334 162 411 213 631,
443 161 618 201 ornetur
650 160 760 201 alter
790 160 945 201 eximia
971 160 1095 203 laude
1122 161 1364 217 Africanus,
1397 165 1469 218 qui

129 217 233 259 duas
279 219 405 260 urbes
444 218 542 260 111116
579 218 759 272 imperio
798 218 1116 273 infestissimas,
1159 219 1468 277 Carthaginem

128 276 510 331 Numantiamque,
542 277 710 331 delevit,
741 277 952 319 habeatur
981 279 1047 320 vir
1079 280 1279 335 egregius
1311 280 1469 323 Paulus

130 335 224 389 ille,
263 336 380 377 cuius
413 350 581 377 6111111111
614 350 686 376 lex
718 337 1044 391 potentissimus
1077 339 1290 393 quondam
1323 342 1366 380 et
1396 355 1469 382 no

94 404 111 430 5
131 394 367 436 bilissimus
393 394 544 436 Perses
570 394 823 444 honestavit,
852 396 909 436 sit
935 399 1109 438 aeterna
1135 398 1276 452 gloria
1294 398 1469 453 Marius,

130 454 203 509 qui
235 453 300 495 1113
329 452 503 495 Ι16116111
536 453 754 495 obsidione
787 456 830 495 et
861 457 978 496 metu
1011 456 1230 498 servitutis
1256 457 1469 513 liberavit,

131 514 419 566 anteponatur
445 512 642 554 omnibus
661 511 901 566 Pompeius,
926 514 1044 556 6111113
1071 529 1137 556 163
1165 518 1313 571 gestae
1340 519 1468 572 atque

129 572 310 613 virtutes
351 571 487 612 isdem
526 571 678 625 quibus
711 571 814 612 solis
846 586 994 614 cursus
1026 574 1274 629 regionibus
1307 589 1356 617 66
1385 578 1468 617 ter-

129 630 258 672 minis
304 630 595 683 continentur,
633 630 714 671 erit
750 630 941 696 profecto
980 632 1093 673 inter
1129 632 1283 675 horum
1320 633 1468 676 laudes

78 699 111 724 10
131 688 292 744 aliquid
324 688 408 730 1061
438 691 609 730 11031166
642 689 819 744 gloriae,
850 689 934 731 nisi
959 690 1070 732 forte
1096 692 1234 733 maius
1261 694 1327 734 est
1351 696 1469 747 pate-

129 748 269 790 facere
313 747 437 789 nobis
480 747 741 802 provincias,
785 762 868 802 quo
910 750 1023 790 exire
1062 750 1295 804 possimus,
1340 767 1468 805 quam

130 821 291 859 curare,
323 809 371 847 ut
396 806 525 847 etiam
551 806 626 857 illi,
653 807 726 861 qui
752 806 919 860 absunt,
945 807 1146 862 habeant,
1172 824 1255 863 quo
1282 811 1467 852 victores

128 867 407 907 revertantur.
451 863 719 920 Quamquam
752 868 818 907 est
849 880 932 907 uno
965 866 1058 908 1060
1091 868 1282 910 6011111610
1315 869 1468 911 11161101
1495 879 1538 911 22

131 927 331 966 externae
381 923 584 965 victoriae
641 939 769 979 quam
825 925 1099 980 domesticae,
1156 928 1268 981 quod
1319 928 1467 970 hostes

77 990 110 1016 15
131 983 394 1037 alienigenae
427 984 502 1024 aut
533 985 727 1038 oppressi
760 984 954 1025 serviunt
985 987 1059 1026 aut
1090 986 1250 1039 recepti
1277 986 1337 1035 [in
1363 988 1467 1028 ami-

130 1042 293 1095 citiam]
333 1041 538 1083 beneficio
578 1056 622 1084 se
662 1042 879 1097 obligatos
915 1046 1087 1098 putant3
1125 1045 1199 1098 qui
1236 1048 1380 1086 autem
1418 1060 1467 1087 ex

129 1115 306 1142 numero
327 1101 482 1142 civium
504 1100 718 1142 dementia
739 1102 882 1156 aliqua
902 1102 1130 1168 depravati·
1142 1103 1288 1145 hostes
1302 1104 1467 1157 patriae

131 1160 262 1201 semel
295 1173 387 1201 esse
419 1162 662 1229 coeperunt,
695 1174 765 1201 eos
798 1175 893 1201 cum
923 1175 948 1202 a
972 1162 1156 1215 pernicie
1183 1162 1243 1203 rei
1269 1163 1466 1229 publicae

129 1218 376 1273 reppuleris,
401 1232 478 1259 1166
503 1217 546 1259 vi
573 1222 764 1260 co'ercere
790 1233 867 1260 1166
893 1218 1097 1261 beneficio
1124 1220 1294 1273 placare
1314 1222 1467 1276 possis.

76 1285 110 1310 20
130 1275 269 1325 Quare
319 1276 426 1317 mihi
474 1291 569 1318 cum
612 1277 791 1330 perditis
834 1278 998 1319 civibus
1043 1280 1262 1320 aeternum
1306 1280 1465 1322 bellum

129 1337 373 1389 susceptum
425 1349 517 1376 esse
560 1335 695 1376 video.
768 1335 817 1376 Id
861 1349 940 1389 ego
984 1338 1127 1377 vestro
1171 1337 1466 1393 bonorumque

129 1394 319 1435 omnium
370 1393 528 1434 auxilio
573 1393 860 1447 memoriaque
885 1369 1123 1435 ”tantorum
1166 1396 1466 1450 periculorum,

129 1466 237 1506 quae
267 1466 354 1492 non
387 1451 513 1492 modo
544 1452 589 1492 in
619 1451 700 1493 hoc
731 1451 908 1505 populo,
947 1453 1019 1506 qui
1051 1456 1244 1494 servatus
1278 1456 1360 1507 est,
1391 1455 1465 1496 3611

129 1511 174 1551 111
212 1510 401 1551 omnium
440 1509 632 1564 gentium
671 1510 937 1551 sermonibus
970 1525 1018 1552 ac
1050 1511 1264 1553 mentibus
1298 1526 1465 1566 semper

74 1577 108 1603 25
127 1568 339 1622 haerebit,
377 1582 402 1609 a
439 1582 506 1608 me
544 1570 670 1621 atque
709 1583 734 1609 a
772 1569 876 1609 meis
908 1569 1033 1610 facile
1063 1570 1307 1624 propulsari
1337 1585 1464 1625 posse

127 1627 304 1669 confido.
377 1625 525 1680 Neque
573 1626 664 1667 ulla
703 1626 893 1680 profecto
937 1630 1061 1668 tanta
1106 1628 1170 1669 vis
1215 1630 1463 1685 reperietur,

128 1700 234 1740 quae
274 1684 614 1726 coniunctionem
646 1688 831 1726 vestram
865 1686 1140 1740 equitumque
1171 1664 1463 1730 Romanoruni

127 1746 171 1785 et
207 1746 375 1786 tantam
413 1743 771 1797 conspirationem
809 1744 1019 1785 bonorum
1059 1744 1248 1787 omnium
1281 1746 1463 1788 confrin-

127 1816 227 1858 gere
259 1805 302 1844 et
331 1801 589 1843 labefactare
621 1802 770 1855 possit.

73 1870 108 1895 30
214 1859 330 1927 Quae
362 1875 457 1902 cum
487 1860 549 1901 ita
581 1861 680 1913 sint,
710 1874 787 1914 pro
819 1860 1012 1915 imperio,
1042 1875 1121 1916 pro
1153 1862 1352 1917 exercitu,
1383 1849 1530 1930 pro,1,1

125 1920 357 1972 provincia,
383 1933 509 1974 quam
528 1919 711 1973 neglexi,
730 1932 807 1972 pro
828 1919 1045 1974 triumpho
1068 1920 1304 1975 ceterisque
1324 1922 1506 1964 laudis*

125 1977 383 2032 insignibus,
420 1991 526 2031 quae
566 1979 667 2018 sunt
698 1992 722 2018 a
754 1991 821 2018 me
852 1980 1028 2032 propter
1057 1978 1176 2020 urbis
1208 1982 1460 2034 vestraeque

126 2037 278 2077 salutis
310 2035 547 2077 custodiam
573 2035 809 2090 repudiata,
839 2050 917 2090 pro
944 2036 1151 2078 clientelis
1178 2037 1461 2103 hospitiisque

126 2094 469 2148 provincialibus,
500 2108 607 2148 quae
639 2097 781 2135 tamen
806 2093 980 2135 urbanis
1007 2095 1159 2150 opibus
1185 2109 1271 2137 non
1297 2096 1460 2137 minore

73 2162 106 2190 35
127 2153 274 2194 labore
314 2155 437 2194 tueor
475 2167 601 2218 quam
634 2166 852 2206 comparo,
888 2166 964 2206 pro
996 2153 1064 2194 his
1095 2154 1229 2207 igitur
1262 2154 1459 2195 omnibus

124 2211 269 2260 rebus,
313 2224 390 2263 pro
439 2211 544 2252 meis
582 2211 626 2251 in
663 2224 740 2252 vos
778 2210 1070 2265 singularibus
1108 2211 1260 2253 studiis
1297 2226 1458 2266 proque

123 2269 216 2319 hac,
248 2283 374 2324 quam
406 2269 661 2323 perspicitis,
693 2268 745 2311 ad
771 2270 1102 2311 conservandam
1127 2284 1218 2311 rem
1243 2270 1459 2325 publicam
