1687 2533
208 101 293 142 346
603 101 695 137 PRO
723 103 762 137 P.
790 101 941 136 SULLA
969 101 1159 136 ORATIO.

208 197 313 238 meis
347 197 539 251 sedibus,
576 198 621 239 in
652 201 883 252 conspectu
914 198 1059 240 uxoris
1092 212 1141 240 ac
1172 198 1407 240 liberorum
1438 214 1551 242 meo-

140 254 223 311 (19)
238 271 334 297 rum
374 257 627 309 trucidaret,
671 257 959 298 obliviscerer.
1021 256 1137 304 Quae
1180 257 1217 298 si
1260 258 1310 298 de
1353 272 1437 299 uno
1481 272 1549 299 me

210 316 461 370 cogitasset,
500 330 583 370 qua
615 315 801 356 mollitia-
832 330 925 356 sum
958 315 1091 356 animi
1123 329 1171 356 ac
1202 316 1399 369 lenitate,
1430 330 1551 358 num·

210 389 337 429 quam
364 374 605 415 mehercule
632 374 750 415 illius
776 374 964 415 lacrimis
991 389 1039 415 ac
1059 374 1255 428 precibus
1275 375 1550 429 restitissem,

141 444 181 475 19
209 433 281 474 sed
326 447 421 474 cum
465 433 571 473 mihi
600 427 792 486 patriae,
836 447 932 474 cum
969 435 1210 474 vestrorum
1250 434 1586 488 periculorum,5

141 1203 186 1234 20

164 1833 188 1873 7

209 506 305 533 cum
336 491 463 533 huius
496 491 627 545 urbis,
659 506 755 532 cum
786 492 960 532 illorum
993 491 1267 533 delubrorum
1293 494 1421 547 atque
1446 495 1552 534 tem—

208 551 398 605 plorum,
436 565 530 592 cum
568 565 798 605 puerorum
836 550 1083 602 infantium,
1123 565 1218 592 cum
1256 553 1551 593 matronarum

210 623 258 650 ac
289 609 504 663 virginum
530 609 732 650 veniebat
757 609 803 650 in
828 611 1026 663 mentem,
1058 612 1100 650 et
1123 623 1220 651 cum
1244 609 1347 652 illae
1370 610 1553 652 infestae

210 683 259 709 ac
285 668 479 709 funestae
505 668 619 709 faces
644 668 974 722 universumque
999 668 1134 710 totius
1162 669 1280 710 urbis
1300 669 1552 723 incendium,

209 742 305 768 cum
316 727 415 781 tela,
430 742 525 769 cum
540 727 702 780 caedes,
717 741 812 768 cum
829 727 983 768 civium
999 741 1134 780 cruor,
1147 742 1243 768 cum
1262 727 1369 769 cinis
1385 728 1551 783 patriae

208 787 371 827 versari
409 788 509 827 ante
548 786 694 827 oculos
728 788 856 839 atque
889 785 1079 826 animum
1111 787 1319 828 memoria
1349 787 1551 828 refricare

210 847 423 899 coeperat,
455 848 547 885 tum
581 844 759 898 denique
791 845 829 885 ei
861 844 1128 898 resistebam,
1159 859 1295 899 neque
1322 845 1461 887 solum
1487 845 1552 887 illi

209 903 327 944 hosti
366 919 414 945 ac
450 903 708 958 parricidae,
748 902 821 944 sed
858 902 926 944 his
965 903 1095 944 etiam
1132 905 1386 958 propinquis
1424 905 1554 959 illius,

210 960 441 1016 Marcellis,
467 963 582 1016 patri
608 964 651 1003 et
676 961 777 1015 filio,
804 976 982 1015 quorum
1012 962 1123 1003 alter
1142 962 1255 1016 apud
1275 977 1342 1004 me
1361 963 1553 1017 parentis

212 1021 485 1076 gravitatem,
518 1020 629 1061 alter
659 1020 740 1061 filii
764 1020 1023 1061 suavitatem
1050 1021 1290 1075 optinebat3
1322 1036 1458 1076 neque
1484 1036 1552 1064 me

212 1079 455 1120 arbitrabar
487 1079 577 1120 sine
610 1093 777 1120 summo
804 1079 962 1119 scelere
987 1093 1125 1133 posse,
1158 1079 1269 1133 quod
1295 1080 1554 1122 maleficium

211 1139 256 1178 in
282 1138 377 1179 aliis
402 1137 699 1191 vindicassem,
724 1137 836 1178 idem
854 1137 901 1178 in
920 1137 1092 1179 illorum
1112 1138 1238 1192 socio,
1265 1153 1360 1179 cum
1388 1139 1554 1194 scirem,

213 1196 448 1238 defendere.
515 1196 659 1250 Atque
711 1196 823 1236 idem
868 1210 948 1251 ego
992 1211 1128 1249 neque
1166 1196 1210 1238 P.
1249 1195 1410 1238 Sullam
1456 1212 1555 1252 sup-

211 1256 365 1309 plicem
404 1256 514 1296 ferre
551 1268 687 1309 neque
714 1255 884 1296 eosdem
915 1254 1144 1296 Marcellos
1175 1270 1253 1309 pro
1285 1255 1411 1297 huius
1442 1257 1553 1309 peri-

213 1314 320 1355 culis
358 1314 634 1355 lacrimantes
674 1314 862 1367 aspicere
899 1328 1034 1367 neque
1065 1313 1191 1355 huius
1223 1313 1280 1356 M.
1312 1313 1554 1369 Messallae,
1573 1327 1588 1352 2

212 1372 400 1414 hominis
426 1371 668 1426 necessarii,
700 1386 846 1426 preces
874 1372 1083 1414 sustinere
1109 1373 1246 1427 potui3
1278 1387 1414 1427 neque
1440 1373 1554 1414 enim

214 1434 280 1472 est
312 1446 440 1473 causa
466 1431 693 1472 adversata
719 1434 910 1481 naturae,
941 1445 1018 1472 nec
1043 1431 1172 1472 homo
1198 1445 1276 1473 nec
1300 1446 1368 1473 res
1395 1431 1556 1474 miseri-

214 1490 384 1531 cordiae
417 1504 536 1531 meae
567 1489 837 1544 repugnavit.
887 1488 1112 1544 Nusquam
1142 1504 1311 1544 nomen,
1342 1505 1555 1545 nusquam

213 1549 446 1604 vestigium
490 1548 650 1601 fuerat,
699 1548 868 1589 nullum
912 1548 1090 1602 crimen,
1133 1549 1299 1590 nullum
1341 1549 1554 1602 indicium,

1572 739 1606 764 10

1573 1032 1606 1058 15

213 1608 335 1648 nulla
367 1607 563 1660 suspicio.
614 1606 790 1661 Suscepi
822 1621 1007 1660 causam,
1040 1606 1269 1662 Torquate,
1302 1608 1480 1662 suscepi,
1511 1610 1554 1649 et
1573 1618 1607 1644 25

213 1665 295 1707 feci
327 1666 521 1715 libenter,
552 1668 602 1707 ut
632 1680 712 1719 me,
744 1679 869 1720 quem
901 1666 1003 1707 boni
1034 1668 1314 1719 constantem,
1344 1669 1392 1707 ut
1417 1681 1554 1720 spero,

216 1739 384 1778 semper
410 1725 742 1778 existimassent,
774 1724 954 1765 eundem
979 1738 1031 1765 ne
1056 1724 1243 1778 improbi
1268 1724 1438 1779 quidem
1463 1739 1554 1766 cru·

216 1782 354 1823 delem
386 1783 585 1824 dicerent.

304 1840 387 1882 Hic
427 1841 488 1882 ait
520 1855 564 1882 se
595 1841 688 1895 ille,
725 1840 903 1895 iudices,
941 1855 1123 1897 regnum
1154 1856 1295 1883 meum
1325 1840 1436 1882 ferre
1467 1856 1555 1883 non

172 1885 189 1914 ¹
216 1914 354 1954 posse.
399 1899 520 1948 Quod
551 1900 738 1949 tandem,
770 1899 999 1954 Torquate,
1029 1900 1238 1954 regnum?
1282 1898 1554 1955 Consulatus,
1573 1912 1609 1937 30

217 1958 353 2011 credo,
385 1957 487 2011 mei3
517 1958 561 1998 in
594 1973 675 2012 quo
709 1972 788 2013 ego
813 1957 1021 2013 imperavi
1044 1958 1155 1999 nihil
1180 1960 1223 1999 et
1248 1960 1398 1999 contra
1422 1959 1554 2012 patri·

216 2017 297 2058 bus
329 2016 583 2070 conscriptis
617 2019 659 2056 et
689 2017 814 2057 bonis
847 2016 1044 2057 omnibus
1070 2016 1211 2070 parui3
1244 2031 1326 2070 quo
1352 2016 1397 2057 in
1422 2017 1556 2072 magi-

218 2077 357 2116 stratu
389 2089 477 2116 non
508 2074 757 2116 institutum
790 2077 856 2116 est
888 2074 1085 2115 videlicet
1117 2089 1141 2115 a
1167 2089 1234 2115 me
1259 2089 1450 2130 regnum,
1482 2075 1557 2116 sed

217 2148 471 2188 repressum.
503 2132 574 2173 An
593 2136 684 2173 tum
705 2133 750 2174 in
768 2135 892 2174 tanto
913 2132 1093 2186 imperio
1112 2135 1320 2187 tantaque
1340 2136 1555 2188 potestate

218 2207 305 2234 non
349 2191 452 2233 dicis
493 2205 561 2232 me
598 2191 730 2232 fuisse
767 2205 931 2245 regem,
972 2205 1086 2232 nunc
1122 2191 1337 2244 privatum
1375 2206 1554 2247 regnare
1572 2202 1608 2229 35

221 2251 354 2292 dicis?
400 2264 482 2305 quo
526 2249 699 2290 tandem
743 2249 945 2290 nomine?
1013 2248 1167 2304 Quod,
1210 2249 1255 2291 in
1291 2264 1397 2304 quos
1434 2250 1554 2291 testi-

219 2309 363 2351 monia
401 2307 572 2360 dixisti',
604 2307 763 2362 inquit,
804 2307 1011 2348 ‘damnati
1041 2311 1159 2362 sunt3
1197 2322 1321 2363 quem
1353 2308 1556 2362 defendis,
