1687 2533
188 409 213 492 l

198 1033 217 1063 10

207 2166 234 2207 2

212 2218 229 2233 O

211 2232 231 2247 ι)

235 104 323 145 514
454 103 518 138 DE
543 102 857 138 HARUSPICUM
882 101 1133 138 RESPONSO
1161 102 1349 138 ORATIO.

236 197 460 233 notaverint.
499 196 617 239 Quam
638 198 683 232 ob
704 208 793 239 rem,
819 197 883 240 qui
910 197 987 231 sine
1013 197 1268 241 praeiudicata
1293 196 1466 241 opinione
1485 197 1582 232 hane

238 244 447 279 orationem
472 244 621 288 legerit,
650 244 762 279 facile
788 243 984 288 intelleget
1009 243 1123 279 etiam
1149 245 1245 278 hauc
1271 244 1476 279 orationem
1503 244 1581 279 sine

238 292 374 327 idonea
400 301 509 326 causa
534 303 600 336 pro
627 291 871 336 suppositicia
895 291 1062 325 habitam
1089 301 1181 326 esse.

330 433 542 476 Hesterno
576 433 654 486 die,
685 435 829 486 patres
863 433 1107 488 conscripti,
1138 447 1233 475 cum
1265 448 1331 474 me
1364 435 1406 474 et
1439 435 1583 474 vestra.

241 493 430 549 dignitas
471 495 513 533 et
548 491 791 546 frequentia
829 492 1017 546 equitum
1050 492 1343 533 Romanorum
1382 506 1582 547 praesen-

240 553 366 605 tium,
400 552 552 605 quibus
586 553 758 591 senatus
792 550 986 605 dabatur,
1018 565 1280 606 magnopere
1312 553 1583 604 commosset,

241 611 390 666 putavi
417 610 523 650 mihi
554 609 867 663 reprimendam
900 624 992 650 esse
1025 609 1068 650 P.
1092 609 1214 651 Clodi
1246 609 1491 664 inpudicam
1521 609 1582 650 in-

243 669 511 724 pudentiam,
549 683 645 709 cum
682 668 719 708 is
751 668 1077 722 publicanorum
1110 683 1282 709 causam
1315 668 1581 709 stultissimis
1601 680 1619 705 5

244 727 657 781 interrogationibus
690 726 931 781 impediret,
968 726 1014 768 P.
1046 726 1235 768 Tullioni
1268 725 1372 780 Syro
1405 730 1584 768 navaret

243 801 416 840 operam
456 789 583 840 atque
621 785 659 826 ei
697 800 759 839 se,
796 785 863 827 cui
902 788 1019 827 totus
1051 787 1260 839 venierat,
1298 786 1428 827 etiam
1458 785 1582 827 vobis

242 845 583 899 inspectantibus
622 844 876 886 venditaret.
938 844 1087 898 Itaque
1120 844 1338 885 hominem
1370 844 1582 885 furentem

244 904 590 958 exultantemque
635 903 844 956 continui,
895 903 1023 944 simul
1068 917 1116 944 ac
1158 903 1395 957 periculum
1438 902 1583 944 iudicii

244 963 426 1016 intendi,
465 962 628 1003 duobus
661 962 841 1015 inceptis
874 962 1015 1003 verbis
1049 976 1218 1003 omnem
1249 961 1458 1015 impetum
1491 961 1582 1016 gla-
1603 975 1637 1000 10

246 1021 422 1063 diatoris
465 1020 752 1074 ferociamque
797 1020 1040 1074 compressi.
1111 1020 1174 1061 Ac
1218 1022 1363 1061 tamen
1407 1021 1584 1074 ignarus

244 1080 329 1133 ille,
362 1080 433 1134 qui
466 1081 658 1121 consules
692 1081 850 1132 essent,
883 1079 1110 1134 exsanguis
1144 1081 1271 1132 atque
1305 1081 1506 1119 aestuans
1540 1093 1584 1119 se

246 1153 295 1180 ex
327 1138 445 1179 curia
476 1140 650 1192 repente
682 1137 895 1202 proripuit
921 1152 1016 1178 cum
1043 1137 1298 1192 quibusdam
1323 1136 1472 1178 fractis
1498 1137 1586 1178 iam

245 1200 373 1251 atque
405 1197 604 1237 inanibus
636 1196 761 1236 minis
795 1198 837 1236 et
868 1211 963 1237 cum
989 1196 1106 1237 illius
1132 1195 1351 1237 Pisoniani
1377 1196 1583 1250 temporis

246 1254 560 1321 Gabinianique
592 1254 840 1295 terroribus.
897 1253 1031 1303 Quem
1063 1269 1159 1296 cum
1198 1254 1487 1309 egredientem
1518 1254 1638 1295 ill-15

247 1315 366 1368 sequi
405 1314 657 1368 coepissem,
696 1313 788 1368 cepi
826 1313 1021 1368 equidem
1058 1314 1244 1355 fructum
1279 1314 1513 1354 maximum
1544 1315 1587 1353 et

248 1388 299 1414 ex
343 1373 688 1414 consurrectione
733 1372 924 1413 omnium
970 1375 1159 1413 vestrum
1203 1375 1246 1413 et
1289 1386 1339 1412 ex
1379 1371 1586 1413 comitatu

247 1431 585 1486 publicanorum.
647 1429 728 1472 Sed
771 1445 945 1472 vaecors
988 1434 1161 1485 repente
1206 1431 1296 1471 sine
1339 1444 1414 1471 suo
1456 1430 1589 1483 voltu,

248 1490 340 1531 sine
382 1491 541 1543 colore,
586 1490 675 1530 sine
708 1503 809 1530 voce
850 1489 1063 1543 constitit,
1108 1488 1256 1530 deinde
1300 1489 1490 1543 respexit
1533 1491 1588 1542 et,

249 1548 377 1589 simul
410 1551 536 1603 atque
568 1547 643 1590 Cn.
675 1548 906 1589 Lentulum
938 1548 1155 1589 consulem
1188 1547 1374 1602 aspexit,
1406 1547 1590 1590 concidit
1609 1558 1643 1584 2⁰

249 1608 293 1648 iu
325 1607 465 1649 curiae
497 1622 631 1662 paene
657 1607 805 1648 limine
832 1607 1137 1661 recordatione,
1170 1606 1306 1659 credo,
1339 1605 1497 1648 Gabini
1522 1606 1591 1647 sui

250 1666 542 1720 desiderioque
568 1665 747 1707 Pisonis.
798 1664 928 1707 Cuius
962 1679 1040 1720 ego
1073 1665 1124 1706 de
1155 1664 1369 1706 ecfrenato
1404 1667 1446 1706 et
1470 1679 1590 1720 prae-

251 1724 370 1778 cipiti
409 1724 553 1765 furore
594 1724 695 1779 quid
736 1724 902 1765 dicam?
963 1723 1112 1765 Potest
1150 1723 1419 1779 gravioribus
1459 1738 1484 1764 a
1522 1738 1590 1764 me

250 1782 392 1824 verbis
437 1783 672 1835 volnerari,
716 1797 845 1837 quam
889 1785 953 1824 est
997 1782 1146 1824 statim
1188 1783 1234 1823 in
1276 1782 1389 1824 facto
1430 1781 1523 1835 ipso
1566 1796 1591 1822 a

252 1841 508 1895 gravissimo
540 1842 652 1894 viro,
688 1841 733 1882 P.
767 1840 959 1895 Servilio,
991 1841 1209 1883 confectus
1242 1855 1290 1882 ac
1320 1840 1590 1882 trucidatus?
1610 1850 1644 1877 25

253 1899 382 1941 Cuius
421 1899 458 1941 si
489 1900 574 1940 iam
607 1901 692 1941 vim
725 1902 768 1940 et
800 1901 1059 1955 gravitatem
1092 1900 1214 1941 illam
1247 1899 1511 1954 singularem
1543 1913 1592 1940 ac

252 1972 386 2013 paene
430 1958 619 1999 divinam
664 1959 841 2013 adsequi
883 1973 1072 2013 possem,
1115 1961 1260 2000 tamen
1301 1972 1388 1998 non
1432 1957 1592 2010 dubito,

253 2017 355 2071 quin
388 2031 438 2058 ea
469 2017 568 2070 tela,
602 2031 708 2070 quae
742 2017 970 2059 coniecerit
993 2017 1203 2070 inimicus,
1235 2031 1362 2070 quam
1389 2030 1450 2070 ea,
1484 2029 1593 2070 quae

254 2076 422 2131 collega
464 2076 600 2129 patris
645 2076 805 2130 emisit,
856 2075 1018 2117 leviora
1062 2078 1189 2130 atque
1231 2074 1456 2116 hebetiora
1500 2088 1593 2115 esse

256 2134 491 2175 videantur.
1615 2142 1649 2169 ³0

348 2191 429 2233 Sed
460 2194 606 2234 tamen
637 2193 719 2233 mei
751 2192 857 2234 facti
889 2193 1100 2235 rationem
1132 2206 1341 2247 exponere
1372 2191 1459 2232 illis
1487 2190 1596 2244 volo,

259 2249 331 2316 qui
368 2251 568 2292 hesterno
607 2250 672 2291 die
712 2251 855 2292 dolore
891 2266 958 2292 me
991 2251 1152 2292 elatum
1184 2252 1226 2292 et
1256 2250 1476 2291 iracundia
1507 2250 1596 2291 lon-

260 2308 355 2364 gius
388 2324 521 2365 prope
552 2323 829 2365 progressum
862 2309 1197 2364 arbitrabantur,
1229 2323 1357 2363 quam
1390 2307 1597 2363 sapientis
