1619 2542
69 379 111 411 93

72 1316 116 1347 94

74 1636 118 1666 (1¹5

136 96 222 137 222
442 95 505 131 DE
531 94 655 130 LEGE
681 94 898 129 AGRARIA
924 93 1103 129 ORATIO
1129 95 1174 131 Π.

140 192 232 234 Sex.
265 191 420 244 Saltio,
453 207 579 247 quem
609 192 661 233 ad
687 191 862 233 modum
893 190 978 245 ipsi
1009 190 1310 244 loquebantur,
1343 189 1479 245 ‘prae-

138 250 337 304 toribus',
375 254 424 293 ut
458 250 742 315 intellegatis,
780 251 985 304 quantam
1023 249 1142 290 locus
1180 249 1274 303 ipse
1313 249 1480 290 adferat

140 310 401 364 superbiam,
445 324 551 363 quae
595 308 743 374 paucis
790 308 958 362 diebus,
1004 307 1159 361 quibus
1196 307 1271 348 illo
1311 308 1480 349 colonia

139 369 318 410 deducta
369 370 449 421 est,
498 367 680 422 perspici
732 369 858 421 atque
901 366 1098 421 intellegi
1140 366 1294 420 potuit.
1366 364 1480 408 Nam

138 428 343 492 primum,
374 426 417 467 id
450 426 561 480 quod
594 426 698 479 dixi,
731 440 826 467 cum
858 425 1009 467 ceteris
1041 424 1086 465 in
1118 424 1297 466 coloniis
1330 424 1515 466 duum-⁵

140 485 221 526 viri
259 486 548 540 appellentur,
590 484 636 525 hi
673 498 718 525 se
755 487 976 538 praetores
1015 483 1226 538 appellari
1264 483 1479 525 volebant.

141 543 303 592 Quibus
359 544 522 597 primus
581 557 715 584 annus
764 543 874 584 113110
925 542 1202 596 cupiditatem
1253 542 1481 596 attulisset,

139 617 281 643 nonne
310 601 581 643 arbitramini
606 602 752 656 paucis
780 602 902 642 annis
922 601 1054 642 fuisse
1075 600 1298 642 consulum
1323 615 1480 642 nomen

142 661 442 715 appetituros?
504 660 667 702 Deinde
707 660 930 701 anteibant
961 659 1132 701 lictores
1163 674 1250 700 non
1281 674 1377 701 cum
1407 659 1479 700 ba-

141 720 263 772 cillis,
295 720 381 772 sed,
412 722 461 760 ut
491 719 560 761 1110
584 719 857 774 praetoribus
891 718 1103 770 [urbanis]
1137 720 1350 772 anteeunt,
1382 732 1478 759 cum
1498 728 1533 754 10

140 778 327 820 fascibus
361 779 535 820 duobus.
597 777 736 819 Erant
766 777 934 819 hostiae
966 776 1148 818 maiores
1180 777 1226 817 in
1255 776 1349 817 foro
1381 791 1480 818 con-

141 838 333 890 stitutae,
365 851 473 892 quae
506 837 559 877 ab
592 836 659 878 his
692 836 962 891 praetoribus
995 835 1045 876 de
1076 835 1282 876 tribunali
1314 835 1424 876 sicut
1455 850 1481 876 a

140 896 265 937 nobis
316 896 562 937 consulibus
612 895 661 936 de
706 895 875 936 consilii
919 894 1131 935 sententia
1173 894 1381 948 probatae
1427 893 1480 935 ad

143 969 396 1010 praeconem
446 956 489 995 et
538 953 591 995 ad
634 953 854 995 tibicinem
900 953 1245 994 immolabantur
1317 952 1480 993 Deinde

141 1016 287 1067 patres
320 1012 550 1065 conscripti
581 1013 858 1053 vocabantur.
918 1011 1010 1053 Iam
1041 1026 1140 1052 vero
1173 1011 1340 1052 vultum
1373 1009 1479 1052 Con·
1500 1020 1533 1046 15

143 1072 223 1112 sidi
243 1071 385 1113 videre
403 1070 630 1111 ferundum
650 1071 719 1111 vix
740 1073 841 1111 erat.
874 1068 1008 1118 Quem
1027 1069 1243 1111 hominem
1261 1069 1481 1124 vegrandi

142 1130 277 1171 macie
315 1129 540 1170 torridum'
572 1129 735 1170 Romae
768 1131 1082 1183 contemptum,
1123 1128 1337 1169 abiectum
1368 1127 1480 1169 vide-

141 1188 312 1241 bamus,
361 1188 474 1229 hunc
512 1186 682 1242 Capuae
727 1186 944 1240 Campano
997 1186 1224 1241 supercilio
1269 1201 1317 1228 ac
1359 1186 1478 1241 regio

143 1247 299 1299 spiritu
342 1261 436 1288 cum
479 1246 737 1298 videremus,
780 1244 972 1286 Blossios
1018 1245 1123 1286 mihi
1167 1244 1342 1286 videbar
1378 1244 1478 1285 illos

143 1305 284 1345 videre
323 1320 371 1346 ac
402 1304 627 1346 Vibellios.
688 1304 780 1346 Iam
818 1318 916 1345 vero
955 1303 1027 1358 qui
1064 1305 1202 1344 metus
1242 1305 1334 1344 erat
1369 1303 1477 1344 tuni-
1498 1314 1533 1340 20

143 1367 335 1405 catorum
373 1364 546 1405 illorum
585 1367 627 1404 et
663 1363 708 1404 in
740 1363 911 1403 Albana
949 1365 992 1403 et
1024 1360 1217 1415 Seplasia
1244 1375 1351 1416 quae
1383 1376 1478 1403 con-

143 1422 330 1464 cursatio
368 1422 756 1477 pereunctantium,
795 1421 895 1475 quid
932 1423 1107 1475 praetor
1148 1420 1367 1474 edixisset,
1406 1420 1480 1461 ubi

144 1484 326 1534 001131,οὺ
358 1495 440 1534 quo
468 1481 777 1522 denuntiasset!
823 1478 913 1521 Nos
940 1482 1095 1534 autem,
1120 1479 1219 1520 hinc
1245 1478 1382 1520 Roma
1408 1479 1480 1533 qui

143 1554 408 1593 veneramus,
440 1540 526 1581 iam
557 1554 644 1581 non
674 1539 880 1593 hospites,
914 1538 986 1579 sed
1018 1537 1231 1593 peregrini
1257 1540 1385 1592 atque
1411 1537 1480 1579 ad-

73 1583 128 1625 35
144 1612 276 1639 venae
308 1573 648 1639 noniinabamur.
709 1597 826 1639 Haec
852 1597 924 1662 qui
954 1597 1263 1651 prospexerint,
1297 1596 1479 1637 maiores
1499 1605 1532 1632 2⁵

144 1659 317 1697 nostros
344 1656 450 1710 dico,
477 1656 677 1710 Quirites,
700 1671 787 1697 non
814 1670 884 1697 eos
912 1655 957 1696 in
977 1655 1151 1696 deorum
1172 1654 1481 1695 immortalium

144 1729 321 1755 numero
348 1715 613 1756 venerandos
640 1730 665 1756 a
688 1714 813 1756 nobis
841 1716 883 1755 et
908 1714 1105 1755 colendos
1131 1712 1323 1768 putatis?
1371 1711 1481 1760 Quid

146 1773 258 1813 enim
289 1772 516 1813 viderunt?
571 1773 677 1827 Hoc,
710 1773 821 1828 quod
852 1786 966 1815 nunc
997 1786 1085 1825 VOS,
1118 1785 1287 1825 quaeso,
1318 1770 1480 1825 perspi-

145 1831 227 1872 cite
267 1833 395 1884 atque
433 1832 690 1886 cognoscite.
759 1830 859 1872 Non
895 1832 1198 1885 ingenerantur
1235 1828 1480 1870 hominibus

145 1903 285 1930 mores
323 1892 414 1929 tam
455 1904 480 1930 a
518 1891 650 1944 stirpe
689 1890 854 1945 generis
893 1903 941 1930 ac
979 1889 1152 1929 seminis
1186 1902 1313 1941 quam
1345 1901 1395 1928 ex
1425 1887 1478 1928 iis
1499 1898 1534 1924 3⁰

144 1947 290 2000 rebus,
327 1961 434 2001 quae
473 1948 526 1988 ab
564 1948 659 2002 ipsa
689 1950 844 1989 natura
874 1947 1000 1988 nobis
1032 1946 1086 1987 ad
1116 1946 1229 1986 vitae
1261 1948 1480 1987 consuetu·

145 2006 287 2047 dinem
308 2005 645 2059 suppeditantur,
666 2006 818 2060 quibus
840 2005 994 2046 alimur
1013 2007 1055 2045 et
1072 2004 1269 2046 vivimus.
1301 2002 1479 2046 Cartha-

145 2064 359 2120 ginienses
403 2063 666 2105 fraudulenti
709 2067 752 2105 et
795 2063 1017 2105 mendaces
1060 2076 1147 2103 non
1190 2076 1364 2117 genere,
1407 2062 1481 2103 sed

145 2125 300 2164 natura
331 2122 427 2175 loci,
461 2123 573 2176 quod
604 2126 781 2177 propter
809 2124 957 2176 portus
984 2135 1082 2162 suos
1109 2121 1256 2162 multis
1284 2123 1327 2162 et
1351 2121 1479 2162 variis

146 2183 430 2222 mercatorum
480 2182 523 2221 ct
573 2181 830 2222 advenarum
881 2179 1146 2221 sermonibus
1197 2179 1248 2220 ad
1293 2179 1479 2220 studium
1498 2189 1532 2215 3⁵

145 2240 324 2281 fallendi
352 2238 492 2280 studio
515 2241 715 2292 quaestus
736 2239 1009 2280 vocabantur.
1048 2237 1227 2292 Ligures
1249 2237 1478 2289 [montani]

147 2298 241 2340 duri
284 2300 412 2352 atque
450 2299 664 2353 agrestes3
709 2297 853 2338 docuit
890 2309 991 2351 ager
1028 2296 1119 2351 ipse
1158 2296 1268 2337 nihil
1305 2295 1479 2337 ferendo
