1619 2542
141 111 226 152 226
247 111 310 146 DE
335 110 460 146 LEGE
484 109 699 145 AGRARIA
725 107 901 144 ORATIO
928 108 973 143 II.
1024 108 1125 144 CAP.
1152 112 1195 144 37
1222 112 1241 151 ξ
1269 113 1346 152 102,
1375 112 1453 144 103.

142 223 208 249 res
253 207 477 249 familiaris
514 207 560 247 in
597 220 719 261 pace,
764 205 879 246 omni
917 205 1083 246 ratione
1123 205 1258 246 otium
1295 205 1478 246 retinere

72 279 139 309 103
155 267 329 308 debetis.
391 265 504 307 Nam
549 265 585 306 si
628 265 676 318 ii,
722 265 793 318 qui
836 266 1013 318 propter
1056 263 1260 304 desidiam
1302 263 1348 304 in
1390 264 1479 305 otio

141 326 301 378 vivunt,
332 328 477 366 tamen
508 324 553 364 in
585 338 661 364 sua
686 323 802 377 turpi
833 322 987 363 inertia
1013 322 1187 376 capiunt
1213 322 1479 376 voluptatem

143 399 193 425 ex
228 384 322 437 ipso
352 384 458 434 otio,
491 397 573 436 quo
601 396 675 422 vos
701 381 877 422 fortuna
897 381 1072 422 meliore
1099 381 1235 434 eritis,
1269 380 1305 422 si
1330 382 1375 422 in
1398 381 1480 422 hoc

144 446 270 493 statu,
307 457 431 496 quem
457 441 627 482 habetis
654 442 797 481 vestra
823 454 908 480 non
932 439 1107 495 ignavia
1127 440 1379 494 quaesitum,
1407 439 1480 480 sed
1499 449 1516 474 5

142 502 301 543 virtute
321 503 506 555 partum,
533 499 664 540 otium
687 498 933 539 tenueritis!
962 501 988 549 †
1011 498 1131 547 Quod
1150 512 1228 552 ego
1250 500 1292 539 et
1311 512 1480 539 concor-

144 561 224 613 dia,
246 575 372 613 quam
393 559 499 599 mihi
519 557 723 599 constitui
743 572 838 598 cum
859 557 1025 612 collega
1044 556 1312 598 invitissimis
1331 556 1384 597 iis
1404 556 1481 597 ho-

145 619 344 672 minibus,
365 633 470 672 quos
504 632 578 658 vos
605 617 649 657 in
675 617 898 657 consulatu
922 616 1093 656 inimico
1116 630 1207 656 esse
1228 618 1270 656 et
1290 615 1480 668 corporis

145 678 310 719 actibus
348 676 515 731 providi
548 675 744 716 omnibus
777 675 976 729 prospexi
1007 689 1108 715 sane
1139 674 1335 715 revocavi
1369 674 1480 714 idem

145 736 327 776 tribunis
342 735 481 790 plebis
503 734 763 787 denuntiavi,
782 747 832 774 we
852 733 951 787 quid
970 733 1208 774 turbulenti
1228 747 1295 773 me
1309 733 1481 774 consule
1503 743 1535 767 10

146 794 391 835 conflarent.
441 792 662 834 Summum
692 795 733 833 et
758 792 1049 833 firmissimum
1077 794 1142 832 est
1165 791 1274 832 illud
1298 805 1482 832 commu-

144 854 270 894 nibus
302 853 486 894 fortunis
519 851 790 906 praesidium,
823 850 1020 903 Quirites,
1051 853 1110 901 ut,
1143 850 1282 904 qualis
1307 864 1383 891 vos
1410 849 1482 890 ho-

147 913 291 953 dierno
337 911 404 952 die
445 910 630 951 maxima
668 909 864 951 contione
903 909 1009 950 mihi
1047 923 1124 963 pro
1163 909 1301 950 salute
1339 910 1482 949 vestra

147 970 418 1025 praebuistis,
443 969 541 1010 talis
568 968 743 1022 reliquis
770 968 1035 1022 temporibus
1061 967 1123 1008 rei
1142 967 1337 1021 publicae
1362 980 1481 1021 prae-

146 1029 297 1070 beatis.
347 1028 429 1069 Pro
468 1030 583 1069 certo
622 1026 779 1080 recipio
815 1027 1054 1080 [polliceor]
1089 1026 1169 1068 hoe
1201 1026 1322 1066 vobis
1355 1028 1482 1078 atque
1502 1035 1535 1060 15

148 1088 370 1139 confirmo,
409 1101 475 1127 me
514 1100 604 1126 esse
642 1084 947 1139 perfecturum,
984 1088 1032 1125 ut
1071 1085 1155 1126 iam
1196 1084 1370 1125 tandem
1405 1083 1483 1136 illi,

149 1147 220 1200 qui
263 1145 416 1186 honori
452 1144 696 1185 inviderunt
733 1157 846 1196 meo,
888 1146 1032 1183 tamen
1068 1157 1144 1184 vos
1182 1143 1401 1183 universos
1438 1141 1484 1182 in

150 1204 323 1246 consule
357 1202 580 1258 deligendo
613 1201 846 1256 plurimum
879 1201 1033 1242 vidisse
1066 1201 1293 1242 fateantur.
