1687 2533
479 470 540 518 M.
582 471 770 517 TULLI
809 469 1136 518 CICERONIS

403 580 538 634 PRO
584 581 640 635 P.
688 579 911 636 SULLA
954 578 1206 634 ORATIO

616 694 702 740 AD
740 678 1001 741 IUDIGES.

613 883 1003 922 ARGUMENTUM.

231 960 270 995 P.
292 958 480 995 Cornelius
507 960 621 1003 Sulla,
648 960 712 1005 qui
738 960 920 995 dictatore
940 960 978 995 L.
1002 960 1170 995 Cornelio
1191 959 1305 1003 Sulla,
1331 958 1479 1005 propin-

137 1018 208 1051 quo
235 1018 312 1046 suo,
338 1018 414 1042 rem
439 1007 663 1042 familiarem
690 1007 890 1042 admodum
916 1008 1086 1051 auxerat,
1115 1018 1189 1051 qua
1213 1007 1258 1042 de
1284 1017 1323 1041 re
1348 1019 1381 1042 v.
1405 1007 1478 1042 Cic.

137 1055 183 1089 de
215 1054 273 1089 off.
300 1053 335 1088 H
360 1058 391 1090 8.
419 1059 481 1098 29,
516 1065 612 1089 anno
643 1067 677 1090 u.
705 1066 733 1090 0.
762 1058 829 1090 688
862 1066 935 1089 una
967 1066 1049 1090 cum
1080 1054 1119 1089 P.
1151 1053 1333 1089 Autronio
1364 1053 1480 1089 Paeto

138 1101 266 1136 consul
292 1102 372 1136 erat
399 1101 625 1147 designatus.
678 1101 751 1137 Sed
777 1113 859 1136 cum
885 1113 907 1136 a
933 1102 973 1136 L.
993 1101 1182 1146 Torquato
1207 1102 1284 1136 filio
1311 1101 1480 1136 consules

138 1148 326 1193 designati
350 1149 459 1184 ambo
486 1148 652 1184 accusati
678 1150 716 1184 et
741 1149 980 1184 condemnati
1006 1150 1145 1192 essent,
1179 1147 1219 1182 in
1245 1159 1371 1183 eorum
1396 1147 1478 1183 loco

136 1197 177 1231 L.
205 1197 415 1240 Torquatus
446 1197 554 1241 pater
585 1198 624 1231 et
648 1196 687 1231 L.
716 1195 827 1231 Cotta
851 1207 949 1231 anno
977 1200 1044 1231 689
1070 1195 1241 1230 consules
1265 1195 1358 1230 facti
1383 1196 1478 1230 sunt.

136 1243 190 1278 Eo
221 1247 388 1288 tempore
413 1243 452 1278 P.
481 1243 585 1278 Sulla
611 1244 650 1278 et
672 1243 709 1278 P.
737 1244 938 1278 Autronius
965 1254 1047 1277 cum
1073 1242 1112 1278 L.
1140 1242 1303 1277 Catilina
1328 1242 1479 1286 eiusque

137 1290 248 1324 sociis
274 1289 506 1334 conspirasse
533 1290 764 1333 dicebantur,
791 1291 833 1324 ut
858 1289 1066 1324 interfectis
1091 1289 1271 1324 Kalendis
1296 1289 1479 1324 Ianuariis

136 1337 176 1371 L.
197 1338 387 1381 Torquato
421 1338 460 1372 et
488 1336 527 1372 L.
555 1337 667 1372 Cotta
698 1336 912 1372 consulibus
944 1347 1067 1371 rerum
1098 1336 1309 1380 potirentur
1335 1335 1478 1380 sibique

136 1384 209 1428 ipsi
241 1384 492 1428 consulerent;
524 1384 610 1419 vide
637 1383 737 1418 Cass.
764 1383 871 1418 Dion.
897 1382 1053 1418 XXXVI
1079 1387 1143 1427 44,
1174 1382 1256 1417 Livi
1282 1383 1370 1427 epit.
1400 1386 1478 1421 101,

139 1430 287 1465 Sueton.
312 1431 414 1466 Caes.
437 1436 456 1465 9
478 1431 522 1466 cl.
544 1432 614 1465 hac
638 1431 721 1475 ipsa
747 1430 914 1465 oratione
941 1434 997 1465 24.
1025 1434 1068 1465 67
1095 1440 1148 1473 sq.
1186 1429 1310 1463 Etiam
1334 1430 1477 1473 postea,

137 1488 222 1511 cum
248 1478 284 1512 P.
313 1477 415 1512 Sulla
439 1477 638 1522 Neapolim
669 1488 707 1511 se
732 1476 951 1521 recepisset,
984 1478 1113 1510 tamen
1138 1477 1176 1510 et
1200 1475 1341 1510 Romae
1368 1486 1478 1519 saepe

137 1525 238 1559 visus
269 1534 349 1559 esse
382 1525 420 1559 et
451 1524 744 1559 coniurationem
771 1523 953 1558 Catilinae
986 1534 1082 1558 anno
1114 1527 1179 1558 691
1213 1522 1353 1557 factam
1377 1522 1479 1557 haud

139 1571 293 1606 obscure
332 1571 518 1606 adiuvisse
556 1571 749 1605 dicebatur
781 1572 827 1613 (v.
861 1570 949 1605 Sall.
992 1569 1099 1605 Catil.
1128 1574 1188 1614 17,
1219 1569 1314 1604 Flor.
1347 1569 1399 1604 IV
1433 1571 1476 1614 1).

139 1619 257 1660 Quam
293 1618 340 1653 ob
373 1629 469 1661 rem,
507 1629 590 1652 cum
621 1618 659 1653 L.
687 1616 852 1652 Catilina
883 1628 966 1651 cum
996 1617 1158 1651 maxima
1188 1619 1296 1662 parte
1329 1627 1479 1651 suorum

137 1676 265 1710 pugna
291 1665 495 1705 cecidisset,
522 1664 635 1700 ceteri
662 1666 785 1699 autem
813 1664 995 1698 coniurati
1021 1663 1193 1708 dissipati
1219 1665 1353 1707 essent,
1377 1663 1478 1698 idem

138 1713 179 1748 L.
206 1712 413 1756 Torquatus
445 1711 562 1755 filius,
595 1711 658 1755 qui
682 1711 720 1745 P.
749 1711 890 1746 Sullam
914 1712 990 1745 iam
1015 1712 1127 1746 antea
1152 1711 1198 1746 de
1223 1711 1365 1746 ambitu
1391 1721 1478 1746 con-

139 1759 387 1803 demnaverat,
414 1759 602 1794 accusavit
627 1758 741 1793 etiam
767 1758 812 1792 de
841 1757 878 1792 vi
897 1757 980 1802 lege
1000 1758 1150 1793 Plautia
1168 1759 1209 1793 D.
1224 1757 1329 1793 Iunio
1351 1757 1477 1792 Silano

139 1807 179 1843 L.
206 1806 359 1841 Murena
384 1806 595 1841 consulibus
622 1817 718 1840 anno
746 1809 811 1839 692
840 1806 890 1849 (v.
913 1804 1026 1840 schol.
1047 1805 1137 1840 Bob.
1164 1805 1213 1840 ad
1236 1804 1333 1839 hanc
1357 1804 1478 1848 ipsam

139 1853 346 1888 orationem
372 1864 451 1898 cap.
468 1858 511 1888 33
539 1866 573 1897 p.
590 1856 667 1888 368.
695 1856 738 1887 32
764 1851 860 1886 Bait.
883 1852 928 1887 01.
950 1851 1270 1887 Pseudosallustio
1296 1852 1335 1886 in
1361 1851 1476 1887 Cicer.

140 1902 188 1944 2).
237 1900 492 1935 Defenderunt
521 1900 560 1935 P.
589 1899 730 1934 Sullam
756 1897 796 1940 Q.
822 1898 1041 1933 Hortensius
1074 1901 1113 1933 et
1136 1899 1184 1934 M.
1211 1898 1357 1943 Cicero,
1388 1910 1477 1942 quo-

139 1958 221 1981 rum
244 1947 465 1982 Hortensius
491 1957 535 1982 ea
561 1946 716 1981 crimina
740 1945 946 1980 refellenda
971 1947 1194 1991 susceperat,
1222 1946 1355 1989 quibus
1381 1946 1478 1980 dice-

139 1993 250 2027 batur
274 1994 313 2029 P.
335 1993 438 2029 811113
468 1995 507 2029 in
530 1993 668 2039 prima,
700 2003 793 2037 quae
821 1992 974 2036 dicitur,
1006 1994 1261 2028 coniuratione
1294 1992 1476 2027 Catilinae

142 2051 173 2075 a.
202 2044 268 2075 689
294 2040 394 2075 facta
420 2041 539 2076 socius
565 2040 696 2083 fuisse,
729 2039 789 2073 hic
816 2038 987 2083 crimina,
1014 2051 1108 2084 quae
1135 2040 1180 2075 de
1206 2040 1325 2074 altera
1351 2038 1477 2073 coniu-

141 2087 284 2121 ratione
321 2087 502 2123 Catilinae
540 2087 640 2122 facta
677 2087 783 2122 erant
819 2086 857 2120 P.
892 2086 1033 2130 Sullae,
1073 2086 1272 2121 defendere
1305 2084 1475 2120 debebat.

142 2134 184 2167 In
215 2145 257 2168 eo
288 2134 403 2178 igitur
433 2133 669 2179 potissimum
694 2133 742 2168 M.
770 2133 895 2167 Cicero
927 2133 967 2167 in
992 2145 1053 2177 ea,
1086 2145 1181 2178 quae
1206 2133 1304 2168 infra
1327 2131 1475 2176 legitur,
1547 2142 1551 2143 ⁷

142 2181 309 2216 oratione
346 2192 496 2225 operam
532 2192 635 2216 suam
670 2179 806 2225 posuit.
863 2179 901 2215 P.
935 2182 1058 2215 autem
1092 2181 1232 2216 Sullam
1270 2180 1417 2214 constat
1455 2189 1476 2213 a

141 2227 325 2263 iudicibus
347 2228 561 2263 absolutum
587 2239 677 2263 esse.

1196 2345 1267 2380 222³<
