1619 2542
95 582 139 613 28

96 1169 138 1199 29

162 122 250 163 244
532 121 625 157 PRO
654 122 691 156 C.
718 119 914 156 RABIRIO
942 119 1130 156 ORATIO.

164 218 399 272 tissimum,
436 217 590 260 nefarii
623 217 794 259 sceleris
828 231 876 258 ac
908 216 1125 270 parricidii
1157 219 1374 259 mortuum
1405 232 1501 260 con-

164 277 487 319 demnabimus?
515 277 795 332 adiungemus
827 275 879 317 ad
904 275 1014 317 113110
1041 276 1181 316 labem
1202 275 1500 330 ignominiam-

164 351 244 390 que
276 337 427 377 mortis
460 336 589 376 etiam
621 334 665 377 C.
692 334 802 376 Mari
833 334 1018 375 nomen?
1075 332 1119 375 C.
1148 334 1343 388 Marium,
1376 347 1499 389 quem

163 410 261 436 vere
293 398 460 450 patrem
492 394 670 449 patriae,
699 395 933 448 parentem,
964 393 1151 447 inquam,
1182 396 1350 435 vestrae
1376 393 1500 435 liber·

163 454 268 495 tatis
301 456 428 507 atque
459 453 633 494 huiusce
666 452 727 493 rei
758 452 953 506 publicae
985 465 1211 506 possumus
1238 451 1386 506 dicere,
1417 467 1500 494 sce·
1519 463 1535 489 5

166 513 267 553 leris
307 527 355 553 ac
393 511 612 566 parricidii
650 510 805 552 nefarii
842 512 1058 551 mortuum
1097 510 1501 553 condemnabimus?

165 571 356 624 Etenim,
395 571 431 611 si
465 569 510 612 C,
538 570 734 623 Rabirio,
771 569 884 623 quod
915 569 966 609 iit
998 569 1049 610 ad
1082 584 1220 623 arma,
1258 584 1423 611 crucem
1456 569 1502 612 Τ.

164 630 376 671 Labienus
414 630 459 670 in
491 643 643 683 campo
675 628 833 670 Martio
867 627 1131 682 defigendam
1163 628 1351 683 putavit,
1391 628 1503 682 quod

164 689 337 730 tandem
371 687 685 743 excogitabitur
711 687 756 728 in
782 701 877 728 eum
904 686 1172 740 supplicium,
1206 686 1278 741 qui
1303 687 1501 728 vocavit?

165 747 247 801 Ac,
288 747 323 787 si
362 747 465 788 fides
499 746 729 788 Saturnino
763 746 863 786 data
895 748 978 797 est,
1018 745 1130 798 quod
1163 746 1238 786 abs
1271 748 1313 786 te
1346 746 1501 801 saepis·
1522 757 1555 782 10

166 807 271 847 sime
298 805 462 859 dicitur,
493 820 580 846 non
605 819 698 846 eam
725 803 768 846 C.
787 804 999 856 Rabirius,
1027 804 1098 844 sed
1126 802 1170 845 C.
1189 803 1350 846 Marius
1377 804 1502 858 dedit,

165 865 361 918 idemque
399 864 597 916 violavit,
636 864 672 904 si
710 863 754 904 in
791 863 872 903 fide
909 877 996 903 non
1037 862 1168 903 stetit.
1231 863 1348 911 Quae
1385 863 1502 916 fides,

165 923 364 977 Labiene,
385 924 457 978 qui
476 923 619 978 potuit
639 922 730 963 sine
751 924 925 963 senatus
945 922 1140 962 consulto
1162 921 1282 962 dari?
1328 921 1502 963 Adeone

165 982 320 1036 hospes
361 996 400 1023 es
438 982 612 1022 huiusce
653 980 790 1035 urbis,
830 980 988 1021 adeone
1034 980 1213 1035 ignarus
1253 980 1501 1035 disciplinae

166 1040 567 1094 consuetudinisque
599 1042 783 1091 nostrae,
816 1041 863 1080 ut
893 1039 998 1080 haec
1028 1039 1205 1092 nescias,
1236 1041 1285 1079 ut
1315 1039 1501 1094 peregri·
1523 1049 1555 1075 15

165 1099 259 1140 nari
290 1099 335 1140 in
361 1099 501 1140 aliena
527 1098 713 1152 civitate,
743 1112 831 1139 non
854 1097 899 1138 in
924 1100 999 1138 tua
1025 1097 1328 1152 magistratum
1355 1112 1502 1153 gerere

166 1158 364 1199 videare?
432 1157 558 1206 ‘Quid
600 1157 686 1198 iam
729 1156 813 1197 ista
853 1155 898 1197 C.
929 1155 1095 1208 Mario',
1137 1156 1293 1210 inquit,
1338 1155 1503 1198 ‘nocere

165 1219 363 1271 possunt,
402 1216 603 1269 quoniam
642 1229 768 1256 sensu
801 1217 843 1255 et
875 1214 963 1255 vita
996 1214 1156 1255 caret?'
1218 1213 1338 1256 Itane
1371 1215 1502 1256 vero?

165 1275 300 1316 tantis
332 1275 377 1315 in
408 1275 626 1316 laboribus
661 1273 704 1316 C.
726 1273 887 1315 Marius
921 1273 1205 1328 periculisque
1236 1273 1434 1327 vixisset,
1467 1274 1503 1315 si

165 1333 274 1374 nihil
318 1334 508 1388 longius,
553 1347 681 1387 quam
724 1332 838 1373 vitae
876 1331 1049 1372 termini
1087 1331 1384 1385 postulabant,
1428 1346 1501 1386 spe
1522 1343 1555 1368 20

167 1395 295 1446 atque
339 1392 480 1433 animo
525 1391 575 1432 de
620 1406 663 1432 se
708 1393 750 1431 et
794 1390 932 1446 gloria
975 1405 1052 1432 sua
1095 1390 1361 1445 cogitasset?
1431 1390 1503 1444 At,

166 1451 310 1504 credo,
358 1465 453 1492 cum
497 1450 820 1491 innumerabilis
864 1449 1054 1490 hostium
1099 1450 1242 1504 copias
1287 1449 1331 1490 in
1375 1448 1503 1491 Italia

165 1509 348 1550 fudisset
402 1512 530 1563 atque
586 1508 805 1550 obsidione
862 1523 951 1548 rem
1000 1507 1216 1563 publicam
1265 1507 1502 1561 liberasset,

167 1568 311 1609 omnia
355 1583 432 1609 sua
477 1582 617 1609 secum
656 1582 740 1608 una
777 1568 987 1608 moritura
1030 1567 1337 1608 arbitrabatur.
1403 1565 1503 1608 Non

167 1629 233 1667 est
263 1626 339 1680 ita,
372 1626 577 1679 Quirites3
608 1641 745 1680 neque
777 1626 1003 1679 quisquam
1034 1627 1231 1666 nostrum
1261 1625 1306 1666 in
1337 1625 1398 1666 rei
1429 1640 1502 1680 pu·
1522 1635 1555 1661 25

166 1685 303 1725 blicae
340 1685 542 1739 periculis
581 1699 676 1726 011111
713 1685 836 1726 laude
874 1699 922 1725 ac
961 1684 1119 1725 virtute
1151 1686 1364 1738 versatur,
1402 1683 1504 1738 quin

169 1757 243 1795 spe
274 1744 542 1796 posteritatis
574 1743 798 1797 fructuque
826 1743 1014 1784 ducatur.
1057 1742 1207 1796 Itaque
1234 1757 1328 1784 cum
1355 1741 1502 1782 multis

169 1801 264 1842 aliis
297 1801 346 1842 de
379 1802 517 1842 causis
549 1802 739 1843 virorum
770 1802 980 1843 bonorum
1012 1803 1177 1842 mentes
1203 1800 1370 1842 divinae
1396 1800 1503 1841 mihi

169 1861 295 1913 atque
322 1862 518 1901 aeternae
543 1860 741 1901 videntur
769 1874 871 1914 esse,
897 1862 989 1900 tum
1009 1859 1191 1900 maxime
1218 1858 1329 1913 quod
1350 1858 1503 1913 optimi

169 1920 212 1958 et
261 1918 568 1971 sapientissimi
616 1919 817 1973 cuiusque
868 1918 1032 1960 animus
1076 1917 1138 1958 ita
1180 1917 1415 1970 praesentit
1458 1917 1502 1958 in
1521 1928 1555 1953 30

168 1978 402 2030 posterum,
426 1979 475 2017 ut
499 1976 607 2017 nihil
633 1977 717 2018 nisi
744 1977 1049 2031 sempiternum
1076 1978 1270 2029 spectare
1297 1975 1502 2017 videatur.

170 2035 440 2089 Quapropter
473 2035 667 2088 equidem
694 2039 736 2076 et
761 2035 806 2077 O.
828 2035 938 2076 Mari
970 2036 1012 2076 et
1043 2036 1278 2075 ceterorum
1312 2034 1502 2076 virorum

171 2093 584 2147 sapientissimorum
642 2108 690 2134 30
738 2093 1072 2135 fortissimorum
1121 2092 1277 2133 civium
1326 2095 1502 2146 mentes,

171 2166 277 2205 quae
309 2151 415 2192 mihi
440 2151 638 2192 videntur
670 2166 719 2192 ex
752 2152 973 2194 hominum
1004 2151 1094 2192 vita
1120 2150 1172 2191 ad
1205 2151 1380 2192 deorum
1406 2151 1501 2192 reli-

170 2210 340 2264 gionem
377 2212 420 2250 et
458 2209 783 2252 sanctimoniam
823 2210 1102 2265 demigrasse,
1143 2211 1281 2251 testor
1318 2223 1385 2250 me
1422 2223 1499 2263 pro
1519 2219 1553 2245 35

169 2268 342 2310 illorum
368 2268 495 2322 fama,
522 2268 672 2322 gloria,
698 2269 903 2310 memoria
927 2282 1014 2309 non
1041 2281 1158 2308 secus
1186 2282 1233 2309 ac
1252 2282 1330 2323 pro
1350 2267 1499 2323 patriis

169 2327 281 2367 fanis
326 2329 454 2381 atque
499 2326 686 2368 delubris
729 2326 1086 2383 propugnandum
1129 2329 1299 2381 putare,
1349 2340 1414 2380 ac,
1465 2325 1500 2367 si
