1619 2542
563 54 664 90 CAP,
694 59 828 90 19-21
858 58 876 97 ξ
903 58 1054 90 57—62.
1413 53 1469 94 95

127 152 278 206 sentio,
311 151 435 206 quod,
468 166 550 206 quo
583 151 724 193 minus
757 153 873 194 certa
904 153 970 192 est
1000 151 1225 193 hominum
1253 164 1300 191 ac
1327 148 1468 190 minus

127 211 328 252 diuturna
359 210 466 263 vita,
503 210 583 253 hoc
620 210 758 264 magis
795 225 863 252 res
895 209 1087 264 publica,
1126 210 1226 251 dum
1259 221 1335 261 per
1367 207 1467 248 deos

126 269 395 310 immortales
438 269 556 322 licet,
599 268 684 310 frui
725 269 850 310 debet
894 268 1051 310 summi
1090 269 1171 310 viri
1210 267 1301 309 vita
1339 268 1467 321 atque

126 329 294 370 virtute.
356 329 416 368 At
453 327 564 368 enim
602 342 655 368 ne
694 328 795 382 quid
831 327 933 369 novi
969 327 1046 368 fiat
1084 330 1234 369 contra
1272 325 1468 380 exempla
1495 335 1538 367 60

90 397 106 424 5
128 390 254 442 atque
293 386 493 428 instituta
530 386 753 428 maiorum.
815 386 915 427 Non
953 386 1090 428 dicam
1127 385 1208 428 hoc
1245 385 1340 426 loco
1382 398 1467 424 ma-

126 446 237 487 iores
275 448 445 486 nostros
485 459 652 500 semper
694 445 739 485 in
776 459 879 500 pace
917 444 1231 498 consuetudini,
1270 443 1316 484 in
1353 442 1467 483 bello

127 504 309 545 utilitati
346 503 557 558 paruisse,
597 518 764 557 semper
802 503 855 544 ad
893 518 1027 545 novos
1067 518 1190 545 casus
1222 505 1467 557 temporum

126 577 336 604 novorum
392 562 667 604 consiliorum
723 562 912 604 rationes
964 562 1326 615 accommodasse,
1381 574 1468 601 non

127 621 265 663 dicam
297 621 379 663 duo
409 621 524 662 bella
549 621 748 674 maxima,
780 621 986 662 Punicum
1014 624 1142 675 atque
1168 619 1467 674 Hispaniense,

75 691 108 717 1⁰
128 681 181 722 ab
214 694 298 722 uno
326 680 586 733 imperatore
613 694 703 721 esse
729 679 923 721 confecta
950 679 1139 734 duasque
1164 680 1292 721 urbes
1318 680 1467 733 poten-

126 739 334 792 tissimas,
384 753 492 793 quae
540 738 639 780 huic
689 738 869 793 imperio
914 739 1098 780 maxime
1142 737 1467 789 minitabantur,

126 797 439 853 Karthaginem
484 799 610 852 atque
647 796 946 851 Numantiam,
991 797 1044 839 ab
1084 797 1232 838 eodem
1270 795 1466 851 Scipione

127 871 218 898 esse
257 856 438 910 deletas,
473 871 559 897 non
598 856 941 898 commemorabo
978 870 1114 910 nuper
1144 856 1207 897 ita
1238 854 1361 897 vobis
1392 868 1466 909 pa-

125 915 348 970 tribusque
379 915 534 956 vestris
568 929 659 956 esse
684 915 835 969 visum,
866 917 914 956 ut
945 915 990 956 in
1022 929 1106 956 uno
1133 913 1177 956 C.
1203 913 1341 955 Mario
1369 926 1466 968 spes

74 985 106 1011 15
126 974 295 1029 imperii
332 977 579 1028 poneretur,
617 977 665 1015 ut
694 974 804 1015 idem
837 988 932 1015 cum
964 972 1194 1029 Iugurtha,
1226 973 1339 1014 idem
1371 985 1466 1014 cum

128 1032 325 1086 Cimbris,
356 1033 468 1074 idem
500 1047 596 1074 cum
621 1032 825 1074 Teutonis
858 1032 1019 1074 bellum
1046 1032 1386 1085 administraret3
1418 1030 1462 1070 in
1489 1039 1532 1070 61

127 1093 220 1146 ipso
260 1090 334 1133 Cn.
368 1090 590 1146 Pompeio,
633 1091 679 1132 in
723 1106 806 1146 quo
844 1091 945 1133 novi
982 1091 1188 1133 constitui
1225 1090 1334 1132 nihil
1371 1089 1467 1130 vult

70 1189 82 1197 ,
128 1149 174 1199 Q.
208 1149 405 1203 Catulus,
446 1164 573 1205 quam
612 1150 750 1201 multa
782 1150 867 1191 sint
899 1164 1011 1192 nova
1042 1164 1210 1192 summa
1242 1148 1290 1197 Q.
1322 1146 1467 1190 Catuli

126 1209 350 1251 voluntate
381 1208 633 1263 constituta,
664 1208 959 1250 recordamini.
1147 1228 1151 1232 ·

74 1279 108 1303 20
217 1267 327 1316 Quid
363 1270 453 1309 tam
484 1282 642 1309 novum
676 1282 803 1322 quam
836 1268 1203 1309 adulescentulum
1236 1267 1452 1320 privatum
1464 1249 1536 1341 (6211)

128 1327 358 1368 exercitum
403 1325 566 1368 difficili
613 1326 675 1368 rei
723 1327 920 1381 publicae
969 1329 1163 1381 tempore
1213 1319 1475 1366 conficere?x

129 1384 335 1427 Confecit.
407 1384 519 1427 Huic
568 1385 794 1440 praeesse?
867 1384 1071 1426 Praefuit.
1145 1384 1253 1425 Rem
1303 1383 1465 1437 optime

129 1443 258 1485 ductu
290 1457 365 1485 suo
399 1443 574 1498 gerere?
625 1443 781 1484 Gessit.
831 1442 941 1491 Quid
971 1445 1063 1484 tam
1094 1444 1263 1497 praeter
1294 1455 1466 1482 consue-

128 1502 321 1543 tudinem
359 1516 485 1556 quam
522 1501 687 1543 homini
723 1501 1083 1556 peradulescenti,
1126 1500 1244 1542 cuius
1283 1502 1403 1541 aetas
1441 1513 1466 1539 a

75 1571 108 1597 25
130 1560 344 1602 senatorio
383 1560 518 1615 gradu
549 1560 678 1616 longe
710 1561 897 1614 abesset,
934 1559 1160 1612 imperium
1193 1561 1320 1613 atque
1353 1571 1466 1599 exer-

129 1620 261 1661 citum
299 1619 408 1672 dari,
446 1617 637 1660 Siciliam
674 1618 867 1672 permitti
904 1621 1032 1672 atque
1064 1617 1256 1659 Africam
1288 1616 1466 1658 bellum-

130 1693 210 1734 que
253 1678 296 1719 in
341 1692 391 1719 ea
433 1677 654 1730 provincia
692 1676 1110 1718 administrandum?
1178 1675 1280 1717 Fuit
1316 1675 1362 1716 in
1397 1675 1465 1715 his

129 1736 358 1792 provinciis
392 1735 602 1790 singulari
633 1736 888 1789 innocentia,
919 1735 1145 1789 gravitate,
1176 1734 1346 1788 virtute,
1378 1734 1466 1775 bel-

129 1797 219 1837 lum
249 1796 294 1836 in
326 1794 475 1836 Africa
507 1795 736 1835 maximum
769 1794 962 1847 confecit,
993 1794 1200 1836 victorem
1233 1793 1463 1835 exercitum

77 1865 111 1891 30
131 1854 384 1908 deportavit.
447 1853 557 1903 Quid
588 1867 688 1894 vero
723 1855 813 1893 tam
845 1852 1086 1894 inauditum
1118 1867 1246 1907 quam
1278 1851 1465 1906 equitem

130 1913 371 1954 Romanum
403 1911 697 1965 triumphare?
744 1911 802 1951 At
834 1925 928 1952 eam
960 1925 1127 1965 quoque
1158 1926 1249 1952 rem
1280 1910 1463 1965 populus

130 1971 350 2013 Romanus
386 1985 473 2012 non
510 1971 636 2012 modo
669 1969 794 2021 vidit,
834 1969 906 2010 sed
939 1970 1127 2011 omnium
1159 1970 1289 2010 etiam
1322 1968 1463 2010 studio

130 2030 350 2071 visendam
382 2031 425 2070 et
456 2029 835 2071 concelebrandam
860 2028 1041 2082 putavit.
1085 2027 1193 2077 Quid
1220 2030 1310 2068 tam
1336 2027 1463 2067 inusi-
1491 2038 1535 2069 62

131 2091 290 2142 tatum,
330 2102 457 2141 quam
494 2091 556 2141 ut,
594 2102 687 2129 cum
728 2087 809 2128 duo
843 2087 1036 2128 consules
1063 2086 1293 2128 clarissimi
1319 2084 1464 2126 fortis-

78 2156 112 2182 35
133 2147 312 2199 simique
345 2150 503 2199 essent,
541 2160 669 2200 eques
702 2145 919 2186 Romanus
952 2145 1006 2187 ad
1037 2145 1199 2186 bellum
1231 2143 1465 2185 maximum

130 2204 663 2260 formidolosissimumque
694 2218 771 2258 pro
803 2204 975 2245 consule
1002 2203 1272 2245 mitteretur?
1306 2200 1465 2243 Missus

131 2266 208 2305 est.
275 2261 366 2311 Quo
414 2263 584 2318 quidem
621 2265 814 2318 tempore
854 2277 949 2304 cum
987 2265 1099 2304 esset
1135 2276 1221 2303 non
1257 2274 1383 2302 nemo
1421 2261 1466 2301 in
1524 2295 1527 2296 γ
