1619 2542
541 61 641 98 CAP.
669 65 759 98 6-8
785 66 804 105 s
833 64 979 96 13—18.
1378 60 1433 102 23

93 158 262 201 Satisne
295 159 417 201 vobis
450 158 623 214 multos,
656 158 761 201 satis
793 158 969 200 idoneos
1000 160 1134 199 testes
1168 161 1211 199 et
1242 158 1434 199 conscios

94 218 261 260 videtur
291 218 385 272 ipsa
413 218 588 260 fortuna
620 233 711 260 esse
742 217 929 259 voluisse
962 232 1107 258 earum
1139 231 1294 270 rerum,
1327 231 1435 271 quae

92 276 147 318 M.
179 277 357 319 Fonteio
396 280 594 331 praetore
634 279 883 332 gererentur
919 276 965 317 in
997 275 1168 317 Gallia?
1219 274 1353 324 Quem
1385 290 1436 317 ex

92 338 215 378 tanto
253 336 474 377 hominum
512 350 689 377 numero
728 338 884 377 testem
920 334 965 376 in
1003 335 1083 376 hac
1116 349 1243 376 causa
1280 334 1434 390 produ-

56 407 72 432 5
94 409 186 437 cere
217 395 429 449 potestis?
463 395 556 449 quis
591 397 656 436 est
689 409 739 436 ex
771 408 819 435 eo
851 408 1046 447 numero,
1079 393 1152 448 qui
1182 393 1305 435 vobis
1340 407 1434 435 auc-

91 456 161 495 tor
199 454 394 507 placeat?
434 467 482 495 eo
520 468 598 495 nos
635 453 721 494 iam
759 452 982 494 laudatore
1022 455 1065 493 et
1102 454 1212 493 teste
1253 455 1434 493 utemur.

93 513 148 563 [7]
182 511 450 554 Dubitabitis
478 512 607 553 etiam
639 511 809 565 diutius,
842 511 1014 564 iudices,
1047 510 1150 566 quin
1173 510 1295 565 illud,
1322 511 1434 566 quod
1464 522 1479 550 1

89 570 213 612 initio
251 571 375 612 vobis
416 570 639 626 proposui,
678 570 949 612 verissimum
982 569 1056 624 sit,
1094 569 1211 611 aliud
1248 584 1323 624 per
1354 569 1433 611 hoc

89 629 290 671 iudicium
322 629 431 671 nihil
464 629 552 685 agi,
584 629 668 670 nisi
699 632 747 670 ut
778 628 834 670 M.
866 628 1045 670 Fonteio
1079 643 1284 683 oppresso
1317 629 1434 670 testi·

38 701 72 727 10
91 688 245 729 moniis
279 703 444 743 eorum,
483 689 635 743 quibus
669 688 806 729 multa
838 688 900 729 rei
937 687 1134 742 publicae
1166 702 1296 729 causa
1326 687 1433 728 invi·

89 747 270 788 'cissimis
296 747 509 802 imperata
535 750 645 801 sunt,
678 747 897 802 segniores
933 746 1114 801 posthac
1147 746 1200 787 ad
1225 745 1434 800 imperan-

90 806 189 847 dum
221 806 353 848 ceteri
384 806 488 860 sint,
526 821 620 847 cum
653 805 833 847 videatis
868 820 939 847 eos
979 819 1247 860 oppugnare,
1279 805 1432 859 quibus

87 866 126 906 si
156 866 369 919 cesseritis,
407 865 558 921 populi
595 864 780 906 Romani
816 864 1044 920 imperium
1088 864 1302 905 incolume
1341 877 1433 905 esse

88 938 175 965 non
206 924 373 977 possit?

36 995 68 1022 15
183 983 245 1035 [4]
293 982 518 1024 Obiectum
558 985 624 1024 est
671 983 801 1024 etiam
840 984 1067 1036 quaestum
1110 981 1167 1023 M.
1204 980 1432 1023 Fonteium

88 1055 138 1082 ex
168 1041 335 1083 viarum
367 1042 605 1083 munitione
641 1041 811 1094 fecisse,
847 1043 897 1082 ut
934 1043 1009 1082 aut
1039 1055 1092 1082 ne
1131 1043 1305 1095 cogeret
1342 1054 1430 1081 mu-

86 1099 178 1141 nire
212 1103 285 1141 aut
316 1101 379 1154 id,
412 1101 525 1155 quod
557 1100 771 1142 munitum
803 1102 933 1154 esset,
964 1114 1017 1140 ne
1049 1099 1327 1152 improbaret.
1389 1097 1433 1139 Si

88 1162 130 1199 et
160 1159 296 1201 coacti
334 1162 433 1201 sunt
464 1159 630 1200 munire
663 1173 809 1200 omnes
844 1161 886 1200 et
921 1158 1155 1199 multorum
1189 1172 1320 1213 opera
1357 1157 1433 1198 im-

86 1218 269 1271 probata
301 1221 412 1273 sunt,
443 1222 557 1260 certe
588 1220 817 1272 utrumque
851 1217 1009 1259 falsum
1042 1219 1194 1270 esa-et
1226 1217 1280 1258 ob
1312 1230 1433 1258 vaca-

33 1289 67 1315 20
86 1276 247 1317 tionem
268 1278 453 1331 pretium
474 1277 634 1330 datum,
662 1291 758 1318 cum
778 1276 980 1317 immunis
1000 1290 1125 1316 nemo
1148 1274 1288 1328 fuerit,
1315 1278 1358 1316 et
1378 1275 1431 1316 ob

86 1335 408 1389 probationem,
446 1351 543 1378 oum
574 1336 712 1377 multa
743 1335 992 1390 improbata
1030 1336 1129 1375 sint.
1192 1334 1251 1386 [8]
1293 1333 1431 1382 Quid?

88 1393 124 1434 si
153 1393 236 1435 hoc
273 1395 433 1436 crimen
465 1395 640 1449 optimis
676 1394 922 1436 nominibus
962 1393 1160 1448 delegare
1192 1407 1432 1446 possumus,

88 1454 130 1492 et
160 1452 239 1506 ita,
275 1467 362 1494 non
393 1456 441 1494 ut
473 1454 644 1507 culpam
675 1453 720 1494 in
753 1453 860 1493 alios
900 1450 1231 1503 transferamus,
1264 1451 1337 1491 secl
1368 1451 1432 1491 uti

88 1510 312 1552 doceamus
346 1526 416 1552 eos
449 1512 523 1552 isti
555 1511 784 1552 munitioni
815 1510 1069 1564 praefuisse,
1109 1509 1181 1563 qui
1212 1509 1338 1550 facile
1371 1508 1431 1550 of-

34 1581 67 1607 25
87 1569 229 1611 ficium
257 1584 380 1611 suum
408 1572 449 1610 et
478 1573 699 1624 praestare
733 1572 774 1610 et
800 1569 982 1622 probare
1009 1570 1202 1622 possunt,
1231 1571 1431 1609 tamenne

86 1642 163 1670 vos
200 1629 343 1669 omnia
380 1630 424 1669 in
460 1627 516 1669 M.
549 1628 774 1669 Fonteium
812 1627 935 1668 iratis
972 1627 1156 1668 testibus
1194 1626 1296 1668 freti
1335 1641 1431 1668 con·

86 1687 260 1729 feretis?
311 1686 417 1728 Cum
444 1686 678 1728 maioribus
708 1686 770 1727 rei
801 1685 997 1741 publicae
1028 1685 1215 1741 negotiis
1241 1685 1296 1727 M.
1322 1684 1430 1727 Fon-

86 1746 197 1787 teius
223 1746 513 1800 impedir,etur
546 1748 588 1786 et
619 1760 714 1786 cum
741 1744 794 1786 ad
825 1759 914 1786 rem
946 1745 1164 1810 publicam
1195 1743 1432 1810 pertineret

86 1805 201 1846 viam
238 1804 477 1846 Domitiam
515 1804 688 1857 muniri,
727 1803 882 1858 legatis
922 1803 1027 1857 suis,
1064 1802 1282 1857 primariis
1315 1803 1431 1856 vilis,

35 1873 69 1900 80
89 1861 132 1905 O.
158 1863 300 1904 Annio
330 1862 526 1904 Bellieno
559 1866 602 1904 et
634 1862 677 1904 C.
703 1862 903 1916 Fonteio,
931 1862 1155 1917 negotium
1188 1861 1321 1916 dedit3
1353 1863 1431 1902 ita·

88 1936 168 1975 que
193 1921 489 1976 praefuerunt,
514 1921 835 1975 imperaverunt-
859 1935 937 1975 pro
965 1921 1175 1976 dignitate
1202 1934 1291 1973 sua,
1319 1920 1431 1975 quod

86 1980 225 2022 visum
264 1984 345 2034 est,
384 1983 427 2022 et
464 1980 772 2034 probaverunt,
823 1979 936 2033 quod
972 1993 1066 2032 vos,
1111 1979 1148 2020 si
1185 1979 1306 2020 nulla
1345 1978 1430 2020 alia

88 2053 138 2080 ex
168 2053 231 2092 re,
269 2053 320 2080 ex
360 2039 518 2080 litteris
561 2038 730 2093 quidem
767 2038 947 2091 nostris,
986 2052 1090 2091 quas
1133 2036 1431 2092 exscripsistiS‚

89 2099 132 2138 et
163 2097 306 2139 missis
334 2100 376 2139 et
408 2097 564 2139 adlatis
597 2099 710 2138 certe
744 2097 851 2137 scire
883 2097 1099 2151 potuistis.
1156 2094 1270 2144 Quas
1298 2095 1334 2136 si
1360 2110 1431 2137 an·

35 2165 69 2192 85
89 2159 159 2197 tea
183 2170 270 2197 non
294 2156 474 2211 legistis,
506 2170 619 2198 nunc
645 2170 694 2196 ex
719 2154 856 2207 nobis,
890 2155 989 2210 quid
1017 2155 1066 2196 cle
1092 2155 1144 2195 iis
1170 2155 1297 2195 rebus
1323 2153 1430 2195 Fon-

87 2213 199 2255 teius
233 2214 286 2255 ad
316 2214 482 2270 legatos
515 2229 615 2256 suos
648 2213 885 2268 scripserit,
923 2213 1024 2268 quid
1056 2213 1110 2254 ad
1142 2227 1238 2253 eum
1268 2212 1334 2253 illi
1364 2226 1431 2254 re-

89 2272 357 2327 scripserint,
401 2273 657 2329 cognoscite.
737 2271 785 2314 L.
815 2283 862 2313 M.
900 2284 961 2313 AD
1001 2271 1045 2314 O.
1085 2271 1277 2313 ANNIUM
1314 2281 1431 2323 LEG„

1460 981 1484 1023 <⁴13
