<?xml version="1.0" encoding="UTF-8"?>
<!DOCTYPE html PUBLIC "-//W3C//DTD XHTML 1.0 Transitional//EN"
    "http://www.w3.org/TR/xhtml1/DTD/xhtml1-transitional.dtd">
<html xmlns="http://www.w3.org/1999/xhtml" xml:lang="en" lang="en">
 <head>
  <title>
</title>
<meta http-equiv="Content-Type" content="text/html;charset=utf-8" />
  <meta name='ocr-system' content='tesseract 3.04.00' />
  <meta name='ocr-capabilities' content='ocr_page ocr_carea ocr_par ocr_line ocrx_word'/>
</head>
<body>
  <div class='ocr_page' id='page_1' title='image "./p2scriptaquaemanse02ciceuoft_0613.png"; bbox 0 0 1687 2533; ppageno 0'>
   <div class='ocr_carea' id='block_1_1' title="bbox 580 109 1451 153">
    <p class='ocr_par' dir='ltr' id='par_1_1' title="bbox 580 109 1451 153">
     <span class='ocr_line' id='line_1_1' title="bbox 580 109 1451 153; baseline 0.009 -9"><span class='ocrx_word' id='word_1_1' title='bbox 580 109 680 146; x_wconf 86' lang='lat' dir='ltr'>CAP.</span> <span class='ocrx_word' id='word_1_2' title='bbox 709 115 797 146; x_wconf 88' lang='lat'>1—3</span> <span class='ocrx_word' id='word_1_3' title='bbox 825 114 843 153; x_wconf 63' lang='grc' dir='ltr'>ξ</span> <span class='ocrx_word' id='word_1_4' title='bbox 871 114 972 146; x_wconf 81' lang='grc'>1-6.</span> <span class='ocrx_word' id='word_1_5' title='bbox 1367 112 1451 152; x_wconf 80' lang='lat'>459</span> 
     </span>
    </p>
   </div>
   <div class='ocr_carea' id='block_1_2' title="bbox 59 207 1518 2375">
    <p class='ocr_par' dir='ltr' id='par_1_2' title="bbox 59 207 1518 2375">
     <span class='ocr_line' id='line_1_2' title="bbox 105 207 1453 261; baseline 0.001 -14"><span class='ocrx_word' id='word_1_6' title='bbox 105 209 299 259; x_wconf 85' lang='lat' dir='ltr'>tempore</span> <span class='ocrx_word' id='word_1_7' title='bbox 332 220 549 261; x_wconf 77' lang='lat' dir='ltr'>sensuros,</span> <span class='ocrx_word' id='word_1_8' title='bbox 582 222 629 249; x_wconf 89' lang='lat' dir='ltr'>ac</span> <span class='ocrx_word' id='word_1_9' title='bbox 661 222 728 248; x_wconf 88' lang='lat' dir='ltr'>me</span> <span class='ocrx_word' id='word_1_10' title='bbox 761 207 938 249; x_wconf 87' lang='lat' dir='ltr'>absente</span> <span class='ocrx_word' id='word_1_11' title='bbox 975 207 1198 261; x_wconf 70' lang='lat' dir='ltr'>senserint,</span> <span class='ocrx_word' id='word_1_12' title='bbox 1233 207 1453 249; x_wconf 75' lang='lat' dir='ltr'>arbitrere.</span> 
     </span>
     <span class='ocr_line' id='line_1_3' title="bbox 109 264 1500 321; baseline 0.001 -16"><span class='ocrx_word' id='word_1_13' title='bbox 109 264 289 319; x_wconf 77' lang='lat' dir='ltr'>‘Fuisti&#39;,</span> <span class='ocrx_word' id='word_1_14' title='bbox 320 265 472 319; x_wconf 86' lang='lat' dir='ltr'>inquit,</span> <span class='ocrx_word' id='word_1_15' title='bbox 498 265 605 307; x_wconf 73' lang='lat' dir='ltr'>‘tum</span> <span class='ocrx_word' id='word_1_16' title='bbox 633 266 745 320; x_wconf 89' lang='lat' dir='ltr'>apud</span> <span class='ocrx_word' id='word_1_17' title='bbox 770 266 994 321; x_wconf 88' lang='lat' dir='ltr'>pontifices</span> <span class='ocrx_word' id='word_1_18' title='bbox 1023 266 1227 321; x_wconf 79' lang='lat' dir='ltr'>superior,</span> <span class='ocrx_word' id='word_1_19' title='bbox 1255 266 1328 307; x_wconf 89' lang='lat' dir='ltr'>sed</span> <span class='ocrx_word' id='word_1_20' title='bbox 1354 281 1452 320; x_wconf 86' lang='lat' dir='ltr'>iam,</span> <span class='ocrx_word' id='word_1_21' title='bbox 1479 277 1500 307; x_wconf 77' lang='grc'>4</span> 
     </span>
     <span class='ocr_line' id='line_1_4' title="bbox 109 323 1453 379; baseline 0.001 -15"><span class='ocrx_word' id='word_1_22' title='bbox 109 323 310 377; x_wconf 86' lang='lat' dir='ltr'>quoniam</span> <span class='ocrx_word' id='word_1_23' title='bbox 341 326 385 365; x_wconf 90' lang='lat' dir='ltr'>te</span> <span class='ocrx_word' id='word_1_24' title='bbox 412 324 464 365; x_wconf 86' lang='lat' dir='ltr'>ad</span> <span class='ocrx_word' id='word_1_25' title='bbox 490 325 696 379; x_wconf 86' lang='lat' dir='ltr'>populum</span> <span class='ocrx_word' id='word_1_26' title='bbox 723 325 958 379; x_wconf 74' lang='lat' dir='ltr'>contulisti,</span> <span class='ocrx_word' id='word_1_27' title='bbox 992 325 1049 366; x_wconf 90' lang='lat' dir='ltr'>sis</span> <span class='ocrx_word' id='word_1_28' title='bbox 1076 325 1255 366; x_wconf 87' lang='lat' dir='ltr'>inferior</span> <span class='ocrx_word' id='word_1_29' title='bbox 1280 339 1453 367; x_wconf 89' lang='lat' dir='ltr'>necesse</span> 
     </span>
     <span class='ocr_line' id='line_1_5' title="bbox 110 381 1453 438; baseline 0.001 -15"><span class='ocrx_word' id='word_1_30' title='bbox 110 381 202 423; x_wconf 80' lang='lat' dir='ltr'>est&#39;</span> <span class='ocrx_word' id='word_1_31' title='bbox 270 382 393 424; x_wconf 89' lang='lat' dir='ltr'>Itane</span> <span class='ocrx_word' id='word_1_32' title='bbox 430 384 560 424; x_wconf 79' lang='lat' dir='ltr'>vero?</span> <span class='ocrx_word' id='word_1_33' title='bbox 599 384 712 438; x_wconf 87' lang='lat' dir='ltr'>quod</span> <span class='ocrx_word' id='word_1_34' title='bbox 751 385 795 425; x_wconf 91' lang='lat' dir='ltr'>in</span> <span class='ocrx_word' id='word_1_35' title='bbox 832 384 1034 438; x_wconf 89' lang='lat' dir='ltr'>imperita</span> <span class='ocrx_word' id='word_1_36' title='bbox 1072 384 1348 425; x_wconf 89' lang='lat' dir='ltr'>multitudine</span> <span class='ocrx_word' id='word_1_37' title='bbox 1388 386 1453 425; x_wconf 85' lang='lat' dir='ltr'>est</span> 
     </span>
     <span class='ocr_line' id='line_1_6' title="bbox 72 440 1455 495; baseline 0.002 -14"><span class='ocrx_word' id='word_1_38' title='bbox 72 455 90 480; x_wconf 88' lang='lat'>5</span> <span class='ocrx_word' id='word_1_39' title='bbox 111 440 449 495; x_wconf 87' lang='lat' dir='ltr'>vitiosissimum,</span> <span class='ocrx_word' id='word_1_40' title='bbox 479 442 664 484; x_wconf 85' lang='lat' dir='ltr'>varietas</span> <span class='ocrx_word' id='word_1_41' title='bbox 697 445 740 484; x_wconf 93' lang='lat' dir='ltr'>et</span> <span class='ocrx_word' id='word_1_42' title='bbox 769 443 1059 484; x_wconf 79' lang='lat' dir='ltr'>inconstantia</span> <span class='ocrx_word' id='word_1_43' title='bbox 1092 446 1134 484; x_wconf 91' lang='lat' dir='ltr'>et</span> <span class='ocrx_word' id='word_1_44' title='bbox 1166 443 1316 484; x_wconf 88' lang='lat' dir='ltr'>crebra</span> <span class='ocrx_word' id='word_1_45' title='bbox 1342 445 1455 484; x_wconf 86' lang='lat' dir='ltr'>tam-</span> 
     </span>
     <span class='ocr_line' id='line_1_7' title="bbox 110 501 1452 555; baseline 0.001 -15"><span class='ocrx_word' id='word_1_46' title='bbox 110 514 236 553; x_wconf 90' lang='lat' dir='ltr'>quam</span> <span class='ocrx_word' id='word_1_47' title='bbox 269 503 577 554; x_wconf 86' lang='lat' dir='ltr'>tempestatum</span> <span class='ocrx_word' id='word_1_48' title='bbox 609 501 669 543; x_wconf 86' lang='lat' dir='ltr'>sic</span> <span class='ocrx_word' id='word_1_49' title='bbox 702 502 1012 543; x_wconf 87' lang='lat' dir='ltr'>sententiarum</span> <span class='ocrx_word' id='word_1_50' title='bbox 1042 502 1339 555; x_wconf 77' lang='lat' dir='ltr'>commutatio,</span> <span class='ocrx_word' id='word_1_51' title='bbox 1371 501 1452 543; x_wconf 85' lang='lat' dir='ltr'>hoc</span> 
     </span>
     <span class='ocr_line' id='line_1_8' title="bbox 109 559 1455 616; baseline 0 -15"><span class='ocrx_word' id='word_1_52' title='bbox 109 563 158 601; x_wconf 90' lang='lat' dir='ltr'>tu</span> <span class='ocrx_word' id='word_1_53' title='bbox 195 560 248 601; x_wconf 88' lang='lat' dir='ltr'>ad</span> <span class='ocrx_word' id='word_1_54' title='bbox 285 560 364 601; x_wconf 89' lang='lat' dir='ltr'>hos</span> <span class='ocrx_word' id='word_1_55' title='bbox 405 559 658 613; x_wconf 83' lang='lat' dir='ltr'>transferas,</span> <span class='ocrx_word' id='word_1_56' title='bbox 698 575 803 614; x_wconf 90' lang='lat' dir='ltr'>quos</span> <span class='ocrx_word' id='word_1_57' title='bbox 837 561 890 602; x_wconf 88' lang='lat' dir='ltr'>ab</span> <span class='ocrx_word' id='word_1_58' title='bbox 923 561 1215 602; x_wconf 84' lang='lat' dir='ltr'>inconstantia</span> <span class='ocrx_word' id='word_1_59' title='bbox 1248 560 1455 616; x_wconf 85' lang='lat' dir='ltr'>gravitas,</span> 
     </span>
     <span class='ocr_line' id='line_1_9' title="bbox 111 618 1454 661; baseline -0.001 0"><span class='ocrx_word' id='word_1_60' title='bbox 111 634 136 661; x_wconf 84' lang='lat' dir='ltr'>a</span> <span class='ocrx_word' id='word_1_61' title='bbox 171 618 400 660; x_wconf 88' lang='lat' dir='ltr'>libidinosa</span> <span class='ocrx_word' id='word_1_62' title='bbox 442 619 655 660; x_wconf 88' lang='lat' dir='ltr'>sententia</span> <span class='ocrx_word' id='word_1_63' title='bbox 695 622 858 660; x_wconf 90' lang='lat' dir='ltr'>certum</span> <span class='ocrx_word' id='word_1_64' title='bbox 901 622 943 660; x_wconf 93' lang='lat' dir='ltr'>et</span> <span class='ocrx_word' id='word_1_65' title='bbox 985 619 1208 661; x_wconf 89' lang='lat' dir='ltr'>definitum</span> <span class='ocrx_word' id='word_1_66' title='bbox 1249 619 1317 660; x_wconf 87' lang='lat' dir='ltr'>ius</span> <span class='ocrx_word' id='word_1_67' title='bbox 1359 619 1454 660; x_wconf 90' lang='lat' dir='ltr'>reli-</span> 
     </span>
     <span class='ocr_line' id='line_1_10' title="bbox 112 678 1455 734; baseline -0.001 -14"><span class='ocrx_word' id='word_1_68' title='bbox 112 680 308 734; x_wconf 83' lang='lat' dir='ltr'>gionum,</span> <span class='ocrx_word' id='word_1_69' title='bbox 353 680 543 719; x_wconf 89' lang='lat' dir='ltr'>vetustas</span> <span class='ocrx_word' id='word_1_70' title='bbox 583 678 894 732; x_wconf 80' lang='lat' dir='ltr'>exemplorum,</span> <span class='ocrx_word' id='word_1_71' title='bbox 934 679 1169 720; x_wconf 86' lang='lat' dir='ltr'>auctoritas</span> <span class='ocrx_word' id='word_1_72' title='bbox 1208 678 1455 719; x_wconf 87' lang='lat' dir='ltr'>litterarum</span> 
     </span>
     <span class='ocr_line' id='line_1_11' title="bbox 59 736 1455 791; baseline -0.001 -12"><span class='ocrx_word' id='word_1_73' title='bbox 59 749 92 774; x_wconf 85' lang='lat'>10</span> <span class='ocrx_word' id='word_1_74' title='bbox 112 739 568 791; x_wconf 86' lang='lat' dir='ltr'>monumentorumque</span> <span class='ocrx_word' id='word_1_75' title='bbox 613 737 831 778; x_wconf 78' lang='lat' dir='ltr'>deterret?</span> <span class='ocrx_word' id='word_1_76' title='bbox 900 736 1034 778; x_wconf 48' lang='lat' dir='ltr'>*Tune</span> <span class='ocrx_word' id='word_1_77' title='bbox 1075 752 1120 779; x_wconf 90' lang='lat' dir='ltr'>es</span> <span class='ocrx_word' id='word_1_78' title='bbox 1163 737 1266 790; x_wconf 82' lang='lat' dir='ltr'>ille&#39;,</span> <span class='ocrx_word' id='word_1_79' title='bbox 1304 736 1455 791; x_wconf 91' lang='lat' dir='ltr'>inquit,</span> 
     </span>
     <span class='ocr_line' id='line_1_12' title="bbox 112 796 1455 851; baseline -0.001 -14"><span class='ocrx_word' id='word_1_80' title='bbox 112 800 211 851; x_wconf 82' lang='lat' dir='ltr'>‘quo</span> <span class='ocrx_word' id='word_1_81' title='bbox 251 797 424 836; x_wconf 89' lang='lat' dir='ltr'>senatus</span> <span class='ocrx_word' id='word_1_82' title='bbox 456 809 597 836; x_wconf 88' lang='lat' dir='ltr'>carere</span> <span class='ocrx_word' id='word_1_83' title='bbox 629 810 715 837; x_wconf 93' lang='lat' dir='ltr'>non</span> <span class='ocrx_word' id='word_1_84' title='bbox 747 796 907 850; x_wconf 88' lang='lat' dir='ltr'>potuit,</span> <span class='ocrx_word' id='word_1_85' title='bbox 949 811 1074 850; x_wconf 90' lang='lat' dir='ltr'>quem</span> <span class='ocrx_word' id='word_1_86' title='bbox 1106 796 1211 837; x_wconf 90' lang='lat' dir='ltr'>boni</span> <span class='ocrx_word' id='word_1_87' title='bbox 1242 796 1455 847; x_wconf 85' lang='lat' dir='ltr'>luxerunt,</span> 
     </span>
     <span class='ocr_line' id='line_1_13' title="bbox 113 854 1454 910; baseline -0.002 -13"><span class='ocrx_word' id='word_1_88' title='bbox 113 870 237 910; x_wconf 88' lang='lat' dir='ltr'>quem</span> <span class='ocrx_word' id='word_1_89' title='bbox 281 868 349 895; x_wconf 90' lang='lat' dir='ltr'>res</span> <span class='ocrx_word' id='word_1_90' title='bbox 387 854 559 909; x_wconf 88' lang='lat' dir='ltr'>publica</span> <span class='ocrx_word' id='word_1_91' title='bbox 597 854 873 908; x_wconf 77' lang='lat' dir='ltr'>desideravit,</span> <span class='ocrx_word' id='word_1_92' title='bbox 913 870 995 909; x_wconf 89' lang='lat' dir='ltr'>quo</span> <span class='ocrx_word' id='word_1_93' title='bbox 1036 855 1239 896; x_wconf 88' lang='lat' dir='ltr'>restituto</span> <span class='ocrx_word' id='word_1_94' title='bbox 1280 858 1454 896; x_wconf 87' lang='lat' dir='ltr'>senatus</span> 
     </span>
     <span class='ocr_line' id='line_1_14' title="bbox 113 912 1459 968; baseline -0.001 -13"><span class='ocrx_word' id='word_1_95' title='bbox 113 913 412 955; x_wconf 82' lang='lat' dir='ltr'>auctoritatem</span> <span class='ocrx_word' id='word_1_96' title='bbox 444 913 691 955; x_wconf 84' lang='lat' dir='ltr'>restitutam</span> <span class='ocrx_word' id='word_1_97' title='bbox 716 913 989 967; x_wconf 86' lang='lat' dir='ltr'>putabamus,</span> <span class='ocrx_word' id='word_1_98' title='bbox 1022 928 1149 968; x_wconf 89' lang='lat' dir='ltr'>quam</span> <span class='ocrx_word' id='word_1_99' title='bbox 1175 913 1362 968; x_wconf 88' lang='lat' dir='ltr'>primum</span> <span class='ocrx_word' id='word_1_100' title='bbox 1390 912 1459 954; x_wconf 86' lang='lat' dir='ltr'>ad·</span> 
     </span>
     <span class='ocr_line' id='line_1_15' title="bbox 111 971 1453 1026; baseline 0 -13"><span class='ocrx_word' id='word_1_101' title='bbox 111 972 285 1014; x_wconf 86' lang='lat' dir='ltr'>veniens</span> <span class='ocrx_word' id='word_1_102' title='bbox 318 971 589 1026; x_wconf 76' lang='lat' dir='ltr'>prodidisti‘P&#39;</span> <span class='ocrx_word' id='word_1_103' title='bbox 646 971 849 1013; x_wconf 90' lang='lat' dir='ltr'>Nondum</span> <span class='ocrx_word' id='word_1_104' title='bbox 882 973 932 1013; x_wconf 91' lang='lat' dir='ltr'>de</span> <span class='ocrx_word' id='word_1_105' title='bbox 965 987 1061 1014; x_wconf 90' lang='lat' dir='ltr'>mea</span> <span class='ocrx_word' id='word_1_106' title='bbox 1093 973 1308 1014; x_wconf 88' lang='lat' dir='ltr'>sententia</span> <span class='ocrx_word' id='word_1_107' title='bbox 1340 971 1453 1025; x_wconf 79' lang='lat' dir='ltr'>dico3</span> 
     </span>
     <span class='ocr_line' id='line_1_16' title="bbox 61 1012 1507 1095; baseline 0 -24"><span class='ocrx_word' id='word_1_108' title='bbox 61 1042 93 1068; x_wconf 85' lang='lat'>15</span> <span class='ocrx_word' id='word_1_109' title='bbox 112 1031 388 1086; x_wconf 89' lang='lat' dir='ltr'>inpudentiae</span> <span class='ocrx_word' id='word_1_110' title='bbox 431 1031 617 1084; x_wconf 86' lang='lat' dir='ltr'>primum</span> <span class='ocrx_word' id='word_1_111' title='bbox 660 1031 927 1085; x_wconf 85' lang='lat' dir='ltr'>respondebo</span> <span class='ocrx_word' id='word_1_112' title='bbox 965 1034 1077 1073; x_wconf 89' lang='lat' dir='ltr'>tuae.</span> <span class='ocrx_word' id='word_1_113' title='bbox 1144 1031 1269 1072; x_wconf 90' lang='lat' dir='ltr'>Hunc</span> <span class='ocrx_word' id='word_1_114' title='bbox 1306 1012 1507 1095; x_wconf 66' lang='lat' dir='ltr'>igitur,‘}</span> 
     </span>
     <span class='ocr_line' id='line_1_17' title="bbox 112 1089 1458 1144; baseline -0.001 -13"><span class='ocrx_word' id='word_1_115' title='bbox 112 1091 283 1131; x_wconf 84' lang='lat' dir='ltr'>funesta</span> <span class='ocrx_word' id='word_1_116' title='bbox 314 1089 375 1130; x_wconf 90' lang='lat' dir='ltr'>rei</span> <span class='ocrx_word' id='word_1_117' title='bbox 405 1089 603 1144; x_wconf 87' lang='lat' dir='ltr'>publicae</span> <span class='ocrx_word' id='word_1_118' title='bbox 629 1090 776 1144; x_wconf 84' lang='lat' dir='ltr'>pestis,</span> <span class='ocrx_word' id='word_1_119' title='bbox 807 1090 920 1131; x_wconf 88' lang='lat' dir='ltr'>hunc</span> <span class='ocrx_word' id='word_1_120' title='bbox 945 1092 993 1131; x_wconf 93' lang='lat' dir='ltr'>tu</span> <span class='ocrx_word' id='word_1_121' title='bbox 1019 1089 1155 1132; x_wconf 88' lang='lat' dir='ltr'>civem</span> <span class='ocrx_word' id='word_1_122' title='bbox 1182 1090 1295 1130; x_wconf 85' lang='lat' dir='ltr'>ferro</span> <span class='ocrx_word' id='word_1_123' title='bbox 1324 1093 1366 1131; x_wconf 92' lang='lat' dir='ltr'>et</span> <span class='ocrx_word' id='word_1_124' title='bbox 1393 1103 1458 1130; x_wconf 86' lang='lat' dir='ltr'>ar-</span> 
     </span>
     <span class='ocr_line' id='line_1_18' title="bbox 114 1148 1458 1190; baseline 0 -1"><span class='ocrx_word' id='word_1_125' title='bbox 114 1148 195 1189; x_wconf 88' lang='lat' dir='ltr'>mis</span> <span class='ocrx_word' id='word_1_126' title='bbox 228 1151 271 1189; x_wconf 90' lang='lat' dir='ltr'>et</span> <span class='ocrx_word' id='word_1_127' title='bbox 302 1148 510 1189; x_wconf 84' lang='lat' dir='ltr'>exercitus</span> <span class='ocrx_word' id='word_1_128' title='bbox 542 1150 704 1190; x_wconf 90' lang='lat' dir='ltr'>terrore</span> <span class='ocrx_word' id='word_1_129' title='bbox 737 1151 779 1190; x_wconf 92' lang='lat' dir='ltr'>et</span> <span class='ocrx_word' id='word_1_130' title='bbox 812 1149 1033 1190; x_wconf 88' lang='lat' dir='ltr'>consulum</span> <span class='ocrx_word' id='word_1_131' title='bbox 1067 1149 1226 1190; x_wconf 87' lang='lat' dir='ltr'>scelere</span> <span class='ocrx_word' id='word_1_132' title='bbox 1261 1151 1303 1189; x_wconf 89' lang='lat' dir='ltr'>et</span> <span class='ocrx_word' id='word_1_133' title='bbox 1330 1148 1458 1189; x_wconf 84' lang='lat' dir='ltr'>auda—</span> 
     </span>
     <span class='ocr_line' id='line_1_19' title="bbox 114 1207 1458 1261; baseline -0.001 -12"><span class='ocrx_word' id='word_1_134' title='bbox 114 1207 381 1249; x_wconf 87' lang='lat' dir='ltr'>cissimorum</span> <span class='ocrx_word' id='word_1_135' title='bbox 412 1207 635 1248; x_wconf 88' lang='lat' dir='ltr'>hominum</span> <span class='ocrx_word' id='word_1_136' title='bbox 667 1207 814 1261; x_wconf 88' lang='lat' dir='ltr'>minis,</span> <span class='ocrx_word' id='word_1_137' title='bbox 855 1222 1074 1249; x_wconf 87' lang='lat' dir='ltr'>servorum</span> <span class='ocrx_word' id='word_1_138' title='bbox 1107 1207 1283 1261; x_wconf 84' lang='lat' dir='ltr'>dilectu,</span> <span class='ocrx_word' id='word_1_139' title='bbox 1316 1207 1458 1248; x_wconf 89' lang='lat' dir='ltr'>obses-</span> 
     </span>
     <span class='ocr_line' id='line_1_20' title="bbox 115 1265 1458 1321; baseline 0 -15"><span class='ocrx_word' id='word_1_140' title='bbox 115 1265 233 1307; x_wconf 90' lang='lat' dir='ltr'>sione</span> <span class='ocrx_word' id='word_1_141' title='bbox 264 1266 540 1320; x_wconf 85' lang='lat' dir='ltr'>templorum,</span> <span class='ocrx_word' id='word_1_142' title='bbox 573 1266 851 1321; x_wconf 85' lang='lat' dir='ltr'>occupatione</span> <span class='ocrx_word' id='word_1_143' title='bbox 882 1266 978 1320; x_wconf 86' lang='lat' dir='ltr'>fori,</span> <span class='ocrx_word' id='word_1_144' title='bbox 1005 1267 1282 1321; x_wconf 85' lang='lat' dir='ltr'>oppressione</span> <span class='ocrx_word' id='word_1_145' title='bbox 1316 1265 1458 1307; x_wconf 90' lang='lat' dir='ltr'>curiae</span> 
     </span>
     <span class='ocr_line' id='line_1_21' title="bbox 59 1324 1459 1379; baseline 0.001 -15"><span class='ocrx_word' id='word_1_146' title='bbox 59 1335 96 1361; x_wconf 80' lang='lat'>20</span> <span class='ocrx_word' id='word_1_147' title='bbox 116 1324 241 1366; x_wconf 89' lang='lat' dir='ltr'>domo</span> <span class='ocrx_word' id='word_1_148' title='bbox 267 1326 310 1365; x_wconf 88' lang='lat' dir='ltr'>et</span> <span class='ocrx_word' id='word_1_149' title='bbox 336 1325 489 1378; x_wconf 86' lang='lat' dir='ltr'>patria,</span> <span class='ocrx_word' id='word_1_150' title='bbox 513 1338 567 1365; x_wconf 94' lang='lat' dir='ltr'>ne</span> <span class='ocrx_word' id='word_1_151' title='bbox 593 1339 689 1365; x_wconf 89' lang='lat' dir='ltr'>cum</span> <span class='ocrx_word' id='word_1_152' title='bbox 714 1324 908 1379; x_wconf 89' lang='lat' dir='ltr'>inprobis</span> <span class='ocrx_word' id='word_1_153' title='bbox 934 1325 1038 1365; x_wconf 90' lang='lat' dir='ltr'>boni</span> <span class='ocrx_word' id='word_1_154' title='bbox 1058 1325 1170 1366; x_wconf 81' lang='lat' dir='ltr'>ferro</span> <span class='ocrx_word' id='word_1_155' title='bbox 1193 1324 1459 1376; x_wconf 86' lang='lat' dir='ltr'>dimicarent,</span> 
     </span>
     <span class='ocr_line' id='line_1_22' title="bbox 116 1382 1460 1438; baseline -0.001 -14"><span class='ocrx_word' id='word_1_156' title='bbox 116 1382 261 1424; x_wconf 84' lang='lat' dir='ltr'>cedere</span> <span class='ocrx_word' id='word_1_157' title='bbox 300 1383 496 1438; x_wconf 66' lang='lat' dir='ltr'>coegisti,</span> <span class='ocrx_word' id='word_1_158' title='bbox 536 1397 661 1436; x_wconf 90' lang='lat' dir='ltr'>quem</span> <span class='ocrx_word' id='word_1_159' title='bbox 693 1398 718 1423; x_wconf 87' lang='lat' dir='ltr'>a</span> <span class='ocrx_word' id='word_1_160' title='bbox 750 1385 920 1436; x_wconf 88' lang='lat' dir='ltr'>senatu,</span> <span class='ocrx_word' id='word_1_161' title='bbox 958 1397 1084 1437; x_wconf 88' lang='lat' dir='ltr'>quem</span> <span class='ocrx_word' id='word_1_162' title='bbox 1112 1398 1136 1424; x_wconf 90' lang='lat' dir='ltr'>a</span> <span class='ocrx_word' id='word_1_163' title='bbox 1167 1383 1292 1424; x_wconf 86' lang='lat' dir='ltr'>bonis</span> <span class='ocrx_word' id='word_1_164' title='bbox 1327 1382 1460 1423; x_wconf 90' lang='lat' dir='ltr'>omni·</span> 
     </span>
     <span class='ocr_line' id='line_1_23' title="bbox 116 1440 1460 1495; baseline -0.001 -13"><span class='ocrx_word' id='word_1_165' title='bbox 116 1442 215 1495; x_wconf 89' lang='lat' dir='ltr'>bus,</span> <span class='ocrx_word' id='word_1_166' title='bbox 260 1455 384 1495; x_wconf 88' lang='lat' dir='ltr'>quem</span> <span class='ocrx_word' id='word_1_167' title='bbox 422 1456 447 1482; x_wconf 89' lang='lat' dir='ltr'>a</span> <span class='ocrx_word' id='word_1_168' title='bbox 485 1443 636 1482; x_wconf 85' lang='lat' dir='ltr'>cuncta</span> <span class='ocrx_word' id='word_1_169' title='bbox 673 1440 803 1482; x_wconf 85' lang='lat' dir='ltr'>Italia</span> <span class='ocrx_word' id='word_1_170' title='bbox 841 1441 1149 1495; x_wconf 87' lang='lat' dir='ltr'>desideratum,</span> <span class='ocrx_word' id='word_1_171' title='bbox 1195 1441 1460 1494; x_wconf 89' lang='lat' dir='ltr'>arcessitum,</span> 
     </span>
     <span class='ocr_line' id='line_1_24' title="bbox 116 1499 1460 1554; baseline 0 -14"><span class='ocrx_word' id='word_1_172' title='bbox 116 1502 363 1541; x_wconf 87' lang='lat' dir='ltr'>revocatum</span> <span class='ocrx_word' id='word_1_173' title='bbox 395 1500 710 1541; x_wconf 87' lang='lat' dir='ltr'>conservandae</span> <span class='ocrx_word' id='word_1_174' title='bbox 742 1500 804 1541; x_wconf 91' lang='lat' dir='ltr'>rei</span> <span class='ocrx_word' id='word_1_175' title='bbox 829 1500 1027 1554; x_wconf 86' lang='lat' dir='ltr'>publicae</span> <span class='ocrx_word' id='word_1_176' title='bbox 1055 1514 1182 1542; x_wconf 88' lang='lat' dir='ltr'>causa</span> <span class='ocrx_word' id='word_1_177' title='bbox 1210 1499 1460 1541; x_wconf 81' lang='lat' dir='ltr'>confiteris?</span> 
     </span>
     <span class='ocr_line' id='line_1_25' title="bbox 118 1557 1459 1613; baseline -0.001 -14"><span class='ocrx_word' id='word_1_178' title='bbox 118 1558 194 1599; x_wconf 76' lang='lat' dir='ltr'>eAt</span> <span class='ocrx_word' id='word_1_179' title='bbox 226 1558 338 1599; x_wconf 88' lang='lat' dir='ltr'>enim</span> <span class='ocrx_word' id='word_1_180' title='bbox 368 1558 413 1598; x_wconf 91' lang='lat' dir='ltr'>in</span> <span class='ocrx_word' id='word_1_181' title='bbox 445 1560 640 1599; x_wconf 87' lang='lat' dir='ltr'>senatum</span> <span class='ocrx_word' id='word_1_182' title='bbox 673 1558 816 1599; x_wconf 87' lang='lat' dir='ltr'>venire</span> <span class='ocrx_word' id='word_1_183' title='bbox 848 1559 893 1599; x_wconf 92' lang='lat' dir='ltr'>in</span> <span class='ocrx_word' id='word_1_184' title='bbox 919 1557 1184 1613; x_wconf 86' lang='lat' dir='ltr'>Capitolium</span> <span class='ocrx_word' id='word_1_185' title='bbox 1208 1558 1459 1599; x_wconf 88' lang='lat' dir='ltr'>turbulento</span> 
     </span>
     <span class='ocr_line' id='line_1_26' title="bbox 63 1616 1508 1672; baseline 0 -14"><span class='ocrx_word' id='word_1_186' title='bbox 63 1627 98 1653; x_wconf 79' lang='lat'>25</span> <span class='ocrx_word' id='word_1_187' title='bbox 117 1617 193 1659; x_wconf 90' lang='lat' dir='ltr'>illo</span> <span class='ocrx_word' id='word_1_188' title='bbox 228 1617 294 1658; x_wconf 88' lang='lat' dir='ltr'>die</span> <span class='ocrx_word' id='word_1_189' title='bbox 325 1631 411 1658; x_wconf 89' lang='lat' dir='ltr'>non</span> <span class='ocrx_word' id='word_1_190' title='bbox 444 1616 656 1658; x_wconf 69' lang='lat' dir='ltr'>debuisti.⁹</span> <span class='ocrx_word' id='word_1_191' title='bbox 712 1617 807 1672; x_wconf 81' lang='lat' dir='ltr'>Ego</span> <span class='ocrx_word' id='word_1_192' title='bbox 840 1632 940 1659; x_wconf 88' lang='lat' dir='ltr'>vero</span> <span class='ocrx_word' id='word_1_193' title='bbox 966 1631 1102 1672; x_wconf 89' lang='lat' dir='ltr'>neque</span> <span class='ocrx_word' id='word_1_194' title='bbox 1136 1617 1231 1658; x_wconf 82' lang='lat' dir='ltr'>veni</span> <span class='ocrx_word' id='word_1_195' title='bbox 1264 1621 1306 1658; x_wconf 90' lang='lat' dir='ltr'>et</span> <span class='ocrx_word' id='word_1_196' title='bbox 1333 1617 1458 1658; x_wconf 91' lang='lat' dir='ltr'>domo</span> <span class='ocrx_word' id='word_1_197' title='bbox 1488 1628 1508 1658; x_wconf 80' lang='grc'>6</span> 
     </span>
     <span class='ocr_line' id='line_1_27' title="bbox 118 1675 1462 1731; baseline 0 -15"><span class='ocrx_word' id='word_1_198' title='bbox 118 1689 185 1717; x_wconf 86' lang='lat' dir='ltr'>me</span> <span class='ocrx_word' id='word_1_199' title='bbox 229 1675 365 1729; x_wconf 89' lang='lat' dir='ltr'>tenui,</span> <span class='ocrx_word' id='word_1_200' title='bbox 416 1675 619 1729; x_wconf 89' lang='lat' dir='ltr'>quamdiu</span> <span class='ocrx_word' id='word_1_201' title='bbox 661 1676 960 1717; x_wconf 88' lang='lat' dir='ltr'>turbulentum</span> <span class='ocrx_word' id='word_1_202' title='bbox 1003 1678 1173 1731; x_wconf 88' lang='lat' dir='ltr'>tempus</span> <span class='ocrx_word' id='word_1_203' title='bbox 1217 1676 1319 1729; x_wconf 89' lang='lat' dir='ltr'>fuit,</span> <span class='ocrx_word' id='word_1_204' title='bbox 1367 1691 1462 1717; x_wconf 88' lang='lat' dir='ltr'>cum</span> 
     </span>
     <span class='ocr_line' id='line_1_28' title="bbox 119 1734 1462 1788; baseline 0 -13"><span class='ocrx_word' id='word_1_205' title='bbox 119 1748 264 1776; x_wconf 86' lang='lat' dir='ltr'>servos</span> <span class='ocrx_word' id='word_1_206' title='bbox 309 1736 406 1775; x_wconf 88' lang='lat' dir='ltr'>tuos</span> <span class='ocrx_word' id='word_1_207' title='bbox 451 1749 477 1775; x_wconf 90' lang='lat' dir='ltr'>a</span> <span class='ocrx_word' id='word_1_208' title='bbox 519 1737 562 1775; x_wconf 82' lang='lat' dir='ltr'>te</span> <span class='ocrx_word' id='word_1_209' title='bbox 605 1734 692 1775; x_wconf 89' lang='lat' dir='ltr'>iam</span> <span class='ocrx_word' id='word_1_210' title='bbox 735 1734 902 1788; x_wconf 84' lang='lat' dir='ltr'>pridem</span> <span class='ocrx_word' id='word_1_211' title='bbox 944 1735 995 1776; x_wconf 90' lang='lat' dir='ltr'>ad</span> <span class='ocrx_word' id='word_1_212' title='bbox 1033 1735 1247 1776; x_wconf 88' lang='lat' dir='ltr'>bonorum</span> <span class='ocrx_word' id='word_1_213' title='bbox 1289 1734 1462 1776; x_wconf 89' lang='lat' dir='ltr'>caedem</span> 
     </span>
     <span class='ocr_line' id='line_1_29' title="bbox 117 1792 1462 1848; baseline 0 -14"><span class='ocrx_word' id='word_1_214' title='bbox 117 1795 294 1848; x_wconf 87' lang='lat' dir='ltr'>paratos</span> <span class='ocrx_word' id='word_1_215' title='bbox 333 1807 428 1834; x_wconf 89' lang='lat' dir='ltr'>cum</span> <span class='ocrx_word' id='word_1_216' title='bbox 466 1792 542 1833; x_wconf 86' lang='lat' dir='ltr'>illa</span> <span class='ocrx_word' id='word_1_217' title='bbox 579 1794 655 1833; x_wconf 88' lang='lat' dir='ltr'>tua</span> <span class='ocrx_word' id='word_1_218' title='bbox 694 1793 1082 1835; x_wconf 84' lang='lat' dir='ltr'>consceleratorum</span> <span class='ocrx_word' id='word_1_219' title='bbox 1115 1808 1164 1835; x_wconf 90' lang='lat' dir='ltr'>ac</span> <span class='ocrx_word' id='word_1_220' title='bbox 1195 1793 1462 1847; x_wconf 87' lang='lat' dir='ltr'>perditorum</span> 
     </span>
     <span class='ocr_line' id='line_1_30' title="bbox 119 1850 1462 1906; baseline 0 -14"><span class='ocrx_word' id='word_1_221' title='bbox 119 1866 248 1893; x_wconf 90' lang='lat' dir='ltr'>manu</span> <span class='ocrx_word' id='word_1_222' title='bbox 275 1854 465 1893; x_wconf 88' lang='lat' dir='ltr'>armatos</span> <span class='ocrx_word' id='word_1_223' title='bbox 492 1851 538 1892; x_wconf 91' lang='lat' dir='ltr'>in</span> <span class='ocrx_word' id='word_1_224' title='bbox 563 1850 826 1906; x_wconf 83' lang='lat' dir='ltr'>Capitolium</span> <span class='ocrx_word' id='word_1_225' title='bbox 852 1855 993 1893; x_wconf 87' lang='lat' dir='ltr'>tecum</span> <span class='ocrx_word' id='word_1_226' title='bbox 1019 1852 1186 1894; x_wconf 84' lang='lat' dir='ltr'>venisse</span> <span class='ocrx_word' id='word_1_227' title='bbox 1213 1852 1462 1905; x_wconf 77' lang='lat' dir='ltr'>constabat3</span> 
     </span>
     <span class='ocr_line' id='line_1_31' title="bbox 65 1910 1463 1964; baseline -0.001 -13"><span class='ocrx_word' id='word_1_228' title='bbox 65 1920 101 1946; x_wconf 79' lang='lat'>30</span> <span class='ocrx_word' id='word_1_229' title='bbox 121 1910 234 1964; x_wconf 89' lang='lat' dir='ltr'>quod</span> <span class='ocrx_word' id='word_1_230' title='bbox 272 1925 368 1951; x_wconf 89' lang='lat' dir='ltr'>cum</span> <span class='ocrx_word' id='word_1_231' title='bbox 400 1910 506 1951; x_wconf 92' lang='lat' dir='ltr'>mihi</span> <span class='ocrx_word' id='word_1_232' title='bbox 537 1910 826 1964; x_wconf 83' lang='lat' dir='ltr'>nuntiaretur,</span> <span class='ocrx_word' id='word_1_233' title='bbox 865 1910 971 1952; x_wconf 91' lang='lat' dir='ltr'>scito</span> <span class='ocrx_word' id='word_1_234' title='bbox 1004 1925 1072 1952; x_wconf 89' lang='lat' dir='ltr'>me</span> <span class='ocrx_word' id='word_1_235' title='bbox 1106 1911 1222 1952; x_wconf 91' lang='lat' dir='ltr'>domi</span> <span class='ocrx_word' id='word_1_236' title='bbox 1254 1911 1463 1952; x_wconf 87' lang='lat' dir='ltr'>mansisse</span> 
     </span>
     <span class='ocr_line' id='line_1_32' title="bbox 121 1968 1463 2024; baseline 0 -15"><span class='ocrx_word' id='word_1_237' title='bbox 121 1971 164 2009; x_wconf 91' lang='lat' dir='ltr'>et</span> <span class='ocrx_word' id='word_1_238' title='bbox 182 1968 262 2009; x_wconf 82' lang='lat' dir='ltr'>tibi</span> <span class='ocrx_word' id='word_1_239' title='bbox 283 1971 325 2009; x_wconf 90' lang='lat' dir='ltr'>et</span> <span class='ocrx_word' id='word_1_240' title='bbox 347 1969 658 2024; x_wconf 83' lang='lat' dir='ltr'>gladiatoribus</span> <span class='ocrx_word' id='word_1_241' title='bbox 678 1969 764 2009; x_wconf 91' lang='lat' dir='ltr'>tuis</span> <span class='ocrx_word' id='word_1_242' title='bbox 785 1969 1089 2011; x_wconf 87' lang='lat' dir='ltr'>instaurandae</span> <span class='ocrx_word' id='word_1_243' title='bbox 1110 1970 1250 2011; x_wconf 86' lang='lat' dir='ltr'>caedis</span> <span class='ocrx_word' id='word_1_244' title='bbox 1271 1971 1463 2023; x_wconf 86' lang='lat' dir='ltr'>potesta-</span> 
     </span>
     <span class='ocr_line' id='line_1_33' title="bbox 120 2027 1464 2092; baseline 0 -25"><span class='ocrx_word' id='word_1_245' title='bbox 120 2028 208 2068; x_wconf 91' lang='lat' dir='ltr'>tem</span> <span class='ocrx_word' id='word_1_246' title='bbox 258 2041 343 2068; x_wconf 91' lang='lat' dir='ltr'>non</span> <span class='ocrx_word' id='word_1_247' title='bbox 386 2027 548 2069; x_wconf 85' lang='lat' dir='ltr'>fecisse.</span> <span class='ocrx_word' id='word_1_248' title='bbox 625 2027 915 2092; x_wconf 82' lang='lat' dir='ltr'>Posteaquam</span> <span class='ocrx_word' id='word_1_249' title='bbox 958 2028 1065 2069; x_wconf 89' lang='lat' dir='ltr'>mihi</span> <span class='ocrx_word' id='word_1_250' title='bbox 1108 2027 1354 2069; x_wconf 86' lang='lat' dir='ltr'>nuntiatum</span> <span class='ocrx_word' id='word_1_251' title='bbox 1399 2029 1464 2068; x_wconf 90' lang='lat' dir='ltr'>est</span> 
     </span>
     <span class='ocr_line' id='line_1_34' title="bbox 120 2085 1464 2141; baseline -0.001 -15"><span class='ocrx_word' id='word_1_252' title='bbox 120 2085 328 2139; x_wconf 87' lang='lat' dir='ltr'>populum</span> <span class='ocrx_word' id='word_1_253' title='bbox 377 2085 620 2127; x_wconf 84' lang='lat' dir='ltr'>Romanum</span> <span class='ocrx_word' id='word_1_254' title='bbox 669 2086 714 2126; x_wconf 89' lang='lat' dir='ltr'>in</span> <span class='ocrx_word' id='word_1_255' title='bbox 763 2085 1025 2141; x_wconf 88' lang='lat' dir='ltr'>Capitolium</span> <span class='ocrx_word' id='word_1_256' title='bbox 1075 2089 1253 2141; x_wconf 87' lang='lat' dir='ltr'>propter</span> <span class='ocrx_word' id='word_1_257' title='bbox 1302 2087 1464 2126; x_wconf 89' lang='lat' dir='ltr'>metum</span> 
     </span>
     <span class='ocr_line' id='line_1_35' title="bbox 123 2144 1464 2198; baseline 0 -14"><span class='ocrx_word' id='word_1_258' title='bbox 123 2146 250 2197; x_wconf 85' lang='lat' dir='ltr'>atque</span> <span class='ocrx_word' id='word_1_259' title='bbox 281 2145 472 2198; x_wconf 84' lang='lat' dir='ltr'>inopiam</span> <span class='ocrx_word' id='word_1_260' title='bbox 503 2145 565 2186; x_wconf 89' lang='lat' dir='ltr'>rei</span> <span class='ocrx_word' id='word_1_261' title='bbox 597 2145 902 2187; x_wconf 30' lang='lat' dir='ltr'>fwumentaiiae</span> <span class='ocrx_word' id='word_1_262' title='bbox 935 2146 1203 2197; x_wconf 77' lang='lat' dir='ltr'>convenisse,</span> <span class='ocrx_word' id='word_1_263' title='bbox 1243 2144 1464 2185; x_wconf 86' lang='lat' dir='ltr'>ministros</span> 
     </span>
     <span class='ocr_line' id='line_1_36' title="bbox 68 2178 1518 2258; baseline 0 -16"><span class='ocrx_word' id='word_1_264' title='bbox 68 2211 103 2237; x_wconf 78' lang='lat'>35</span> <span class='ocrx_word' id='word_1_265' title='bbox 124 2205 267 2242; x_wconf 87' lang='lat' dir='ltr'>autem</span> <span class='ocrx_word' id='word_1_266' title='bbox 318 2203 524 2244; x_wconf 90' lang='lat' dir='ltr'>scelerum</span> <span class='ocrx_word' id='word_1_267' title='bbox 574 2206 747 2245; x_wconf 87' lang='lat' dir='ltr'>tuorum</span> <span class='ocrx_word' id='word_1_268' title='bbox 795 2204 1045 2257; x_wconf 83' lang='lat' dir='ltr'>perterritos</span> <span class='ocrx_word' id='word_1_269' title='bbox 1090 2178 1250 2258; x_wconf 87' lang='lat' dir='ltr'>partim</span> <span class='ocrx_word' id='word_1_270' title='bbox 1296 2202 1465 2244; x_wconf 88' lang='lat' dir='ltr'>amissis</span> <span class='ocrx_word' id='word_1_271' title='bbox 1514 2241 1518 2243; x_wconf 84' lang='lat'>.</span> 
     </span>
     <span class='ocr_line' id='line_1_37' title="bbox 123 2259 1466 2326; baseline 0.001 -26"><span class='ocrx_word' id='word_1_272' title='bbox 123 2259 291 2314; x_wconf 82' lang='lat' dir='ltr'>gladiis,</span> <span class='ocrx_word' id='word_1_273' title='bbox 322 2261 482 2326; x_wconf 78' lang='lat' dir='ltr'>partim</span> <span class='ocrx_word' id='word_1_274' title='bbox 514 2263 671 2317; x_wconf 86' lang='lat' dir='ltr'>ereptis</span> <span class='ocrx_word' id='word_1_275' title='bbox 705 2262 937 2317; x_wconf 83' lang='lat' dir='ltr'>diffugisse,</span> <span class='ocrx_word' id='word_1_276' title='bbox 969 2262 1067 2304; x_wconf 80' lang='lat' dir='ltr'>veni</span> <span class='ocrx_word' id='word_1_277' title='bbox 1097 2276 1184 2303; x_wconf 92' lang='lat' dir='ltr'>non</span> <span class='ocrx_word' id='word_1_278' title='bbox 1210 2260 1349 2302; x_wconf 85' lang='lat' dir='ltr'>solum</span> <span class='ocrx_word' id='word_1_279' title='bbox 1377 2261 1466 2301; x_wconf 83' lang='lat' dir='ltr'>sine</span> 
     </span>
     <span class='ocr_line' id='line_1_38' title="bbox 122 2318 1466 2375; baseline 0.001 -17"><span class='ocrx_word' id='word_1_280' title='bbox 122 2318 223 2359; x_wconf 89' lang='lat' dir='ltr'>ullis</span> <span class='ocrx_word' id='word_1_281' title='bbox 256 2319 389 2372; x_wconf 85' lang='lat' dir='ltr'>copiis</span> <span class='ocrx_word' id='word_1_282' title='bbox 423 2334 471 2362; x_wconf 90' lang='lat' dir='ltr'>ac</span> <span class='ocrx_word' id='word_1_283' title='bbox 502 2335 644 2375; x_wconf 81' lang='lat' dir='ltr'>manu,</span> <span class='ocrx_word' id='word_1_284' title='bbox 676 2335 825 2362; x_wconf 66' lang='grc'>19111111</span> <span class='ocrx_word' id='word_1_285' title='bbox 853 2322 982 2362; x_wconf 86' lang='lat' dir='ltr'>etiam</span> <span class='ocrx_word' id='word_1_286' title='bbox 1010 2335 1105 2363; x_wconf 87' lang='lat' dir='ltr'>cum</span> <span class='ocrx_word' id='word_1_287' title='bbox 1131 2319 1277 2375; x_wconf 89' lang='lat' dir='ltr'>paucis</span> <span class='ocrx_word' id='word_1_288' title='bbox 1306 2319 1466 2360; x_wconf 86' lang='lat' dir='ltr'>amicis.</span> 
     </span>
    </p>
   </div>
  </div>
 </body>
</html>
