1619 2542
122 232 162 262 19

138 1145 161 1185 7

119 1197 163 1227 20

190 123 275 164 240
559 123 652 158 PRO
681 123 719 159 C.
746 122 942 158 RABIRIO
971 122 1158 158 ORATIO.

189 222 345 261 testem
376 220 624 275 paucitatis!
662 244 709 249 -
744 219 973 271 Lubenter,
1005 219 1191 273 inquam,
1224 220 1459 275 confiterer,
1491 220 1529 262 si

190 294 288 320 vere
326 293 514 332 possem,
559 282 633 320 aut
671 278 800 319 etiam
839 278 875 318 si
913 278 1018 318 mihi
1056 281 1169 319 esset
1206 278 1440 333 integrum,
1483 277 1527 321 C.

190 337 342 379 Rabiri
368 353 499 379 manu
520 337 566 379 L.
586 336 864 378 Saturninum
890 351 982 377 esse
1011 337 1209 390 occisum,
1241 339 1282 377 et
1301 337 1345 378 id
1363 338 1527 379 facinus

189 396 524 451 pulcherrimum
552 410 648 437 esse
682 396 932 449 arbitrarer3
965 395 1049 448 sed,
1082 396 1284 450 quoniam
1315 395 1359 436 id
1388 395 1527 437 facere

189 470 276 496 non
319 470 511 509 possum,
557 454 792 496 confitebor
836 454 896 507 id,
940 454 1052 508 quod
1091 455 1143 495 ad
1180 454 1350 496 laudem
1387 455 1562 497 1111111155

189 514 368 566 valebit,
407 514 459 555 ad
497 515 657 555 crimen
691 528 778 554 non
808 513 966 553 minus:
1000 512 1217 554 Confiteor
1248 514 1529 555 interficiendi

192 571 410 613 Saturnini
443 587 571 613 causa
604 571 648 614 C.
680 571 904 613 Rabirium
937 587 1055 613 arma
1087 572 1260 626 cepisse.
1316 571 1425 620 Quid
1451 576 1528 626 est,

190 630 404 672 Labiene?
456 646 583 685 quam
635 646 660 672 a
703 646 769 671 me
815 630 1056 686 graviorem
1101 631 1410 672 confessionem
1454 634 1528 673 aut

191 690 302 743 quod
334 690 379 730 in
411 690 523 731 hunc
556 690 693 731 maius
720 690 879 730 crimen
906 690 1133 743 expectas?
1166 689 1250 730 nisi
1275 704 1374 731 vero
1401 690 1527 731 inter-

191 762 282 789 esse
316 749 479 802 aliquid
510 751 636 802 putas
669 748 781 789 inter
807 763 914 800 eum,
947 748 1019 801 qui
1044 748 1261 789 hominem
1288 749 1454 803 occidit,
1486 752 1528 790 et
1549 762 1582 787 10

191 821 303 860 eum,
342 808 414 861 qui
455 822 550 848 cum
582 808 669 848 telo
703 806 918 848 occidendi
949 807 1135 848 hominis
1168 821 1297 848 causa
1326 808 1421 849 fuit.
1483 807 1528 848 Si

190 866 372 907 interfici
416 864 694 907 Saturninum
748 866 867 906 nefas
910 865 1009 919 fuit,
1059 880 1177 906 arma
1222 869 1393 920 sumpta
1436 881 1528 908 esse

190 927 340 965 contra
372 923 650 966 Saturninum
684 925 773 965 sine
807 924 963 964 scelere
995 938 1081 964 non
1112 928 1312 978 possunt3
1345 925 1381 966 si
1410 940 1529 967 arma

190 983 280 1024 iure
301 986 473 1038 sumpta
493 983 699 1037 concedis,
719 983 979 1034 interfectum
997 984 1086 1024 iure
1099 984 1287 1025 concedas
1300 997 1449 1026 necesse
1461 988 1527 1026 est.

326 1077 400 1129 [In
430 1078 697 1118 vetustissimo
729 1077 950 1129 exemplar&
980 1078 1084 1119 deest
1112 1090 1199 1118 una
1229 1077 1400 1130 charta]

277 1158 347 1199 Fit
386 1161 557 1200 senatus
599 1159 858 1212 consultum,
896 1161 944 1199 ut
983 1157 1026 1199 C.
1057 1158 1219 1199 Marius
1254 1159 1299 1200 L.
1326 1159 1525 1202 Valerius
1547 1173 1578 1198 15

190 1217 384 1258 consules
429 1217 681 1258 adhiberent
723 1217 920 1258 tribunos
966 1218 1022 1272 pl.
1061 1220 1104 1258 et
1141 1220 1378 1273 praetores,
1422 1235 1526 1274 quos

191 1276 250 1316 eis
287 1276 518 1328 videretur,
558 1290 814 1330 operamque
848 1276 1014 1328 darent,
1052 1280 1100 1317 ut
1124 1276 1349 1330 imperium
1380 1279 1528 1332 populi

189 1333 373 1375 Romani
411 1335 698 1388 maiestasque
736 1337 1071 1376 conservaretur.
1132 1334 1348 1376 Adhibent
1389 1337 1526 1378 omnis

189 1393 386 1434 tribunos
436 1393 493 1448 pl.
544 1396 714 1447 praeter
766 1392 1063 1447 Saturninum,
1107 1397 1315 1446 praetores
1357 1399 1527 1449 praeter

191 1451 431 1507 Glauciam3
482 1452 554 1506 qui
603 1466 693 1493 reni
743 1452 960 1506 publicam
1013 1452 1174 1493 salvam
1220 1466 1311 1493 esse
1354 1454 1527 1509 vellent,
1547 1468 1580 1491 2⁰

191 1525 311 1551 arma
343 1525 493 1565 capere
532 1513 575 1552 et
613 1525 657 1552 se
696 1511 814 1565 sequi
851 1511 1012 1553 iubent.
1072 1511 1232 1551 Parent
1271 1525 1438 1567 omnes,
1477 1528 1527 1555 ex

191 1569 291 1610 aede
325 1568 486 1611 Sancus
525 1570 952 1624 armamentariisque
989 1569 1172 1624 publicis
1212 1584 1331 1611 arma
1366 1572 1526 1627 populo

189 1628 384 1669 Romano
424 1627 467 1669 C.
499 1628 636 1670 Mario
677 1629 849 1670 consule
888 1629 1169 1669 distribuente
1208 1628 1375 1672 dantur.
1445 1630 1528 1673 Hic

190 1686 293 1739 iam,
325 1690 373 1727 ut
405 1686 604 1728 omittam
637 1690 795 1741 cetera,
828 1687 877 1728 de
909 1690 952 1728 te
977 1688 1090 1742 ipso,
1122 1686 1318 1741 Labiene,
1350 1703 1526 1742 quaero:

191 1743 298 1785 Cum
320 1743 574 1786 Saturninus
596 1745 858 1800 Capitolium
884 1748 1049 1786 teneret
1075 1748 1278 1799 armatus,
1305 1750 1416 1788 esset
1440 1762 1525 1789 una
1545 1759 1577 1785 25

192 1802 235 1843 O.
274 1802 470 1856 Glaucia,
522 1803 564 1845 C.
605 1803 820 1858 Saufeius,
864 1805 993 1846 etiam
1039 1804 1113 1844 ille
1157 1817 1206 1843 ex
1250 1805 1524 1858 compedibus

191 1863 317 1914 atque
355 1862 573 1916 ergastulo
614 1862 849 1916 Gracchus,
894 1863 1064 1916 addam,
1107 1863 1309 1915 quoniam
1346 1864 1411 1905 ita
1449 1865 1526 1919 vis,

191 1919 339 1960 eodem
379 1918 426 1967 Q.
457 1919 709 1973 Labienum,
749 1924 950 1976 patruum
987 1924 1130 1973 tuum3
1167 1920 1213 1960 in
1248 1921 1342 1963 foro
1381 1926 1526 1965 autem

190 1976 235 2018 C.
267 1977 430 2018 Marius
463 1981 506 2018 et
536 1979 581 2019 L.
601 1979 799 2021 Valerius
830 1980 1005 2021 Flaccus
1037 1978 1241 2033 consules,
1272 1984 1372 2035 post
1403 1996 1523 2024 cunc-

189 2037 260 2076 tus
293 2039 478 2088 senatus,
510 2040 637 2090 atque
669 2038 741 2079 ille
774 2041 964 2092 senatus,
1002 2051 1127 2092 quem
1159 2038 1289 2079 etiam
1321 2055 1397 2081 vos
1428 2041 1524 2095 ipsi,
1543 2053 1577 2078 30

193 2094 264 2148 qui
295 2093 374 2134 hos
400 2098 543 2148 patres
571 2097 848 2151 conscriptos,
881 2097 952 2151 qui
976 2109 1088 2137 nunc
1114 2100 1226 2149 sunt,
1252 2097 1296 2138 in
1321 2098 1524 2140 invidiam

190 2152 366 2206 vocatis,
399 2167 481 2206 quo
513 2153 679 2195 facilius
713 2155 762 2195 de
794 2155 874 2197 hoc
905 2157 1056 2196 senatu
1088 2153 1309 2197 detrahere
1335 2158 1524 2211 possitis,

193 2212 362 2252 laudare
392 2213 657 2266 consuevistis,
690 2228 785 2254 cum
818 2216 1011 2268 equester
1044 2212 1145 2254 ordo
1182 2238 1232 2243 —
1267 2217 1312 2256 at
1344 2230 1524 2269 quorum

192 2269 400 2322 equitum,
430 2284 506 2323 pro
539 2270 581 2310 di
612 2270 894 2313 immortales!
931 2296 980 2301 —
1013 2271 1043 2324 ἢ*
1073 2272 1245 2324 patrum
1276 2276 1522 2317 nostrorum

192 2330 319 2381 atque
363 2328 452 2370 eius
497 2329 669 2382 aetatis,
721 2344 827 2383 quae
871 2333 962 2371 tum
1007 2343 1208 2384 magnam
1252 2335 1418 2386 partem
1461 2332 1523 2374 rei
1541 2343 1576 2369 35
