1619 2542
159 93 245 134 154
502 91 597 127 PRO
624 92 666 128 A.
695 90 930 126 CLUENTIO
958 89 1148 126 ORATIO.

157 189 332 244 Brutus,
365 203 488 244 quem
521 188 738 230 hominem
772 188 814 227 et
844 201 930 227 non
963 186 1101 227 solum
1136 200 1219 239 qua
1248 186 1503 240 eloquentia,

159 263 307 290 verum
346 248 476 289 etiam
515 261 598 302 quo
631 247 775 301 lepore
803 247 845 286 et
876 245 1029 299 quibus
1061 244 1229 286 facetiis
1260 244 1502 298 praeditum

159 307 415 360 lacessisset,
447 309 534 347 tres
567 306 659 360 ipse
694 303 895 345 excitavit
922 303 1172 345 recitatores
1199 317 1294 344 cum
1321 303 1501 359 singulis

161 366 342 419 libellis,
382 379 488 420 quos
527 364 584 405 M.
615 363 795 416 Brutus,
826 365 951 416 pater
982 362 1100 402 illius
1134 362 1411 416 accusatoris,
1452 362 1502 403 de

160 426 251 466 iure
296 425 412 466 civili
455 423 639 477 reliquit.
707 422 870 463 Eorum
914 421 1039 462 initia
1077 436 1173 462 cum
1210 420 1502 474 recitarentur,
1522 430 1538 456 5

160 499 210 526 ea
243 498 351 538 quae
383 482 504 524 vobis
538 484 641 523 nota
668 495 759 522 esse
786 480 989 521 arbitror:
1024 478 1198 520 ‘Forte
1231 480 1419 533 evenit,
1451 482 1505 520 ut

160 543 268 584 ruri
294 543 346 583 in
365 540 665 585 Privernati
685 553 909 580 essemus
931 553 1023 594 ego
1045 541 1093 579 et
1112 538 1305 579 Brutus
1325 537 1505 591 filius',

159 602 339 643 fundum
365 600 662 641 Privernatem
694 598 941 653 flagitabat,
975 597 1053 638 ‘In
1079 597 1280 638 Albano
1307 611 1504 638 eramus

162 675 255 716 ego
288 662 337 701 et
369 658 561 699 Brutus
593 657 775 710 filius',
814 657 1032 697 Albanum
1064 657 1286 711 poscebat,
1319 655 1395 696 tIn
1427 655 1505 696 Ti-

160 719 303 761 burti
345 718 482 760 forte
530 732 638 758 cum
678 715 1057 757 adsedissemus
1096 728 1188 770 ego
1227 717 1276 755 et
1313 713 1504 756 Brutus
1526 724 1558 749 10

161 776 343 831 filius',
376 776 601 818 Tiburtem
631 775 811 816 fundum
842 774 1104 828 requirebat3
1137 773 1319 814 Brutum
1351 775 1507 826 autem,

161 837 382 878 hominem
409 836 660 890 sapientem,
692 833 804 888 quod
830 833 909 874 filii
934 832 1172 887 nequitiam
1196 832 1372 885 videret,
1399 846 1505 886 quae

161 895 338 951 praedia
395 894 433 936 ei
482 894 759 948 relinqueret,
815 892 1039 933 testificari
1087 891 1275 933 voluisse
1326 891 1506 932 dicebat.

162 954 324 1003 Quodsi
361 953 575 1007 potuisset
613 952 792 993 honeste
831 951 1016 992 scribere
1055 964 1099 991 se
1136 950 1181 991 in
1211 949 1377 991 balneis
1410 963 1505 991 cum

162 1014 205 1054 id
238 1014 393 1055 aetatis
425 1012 515 1053 filio
547 1010 696 1064 fuisse,
728 1025 814 1051 non
845 1009 1139 1064 praeterisset3
1180 1023 1251 1049 eas
1285 1023 1329 1049 se
1359 1010 1507 1049 tamen
1527 1017 1558 1044 15

163 1073 217 1114 ab
251 1086 299 1113 eo
332 1071 509 1112 balneas
541 1084 628 1111 non
661 1084 710 1110 ex
742 1068 864 1109 libris
896 1068 1052 1123 patris,
1085 1067 1158 1109 secl
1190 1082 1241 1108 ex
1271 1067 1431 1108 tabulis
1464 1069 1507 1107 et

164 1145 214 1172 ex
256 1144 385 1172 censu
427 1142 642 1183 quaerere.
710 1126 890 1169 Crassus
932 1130 1025 1168 tum
1064 1126 1128 1167 ita
1164 1124 1349 1167 Brutum
1389 1126 1506 1166 ultus

165 1191 248 1243 est,
298 1191 346 1229 ut
395 1188 520 1228 illum
563 1186 830 1228 recitationis
875 1199 974 1226 suae
1018 1185 1275 1240 paeniteret,
1325 1184 1506 1225 moleste

165 1248 280 1289 enim
318 1246 504 1288 fortasse
541 1246 704 1287 tulerat
742 1259 786 1286 se
824 1244 867 1285 in
899 1244 951 1285 iis
985 1243 1251 1285 orationibus
1284 1242 1508 1297 reprehen-

166 1321 272 1360 sum,
305 1320 410 1360 quas
443 1305 493 1345 de
525 1318 570 1345 re
602 1303 775 1359 publica
805 1303 1040 1356 habuisset,
1071 1302 1116 1343 in
1143 1302 1296 1356 quibus
1322 1301 1508 1342 forsitan
1527 1311 1561 1336 20

96 1373 162 1405 142
178 1365 318 1420 magis
345 1363 589 1418 requiratur
614 1362 868 1404 constantia.
917 1361 1013 1416 Ego
1046 1363 1189 1402 autem
1220 1360 1296 1401 illa
1328 1360 1509 1401 recitata

165 1439 258 1466 esse
289 1437 376 1465 non
408 1422 590 1463 moleste
620 1421 724 1462 fero.
779 1420 930 1474 Neque
962 1419 1075 1461 enim
1108 1420 1161 1460 ab
1193 1419 1270 1460 illo
1302 1421 1509 1473 tempore,

166 1482 281 1538 quod
305 1484 399 1523 tum
425 1484 530 1535 erat,
555 1495 692 1534 neque
719 1480 773 1521 ab
800 1494 850 1520 ea
875 1493 1015 1533 causa,
1041 1493 1149 1532 quae
1174 1480 1266 1519 tum
1287 1478 1511 1533 agebatur,

166 1542 308 1584 aliena
343 1540 536 1593 fuerunt3
574 1553 710 1593 neque
749 1538 856 1579 mihi
893 1538 1119 1592 quicquam
1157 1537 1297 1578 oneris
1330 1537 1509 1590 suscepi,

167 1615 263 1642 cum
306 1600 392 1640 ista
436 1599 540 1653 dixi,
585 1612 668 1651 quo
712 1597 853 1638 minus
891 1597 1069 1638 honeste
1107 1595 1217 1637 hanc
1255 1609 1428 1636 causam
1466 1597 1509 1635 et
1528 1603 1560 1629 25

168 1659 302 1699 libere
341 1672 514 1712 possem
554 1656 789 1697 defendere.
851 1654 1011 1703 Quodsi
1041 1654 1171 1696 velim
1209 1653 1403 1695 confiteri
1440 1667 1507 1694 me

167 1731 342 1759 causam
374 1716 425 1757 A.
446 1715 617 1758 Cluenti
647 1730 759 1756 nunc
791 1728 1011 1769 cognosse,
1043 1715 1170 1754 antea
1200 1712 1332 1754 fuisse
1362 1712 1407 1752 in
1431 1711 1508 1752 illa

167 1775 367 1830 populari
395 1774 608 1829 opinione,
633 1774 727 1827 quis
754 1773 927 1814 tandem
952 1772 995 1813 id
1016 1772 1153 1826 possit
1171 1769 1508 1826 reprehendere?

167 1833 441 1888 praesertim,
484 1833 662 1885 iudices,
707 1847 803 1874 cum
843 1847 869 1872 a
910 1831 1033 1872 vobis
1075 1843 1242 1884 quoque
1281 1828 1387 1882 ipsis
1427 1828 1508 1870 hoc

168 1891 393 1946 impetrari
444 1892 499 1932 sit
544 1891 871 1945 aequissimum,
923 1888 1035 1943 quod
1079 1902 1158 1943 ego
1203 1889 1246 1928 et
1286 1887 1338 1928 ab
1383 1886 1508 1928 initio
1529 1896 1563 1922 30

169 1951 302 2006 petivi
330 1952 371 1990 et
395 1964 507 1990 nunc
533 1951 646 2004 peto,
678 1952 738 1999 ut,
765 1950 800 1990 si
827 1963 955 2003 quam
981 1947 1064 1988 huc
1089 1945 1329 2000 graviorem
1356 1945 1406 1986 de
1431 1945 1508 1986 illo

171 2008 327 2051 iudicio
360 2008 607 2062 opinionem
640 2008 862 2061 attulistis,
894 2007 1004 2047 hanc
1035 2019 1162 2046 causa
1192 2006 1416 2059 perspecta
1449 2006 1510 2045 at-

172 2083 252 2123 que
285 2067 403 2109 omni
434 2066 615 2107 veritate
647 2066 823 2120 cognita
854 2063 1090 2120 deponatis,

100 2123 157 2163 52
272 2125 409 2178 Nunc,
441 2125 645 2179 quoniam
672 2125 724 2165 ad
751 2124 905 2175 omnia,
938 2137 1046 2176 quae
1078 2121 1155 2163 abs
1186 2124 1230 2162 te
1262 2121 1374 2163 dicta
1399 2123 1510 2174 sunt,

103 2176 168 2206 143
184 2185 230 2226 T.
251 2184 366 2238 Acci,
399 2184 449 2225 de
475 2182 701 2238 Oppianici
727 2182 1011 2234 damnatione,
1042 2180 1254 2234 respondi,
1281 2180 1510 2221 confiteare
1529 2188 1563 2214 35

171 2257 343 2285 necesse
375 2245 441 2284 est
472 2244 515 2283 te
548 2241 790 2295 opinionem
824 2241 1007 2281 multum
1038 2238 1256 2292 fefellisse,
1288 2238 1401 2292 quod
1426 2237 1511 2278 exi—

173 2302 361 2344 stimaris
400 2315 467 2342 me
505 2313 678 2342 causam
716 2301 765 2341 A.
804 2298 972 2341 Cluenti
1008 2311 1096 2338 non
1132 2297 1247 2338 facto
1286 2298 1393 2350 eius,
1437 2295 1510 2337 sed
