1687 2533
230 86 316 128 392
609 85 701 121 PRO
729 85 769 121 L.
794 84 978 120 FLACCO
1007 84 1181 120 ORATIO

233 182 362 238 (quae
393 186 539 225 tamen
572 183 683 224 solet
716 196 806 223 esse
838 180 981 236 falsa),
1014 181 1087 223 sed
1117 180 1362 223 iracundiae
1388 196 1470 224 vox
1496 185 1571 224 aut

186 253 205 284 7
234 242 425 284 doloris?
468 241 528 283 Et
559 242 595 282 is
630 244 694 282 est
725 255 822 281 reus
856 240 1073 294 avaritiae,
1106 240 1178 294 qui
1209 240 1254 281 in
1284 240 1500 282 uberrima
1524 256 1570 282 re

232 304 358 367 turpe.
403 300 715 366 compendium,
762 299 806 339 in
849 299 1255 340 maledicentissima
1292 299 1484 352 civitate,
1525 300 1571 340 in

233 359 593 413 suspiciosissimo
632 357 807 413 negotio
840 358 1113 399 maledictum
1146 372 1287 411 omne,
1324 373 1411 399 non
1442 333 1567 400 niodo

232 419 391 460 crimen
419 418 597 472 effugit?
641 416 869 458 Praetereo
895 416 983 470 illa,
1017 431 1123 471 quae
1151 416 1460 470 praetereunda
1484 431 1569 458 non
1588 426 1606 453 5

233 480 351 530 sunt,
382 477 549 517 nullum
581 475 707 516 liuius
739 475 783 515 in
815 475 993 529 privatis
1026 475 1153 516 rebus
1184 474 1348 516 factum
1381 490 1569 529 avarum,

231 536 397 577 nullam
437 537 478 576 in
516 549 561 575 re
598 533 844 589 pecuniaria
881 534 1217 588 contentionem,
1256 534 1420 575 nullam
1450 534 1495 574 in
1525 549 1569 575 re

230 594 439 635 familiari
464 593 633 635 sordem
659 607 784 646 posse
810 592 1005 646 proferri.
1043 591 1206 641 Quibus
1232 592 1365 645 igitur
1385 593 1569 634 testibus

185 664 205 694 8
234 667 313 708 ego
347 653 474 694 hosce
507 667 683 706 possum
714 651 901 692 refutare
933 651 1015 692 nisi
1049 651 1199 693 vobis?
1256 651 1465 692 Tmolites
1497 651 1569 692 ille

231 712 424 765 vicanus,
468 711 597 752 homo
645 725 732 752 non
769 710 895 751 modo
932 710 1074 763 nobis,
1119 710 1192 751 sed
1229 724 1282 751 ne
1319 710 1432 751 inter
1469 724 1567 751 suos
1589 720 1622 745 1⁰

233 770 402 825 quidem
445 773 591 824 notus,
635 783 711 810 vos
757 768 943 822 docebit,
988 768 1126 823 qualis
1172 769 1230 810 sit
1272 767 1318 810 L.
1362 768 1568 810 Flaccus?

232 844 358 883 quem
409 843 484 870 vos
530 827 896 869 modestissimum
941 827 1275 881 adulescentem,
1325 827 1569 882 provinciae

233 888 446 929 maximae
479 886 799 929 sanctissimum
832 886 988 940 virum,
1020 886 1151 927 vestri
1185 886 1396 928 exercitus
1427 886 1569 927 fortis-

232 947 388 987 simum
421 946 622 999 militem,
660 944 1035 999 diligentissimum
1069 944 1235 998 ducem,
1273 944 1568 999 temperantis-

231 1006 386 1046 simum
419 1005 612 1059 legatum
641 1007 993 1058 quaestoremque
1014 1006 1318 1059 cognoverunt,
1345 1018 1469 1057 quem
1490 1018 1565 1045 vos
1588 1012 1621 1039 1⁵

230 1066 478 1118 praesentes
528 1062 924 1105 constantissimum
975 1065 1238 1116 senatorem,
1286 1062 1568 1103 iustissimum

231 1124 492 1177 praetorem,
532 1122 695 1175 [atque]
737 1121 1079 1162 amantissimum
1112 1121 1173 1161 rei
1205 1121 1401 1175 publicae
1433 1121 1568 1162 civem

231 1180 507 1222 iudicavistis.
552 1179 616 1221 De
643 1179 796 1234 quibus
825 1194 900 1220 vos
928 1180 1022 1220 aliis
1050 1182 1182 1220 testes
1203 1193 1292 1220 esse
1315 1179 1491 1233 debetis,
1518 1178 1567 1220 de

230 1239 283 1280 iis
310 1239 394 1293 ipsi
420 1239 528 1280 alios
554 1241 686 1279 testes
713 1238 923 1279 audietis?
962 1238 1022 1279 At
1048 1252 1154 1292 quos
1174 1238 1336 1279 testes?
1374 1237 1567 1278 Primum

231 1298 381 1351 dicam,
406 1297 449 1338 id
476 1297 588 1352 quod
609 1300 674 1338 est
694 1311 929 1350 commune,
955 1296 1161 1350 Graecos3
1189 1311 1274 1338 non
1295 1311 1376 1351 quo
1397 1296 1566 1337 nationi
1587 1306 1621 1330 ‘20

230 1357 328 1398 111116
360 1370 440 1412 ego
472 1370 581 1397 unus
614 1355 798 1397 maxime
830 1355 956 1397 fidem
989 1355 1199 1410 derogem.
1248 1354 1374 1404 Nam,
1406 1356 1442 1396 61
1474 1354 1568 1409 quis

230 1431 433 1470 umquam
479 1415 529 1456 de
566 1414 727 1456 nostris
765 1414 1010 1456 hominibus
1049 1429 1073 1455 a
1112 1428 1266 1469 genere
1303 1413 1388 1455 isto
1427 1413 1568 1454 studio

230 1489 279 1516 ac
311 1474 531 1516 voluntate
562 1488 649 1514 non
681 1473 917 1515 abhorrens
949 1473 1052 1526 fuit,
1091 1487 1156 1514 me
1183 1475 1225 1513 et
1257 1487 1348 1513 esse
1381 1472 1569 1514 arbitror

231 1536 275 1574 et
305 1533 445 1587 magis
480 1532 610 1573 etiam
642 1534 746 1585 tum,
779 1546 873 1573 cum
905 1532 1002 1586 plus
1035 1534 1128 1572 erat
1160 1531 1249 1585 otii,
1279 1531 1425 1572 fuisse.
1486 1529 1567 1572 Sed

232 1593 332 1633 sunt
368 1592 413 1632 in
450 1591 527 1632 1110
565 1605 742 1632 1111111610
776 1590 901 1631 multi
933 1590 1050 1641 boni,
1088 1590 1213 1643 docti,
1244 1590 1464 1644 pudentes,
1496 1590 1567 1644 qui
1588 1599 1622 1624 25

231 1650 284 1691 ad
321 1649 403 1691 hoc
439 1649 642 1691 iudicium
680 1649 848 1690 deducti
879 1664 965 1690 non
991 1652 1100 1700 sunt,
1132 1649 1257 1690 multi
1288 1647 1568 1703 impudentes,

230 1708 439 1761 illiterati,
472 1708 599 1762 leves,
631 1721 737 1762 quos
770 1707 900 1749 variis
928 1708 978 1748 (16
1004 1707 1142 1748 causis
1168 1707 1290 1748 video
1317 1706 1566 1748 concitatos.

230 1766 391 1807 Verum
431 1769 576 1807 tamen
617 1766 698 1808 1106
739 1766 832 1808 (1160
875 1766 924 1807 (16
965 1768 1058 1807 toto
1098 1779 1251 1821 genere
1290 1764 1567 1806 Graecorum:

231 1824 391 1866 Tribuo
423 1824 512 1866 illis
544 1825 723 1877 litteras,
756 1824 807 1866 do
841 1825 1072 1866 multarum
1104 1825 1258 1865 artium
1284 1823 1567 1877 disciplinam,

230 1897 317 1924 non
349 1883 489 1925 adimo
522 1884 730 1925 sermonis
764 1884 964 1937 leporem,
995 1883 1262 1937 ingeniorum
1290 1896 1478 1934 acumen,
1511 1881 1566 1922 di·
1587 1892 1621 1916 30

231 1941 353 1984 cendi
378 1941 560 1996 copiam,
591 1941 770 1996 denique
797 1942 940 1996 etiam,
966 1942 1002 1982 si
1028 1955 1135 1995 quae
1162 1940 1245 1981 sibi
1272 1940 1357 1981 alia
1383 1942 1566 1992 sumunt,

230 2015 316 2042 non
342 2013 554 2055 repugn03
580 2000 924 2041 testimoniorum
950 2000 1203 2054 religionem
1230 2001 1273 2040 et
1298 1999 1423 2039 fidem
1448 2013 1566 2040 num-

233 2074 361 2113 quam
393 2058 478 2100 ista
507 2057 626 2098 natio
660 2058 802 2113 coluit,
834 2059 1051 2112 totiusque
1083 2058 1257 2098 huiusce
1288 2056 1350 2097 161
1376 2071 1483 2111 quae
1510 2058 1567 2097 sit

161 2128 205 2159 10
232 2119 315 2170 vis,
361 2131 468 2171 quae
508 2116 759 2170 auctoritas,
797 2117 910 2171 quod
945 2116 1128 2171 pondus,
1164 2116 1378 2170 ignor-‚ant
1444 2114 1566 2157 Unde

230 2176 337 2217 illud
369 2178 452 2217 661·,;
487 2173 582 2216 ‘Da
614 2175 736 2215 mihi
768 2174 1124 2217 testimonium
1156 2172 1432 2215 mutuum’?
1464 2188 1562 2215 num
1586 2183 1620 2210 35

232 2233 472 2286 Gallorum,
512 2248 612 2274 num
652 2232 942 2287 Hispanorum
982 2232 1191 2287 putatur?
1259 2231 1415 2273 Totum
1452 2231 1567 2273 istud

231 2291 491 2334 Graecorum
530 2294 613 2340 est,
659 2293 708 2332 ut
749 2291 895 2346 etiam,
933 2291 1006 2346 qui
1044 2290 1202 2332 Graece
1239 2291 1451 2345 nesciunt,
1487 2290 1569 2332 hoc

176 1167 206 1248 <orb
