1687 2533
136 742 180 774 25

159 1841 185 1880 9

165 1891 186 1922 6

203 110 291 152 348
602 112 695 147 PRO
722 113 761 147 P.
790 111 941 146 SULLA
967 111 1157 147 ORATIO.

205 222 386 263 quorum
424 208 510 250 iam
543 209 622 261 [et]
654 223 810 250 nomen
842 210 885 249 et
915 208 1052 249 honos
1085 207 1344 249 inveteravit
1376 210 1419 249 et
1450 207 1548 249 urbi

203 267 304 309 huic
330 270 372 308 et
398 267 620 308 hominum
646 267 786 308 famae
814 281 862 308 ac
890 267 1171 321 sermonibus,
1198 281 1325 321 quam
1346 266 1427 307 tibi
1445 266 1547 307 illos

205 326 509 392 competitores
546 329 645 367 tuos
683 325 934 381 peregrinos
967 325 1102 367 videri
1133 339 1305 367 necesse
1338 325 1437 380 erit,
1475 325 1549 391 qui

204 386 292 426 iam
318 400 367 426 ex
392 387 487 426 tota
512 383 641 428 Italia
667 385 821 425 delecti
847 387 987 426 tecum
1015 384 1102 425 de
1092 398 1253 426 nonore
1280 398 1329 425 ac
1355 384 1405 425 de
1431 383 1548 425 omni

206 443 418 499 dignitate
469 443 742 484 contendent!
803 443 991 492 Quorum
1040 446 1089 484 tu
1139 457 1241 484 cave
1291 457 1547 498 quemquam

205 502 479 558 peregrinum
495 502 698 556 appelles,
718 516 770 543 116
785 502 1109 557 peregrinorum
1126 501 1341 558 suffragiis
1357 502 1550 543 obruare.

206 560 289 610 Qui
335 561 372 602 si
417 561 643 602 attulerint
679 575 832 602 nervos
872 564 914 602 et
951 561 1225 614 industriam,
1271 560 1378 602 mihi
1415 560 1551 614 crede,

207 620 422 661 excutient
468 620 550 661 tibi
587 620 718 661 istam
756 620 984 661 verborum
1022 620 1300 661 iactationem
1338 622 1381 661 et
1418 621 1462 660 te
1500 633 1550 660 ex

207 693 357 720 somno
391 693 518 733 saepe
551 679 799 720 excitabunt
828 693 905 720 nec
936 678 1156 733 patientur
1189 693 1233 720 36
1260 679 1337 720 abs
1369 681 1429 732 te,
1467 677 1552 719 nisi

207 737 366 779 virtute
412 738 656 792 vincentur,
699 737 861 779 honore
901 738 1105 790 superari.
1174 738 1238 778 Ac
1281 737 1334 791 si,
1377 737 1550 791 iudices,

207 796 360 838 ceteris
392 796 585 851 patriciis
617 811 685 837 me
711 799 754 838 et
780 810 855 838 vos
883 796 1132 851 peregrinos
1160 796 1295 838 videri
1321 798 1552 850 oporteret,

208 870 233 897 a
264 854 485 909 Torquato
517 858 663 896 tamen
690 855 770 896 hoc
796 855 951 896 vitium
978 855 1194 908 sileretur3
1229 858 1294 896 est
1321 855 1434 896 enim
1459 855 1552 909 ipse

208 929 233 955 6
270 916 464 955 materno
503 927 658 968 genere
697 913 985 968 municipalis,
1022 913 1317 955 honestissimi
1355 928 1404 955 ac
1434 913 1553 955 nobi·

206 972 362 1014 lissimi
388 972 569 1028 generis,
595 972 667 1013 sed
693 975 839 1013 tamen
865 972 1081 1014 Asculani.
1126 972 1216 1014 Aut
1241 973 1377 1028 igitur
1403 972 1553 1014 doceat

208 1030 395 1072 Picentis
440 1032 553 1072 solos
598 1045 685 1072 non
722 1045 813 1072 esse
850 1031 1099 1086 peregrinos
1139 1034 1213 1073 aut
1251 1031 1438 1086 gaudeat
1475 1045 1552 1072 suo

209 1089 358 1145 generi
404 1103 470 1130 me
509 1104 652 1130 meum
689 1104 776 1130 non
815 1092 1085 1143 anteponere.
1155 1090 1294 1139 Quare
1331 1105 1468 1145 neque
1505 1093 1554 1131 tu

210 1162 277 1189 me
314 1147 587 1204 peregrinum
624 1149 804 1203 posthac
843 1148 1018 1200 dixeris,
1055 1163 1108 1189 ne
1148 1149 1323 1204 gravius
1356 1149 1553 1202 refutere,

209 1221 345 1261 neque
383 1220 548 1261 regem,
592 1221 645 1248 ne
684 1206 914 1249 derideare.
981 1206 1079 1248 Nisi
1117 1207 1228 1249 forte
1268 1207 1432 1263 regium
1471 1207 1554 1248 tibi

209 1266 379 1307 videtur
415 1265 477 1306 ita
515 1265 674 1319 vivere,
711 1268 760 1306 ut
791 1280 878 1307 non
910 1266 1035 1307 modo
1067 1266 1233 1307 homini
1262 1266 1443 1319 nemini,
1480 1265 1552 1307 sed

208 1338 262 1365 ne
301 1323 526 1377 cupiditati
565 1324 736 1378 quidem
767 1325 845 1365 ulli
878 1324 1057 1379 servias,
1099 1327 1370 1366 contemnere
1403 1339 1551 1366 omnes

210 1382 422 1437 libidines,
452 1397 540 1424 non
572 1383 676 1436 auri,
707 1398 794 1424 non
823 1384 1002 1439 argenti,
1033 1398 1120 1425 non
1146 1386 1384 1425 ceterarum
1409 1398 1552 1424 rerum

209 1441 419 1496 indigere,
457 1441 502 1482 in
540 1444 691 1483 senatu
732 1442 890 1483 sentire
928 1442 1079 1496 libere,
1115 1442 1265 1497 populi
1303 1442 1441 1498 magis
1473 1442 1553 1483 uti-

210 1500 325 1541 litati
358 1501 579 1541 consulere
614 1515 741 1555 quam
767 1501 994 1555 voluntati,
1025 1501 1186 1542 nemini
1213 1501 1370 1554 cedere,
1403 1501 1552 1542 multis

211 1559 433 1600 obsistere.
496 1557 540 1600 Si
573 1559 654 1601 hoc
685 1562 813 1614 putas
841 1574 933 1601 esse
965 1560 1151 1615 regium,
1183 1575 1249 1601 me
1280 1574 1426 1616 regem
1459 1574 1552 1601 6336

211 1617 434 1670 confiteor3
474 1617 540 1659 sin
571 1620 614 1658 te
645 1618 840 1672 potentia
873 1633 984 1672 mea,
1017 1618 1053 1660 si
1086 1618 1339 1673 dominatio,
1371 1618 1408 1660 si
1439 1618 1551 1660 deni-

212 1690 293 1731 que
338 1676 511 1730 aliquod
556 1676 716 1718 dictum
760 1691 966 1732 arrogans
1008 1680 1082 1719 aut
1127 1678 1357 1731 superbum
1395 1680 1553 1731 movet,

212 1734 315 1789 quin
353 1737 401 1775 tu
438 1734 480 1775 id
517 1736 662 1789 potius
700 1736 866 1789 profers
907 1751 1035 1790 quam
1066 1736 1185 1777 verbi
1217 1736 1422 1777 invidiam
1454 1751 1553 1777 con—

211 1792 517 1846 tumeliamque
550 1794 800 1835 maledieti?

300 1850 394 1904 Ego
433 1851 566 1892 tantis
606 1867 630 1893 a
671 1868 738 1894 me
776 1853 991 1895 beneficiis
1029 1854 1073 1895 in
1110 1868 1156 1895 re
1196 1853 1366 1907 publica
1397 1853 1551 1907 positis

214 1911 250 1951 si
286 1910 452 1950 nullum
486 1910 602 1951 aliud
634 1911 740 1952 mihi
771 1912 1008 1966 praemium
1039 1912 1092 1953 ab
1126 1914 1277 1953 senatu
1307 1911 1552 1967 populoque
1571 1923 1585 1947 3

211 1969 406 2011 Romano
445 1968 530 2008 nisi
567 1969 798 2012 honestum
837 1971 973 2012 otium
1010 1970 1295 2025 postularem,
1333 1970 1427 2023 quis
1466 1985 1553 2012 non

212 2026 492 2070 concederet?
545 2026 636 2068 Sibi
667 2028 874 2070 haberent
905 2029 1101 2082 honores,
1134 2028 1216 2070 sibi
1247 2029 1438 2082 imperia,
1470 2029 1553 2070 sibi

212 2084 476 2140 provincias,
508 2085 590 2126 sibi
620 2086 874 2142 triumphos,
906 2088 989 2129 sibi
1021 2087 1104 2128 alia
1134 2087 1380 2141 praeclarae
1413 2087 1551 2129 laudis

213 2143 419 2199 insignia3
451 2143 557 2184 mihi
589 2143 734 2185 liceret
766 2145 855 2186 eius
887 2145 1024 2199 urbis,
1056 2160 1186 2199 quam
1218 2160 1552 2196 conservassem,

214 2204 445 2257 conspectu
482 2202 716 2256 tranquillo
756 2204 898 2245 animo
937 2206 981 2246 et
1018 2204 1160 2259 quieto
1191 2203 1287 2244 frui.
1351 2203 1477 2259 Quid,
1516 2204 1551 2246 31

213 2261 296 2303 1106
339 2275 427 2301 11011
466 2261 672 2316 postulo?
722 2262 757 2302 si
800 2262 873 2303 ille
917 2263 1041 2304 labor
1084 2276 1201 2303 meus
1247 2263 1471 2316 pristinus,
1516 2264 1552 2304 si

214 2319 480 2373 sollicitudo,
511 2319 548 2361 si
581 2318 733 2374 officia,
766 2320 802 2360 si
836 2335 1000 2376 operae,
1033 2321 1070 2361 si
1100 2320 1275 2375 vigiliae
1308 2321 1552 2363 deserviunt

1567 453 1585 479 5

1571 747 1606 773 10

1574 1041 1606 1068 15

1572 1336 1607 1361 20

1572 1628 1606 1654 25

1570 2215 1605 2240 35
