1619 2542
72 711 104 735 10

70 1587 102 1612 25

70 1879 103 1903 30

70 2169 103 2195 35

573 76 672 112 CAP.
701 80 790 111 7-9
817 80 835 118 ξ
866 80 906 111 14
920 81 1011 112 -18,
1374 78 1459 119 295

122 172 285 228 Operae
328 172 514 227 pretium
558 175 640 225 est,
683 175 826 227 patres
865 173 1114 227 conscripti,
1160 173 1461 215 libertinorum
1487 176 1512 217 8

121 231 342 273 hominum
375 231 516 272 studia
548 245 814 285 cognoscere,
848 231 920 286 qui
951 246 1028 273 sua
1053 232 1214 273 virtute
1240 232 1461 273 fortunam

123 290 250 332 huius
277 289 465 331 civitatis
499 290 716 331 consecuti
746 304 844 331 vere
870 291 978 331 hanc
1007 305 1127 331 suam
1154 305 1247 332 esse
1273 291 1461 344 patriam

123 349 323 402 iudicant,
356 363 485 403 quam
517 348 689 402 quidam
720 348 789 390 hic
820 349 924 403 nati,
956 351 999 390 et
1031 364 1197 391 summo
1229 349 1322 391 nati
1353 350 1461 404 1000,

124 422 211 449 11011
248 407 432 461 patriam
469 421 609 461 suam,
651 407 724 448 sed
761 407 912 448 urbem
948 407 1137 449 hostium
1179 422 1272 449 esse
1303 408 1459 450 iudica-

123 469 285 507 verunt.
330 464 411 506 Sed
443 466 544 520 quid
570 479 649 521 ego
682 465 809 507 hosce
841 466 1036 507 homines
1069 466 1322 522 ordinesque
1349 482 1460 508 com-

124 539 331 579 memoro,
369 538 475 579 quos
506 524 699 579 privatae
730 525 947 579 fortunae,
986 539 1091 579 quos
1123 525 1360 567 communis
1392 540 1459 567 res

123 583 306 638 publica,
339 597 445 637 quos
473 582 651 637 denique
677 583 867 637 libertas,
900 598 949 624 ea
976 598 1082 638 quae
1109 583 1356 625 dulcissima
1382 587 1459 638 est,

124 641 176 683 ad
219 642 402 683 salutem
444 641 608 696 patriae
653 641 959 683 defendendam
1001 642 1231 684 excitavit?
1303 641 1459 685 Servus

125 703 191 742 est
215 715 352 754 nemo,
379 700 452 755 qui
476 700 601 742 modo
628 701 843 741 tolerabili
870 700 1115 743 condicione
1143 701 1199 742 sit
1225 702 1460 754 servitutis,

124 758 196 813 qui
227 773 313 800 non
345 759 566 800 audaciam
592 759 748 800 civium
779 759 1095 814 perhorrescat,
1134 760 1206 814 qui
1235 774 1324 801 non
1354 761 1460 802 haec

124 820 237 859 stare
281 817 441 873 cupiat,
484 817 557 871 qui
599 832 686 859 non
730 819 954 870 [tantum],
1000 821 1206 873 quantum
1251 819 1378 860 audet
1417 822 1460 860 et

125 879 331 930 quantum
363 879 522 930 potest,
554 875 746 918 conferat
778 876 830 917 ad
861 891 1130 918 communem
1163 877 1358 932 salutem,
1389 892 1460 920 vo-

123 935 313 976 luntatis.
358 934 495 983 Quare
528 934 564 976 si
596 949 721 989 quem
746 938 936 977 vestrum
963 935 1074 977 forte
1100 939 1340 977 commovet
1366 936 1458 990 1100,

89 1004 103 1028 -·›
126 993 236 1047 quod
275 993 465 1034 auditum
497 996 580 1047 est,
612 993 809 1035 lenonem
843 994 1053 1048 quendam
1084 994 1256 1035 Lentuli
1289 1010 1460 1036 concur-

125 1065 217 1092 sare
257 1052 413 1093 circum
445 1052 665 1106 tabernas,
702 1053 840 1107 pretio
873 1067 1044 1107 sperare
1077 1053 1305 1095 sollicitari
1334 1068 1460 1108 posse

124 1110 287 1151 animos
327 1110 544 1165 egentium
586 1113 712 1165 atque
749 1111 1063 1166 imperitorum,
1102 1114 1168 1152 est
1207 1112 1251 1152 id
1289 1112 1459 1166 quidem

122 1171 320 1223 coeptum
353 1171 480 1224 atque
505 1172 776 1224 temptatum,
809 1170 882 1211 sed
912 1171 1019 1211 nulli
1051 1173 1151 1212 sunt
1181 1170 1343 1211 inventi
1368 1173 1459 1211 tam

123 1229 197 1268 aut
221 1227 396 1269 fortuna
421 1228 566 1269 miseri
594 1230 668 1269 aut
687 1230 908 1270 voluntate
935 1228 1102 1283 perditi,
1129 1229 1201 1283 qui
1228 1244 1315 1270 non
1335 1229 1459 1270 illum

122 1286 263 1340 ipsum
295 1287 423 1327 sellae
457 1289 585 1341 atque
612 1287 752 1341 operis
780 1289 822 1327 et
848 1291 1050 1341 quaestus
1079 1287 1281 1328 cotidiani
1307 1289 1459 1341 locum,

123 1344 194 1397 qui
230 1358 316 1385 non
357 1344 494 1386 cubile
533 1359 581 1387 ac
618 1345 819 1386 lectulum
859 1360 1000 1399 suum,
1047 1345 1119 1399 qui
1157 1345 1336 1399 denique
1373 1361 1459 1387 non

122 1416 292 1443 cursum
328 1402 441 1443 hunc
479 1403 664 1444 otiosum
702 1403 816 1444 vitae
854 1418 954 1444 suae
993 1404 1156 1444 salvum
1188 1417 1280 1444 esse
1312 1404 1458 1445 velint.

121 1459 258 1501 Multo
290 1475 390 1501 vero
424 1461 609 1502 maxima
641 1476 740 1515 pars
767 1476 924 1514 eorum,
958 1462 1029 1515 qui
1060 1461 1105 1502 in
1130 1461 1320 1502 tabernis
1348 1465 1458 1515 sunt,

121 1518 252 1560 immo
293 1533 392 1560 vero
429 1519 489 1570 (id
520 1519 633 1560 enim
664 1519 806 1573 potius
839 1522 904 1560 est
935 1519 1178 1575 dicendum)
1211 1533 1343 1574 genus
1375 1520 1457 1562 1100

123 1577 364 1618 universum
404 1577 743 1618 amantissimum
784 1580 849 1619 est
886 1578 974 1619 otii.
1035 1578 1207 1619 Etenim
1240 1593 1364 1619 omne
1395 1579 1458 1619 in·

124 1638 427 1689 strumentum,
467 1636 603 1677 omnis
643 1650 771 1689 opera
810 1639 936 1689 atque
976 1639 1178 1690 quaestus
1217 1637 1458 1690 frequentia

123 1693 277 1734 civium
318 1696 599 1748 sustentatur,
643 1694 772 1735 alitur
811 1695 916 1749 oti03
963 1709 1143 1749 quorum
1181 1696 1216 1736 si
1254 1698 1456 1750 quaestus

123 1752 302 1794 occlusis
345 1752 534 1793 tabernis
580 1752 715 1793 minui
753 1751 880 1807 solet,
925 1753 1025 1808 quid
1063 1753 1236 1794 tandem
1273 1754 1456 1795 incensis

121 1810 311 1851 futurum
341 1811 452 1852 fuit?

1489 947 1530 979 17

210 1867 326 1917 Quae
358 1884 454 1910 cum
485 1870 545 1910 ita
578 1870 674 1923 sint,
706 1872 846 1924 patres
880 1870 1121 1925 conscripti,
1151 1871 1274 1912 vobis
1306 1871 1454 1926 populi
1469 1857 1526 1938 (ῗέ

122 1925 305 1968 Romani
335 1927 547 1981 praesidia
571 1942 654 1969 non
688 1928 858 1982 desunt3
891 1943 967 1970 vos
998 1943 1050 1969 ne
1076 1930 1233 1983 populo
1260 1929 1454 1970 Romano

124 1984 267 2025 deesse
310 1986 556 2039 videamini,
606 1986 836 2040 providete.
908 1987 1088 2029 Habetis
1139 1988 1354 2029 consulem
1406 2002 1456 2028 ex
1482 1989 1507 2028 9

122 2042 317 2095 plurimis
361 2044 560 2098 periculis
606 2047 648 2085 et
685 2044 851 2086 insidiis
890 2048 1016 2099 atque
1055 2061 1104 2087 ex
1141 2046 1280 2087 media
1317 2049 1454 2087 morte

122 2115 207 2141 non
246 2101 297 2142 ad
334 2103 466 2143 vitam
505 2117 643 2156 suam,
682 2103 753 2144 sed
792 2103 844 2144 ad
882 2103 1062 2145 salutem
1101 2108 1287 2146 vestram
1324 2118 1456 2145 reser-

123 2161 280 2200 vatum.
318 2159 474 2201 Omnes
501 2160 668 2202 ordines
696 2161 748 2202 ad
774 2163 1105 2204 conservandam
1130 2177 1219 2204 rem
1238 2162 1456 2217 publicam

123 2219 280 2271 mente,
322 2218 562 2272 voluntate,
608 2219 765 2273 studio,
807 2219 981 2275 virtute,
1029 2235 1131 2263 voce
1175 2221 1456 2262 consentiunt.

123 2274 308 2316 Obsessa
350 2276 512 2318 facibus
556 2280 599 2318 et
641 2277 739 2318 telis
782 2277 939 2333 impiae
983 2279 1287 2321 coniurationis
1331 2278 1454 2320 vobis
