1619 2542
78 1439 121 1470 22

94 1721 120 1761 9

149 105 232 147 196
454 105 517 140 DE
543 104 667 140 LEGE
694 103 908 139 AGRARIA
934 103 1112 139 ORATIO
1139 103 1184 139 ΙΙ.

148 202 248 243 dum
279 200 561 256 reprehend03
593 200 714 241 video
740 200 891 241 fecisse
919 199 1045 253 alios,
1075 199 1193 253 illud,
1224 199 1335 253 quod
1360 215 1482 241 nemo

146 260 265 314 fecit,
302 260 353 301 de
391 260 554 300 minore
592 262 714 314 parte
746 258 911 313 populi,
950 273 1032 312 quo
1064 258 1295 311 pertineat,
1333 258 1483 300 videte.

146 318 338 360 Habebit
375 318 565 369 comitia,
609 318 724 358 volet·
761 331 832 358 eos
870 316 1134 371 renuntiare,
1176 317 1329 372 quibus
1366 317 1484 372 regia

147 380 340 431 potestas
386 377 467 417 hac
504 376 599 433 lege
638 376 873 429 quaeritur,
915 376 1113 416 universo
1152 375 1311 430 populo
1348 389 1483 430 neque

147 436 240 490 ipse
272 435 503 477 committit
534 448 668 487 neque
700 434 767 474 illi
797 433 951 475 horum
985 434 1257 475 consiliorum
1290 436 1483 475 auctores

149 494 360 535 committi
396 496 510 534 recte
548 495 702 546 putant
740 507 876 547 posse.
946 491 1158 534 Sortietur
1195 492 1334 533 tribus
1372 492 1484 534 idem

147 553 312 594 Rullus.
373 551 515 593 Homo
547 551 650 592 felix
681 551 841 605 educet,
873 565 978 604 quas
1010 551 1137 605 volet,
1168 551 1319 592 tribus.
1369 550 1483 599 Quos

148 626 300 652 novem
350 610 489 651 tribus
535 609 796 651 decemviros
840 609 1020 651 fecerint
1064 609 1117 650 ab
1163 609 1310 651 eodem
1354 609 1483 651 Rullo

149 670 342 721 eductae,
372 669 451 709 hos
485 669 676 709 omnium
701 683 860 722 rerum,
891 671 940 709 ut
970 668 1056 709 iam
1087 668 1321 722 ostendam,
1354 668 1484 709 domi-

146 742 224 769 nos
256 728 521 768 habebimus.
566 727 708 781 Atque
740 727 798 781 hi,
828 729 876 767 ut
907 727 1022 782 grati
1054 741 1102 768 ac
1127 741 1335 768 memores
1360 726 1484 768 bene-

147 787 232 827 ficii
271 800 362 827 esse
399 786 639 839 videantur,
677 785 838 839 aliquid
877 799 920 826 se
956 800 1110 827 novem
1146 786 1336 826 tribuum
1367 785 1482 827 notis

147 845 393 886 hominibus
433 844 585 885 debere
624 844 958 898 confitebuntur,
995 844 1169 898 reliquis
1201 858 1301 885 vero
1337 857 1409 885 sex
1441 847 1483 885 et

147 916 211 944 XX
253 903 451 944 tribubus
494 902 603 943 nihil
648 902 728 943 erit
772 902 884 956 quod
926 917 1012 944 non
1055 905 1206 957 putent
1244 916 1368 956 posse
1407 917 1482 944 suo

147 963 237 1002 iure
289 976 333 1002 se
378 961 599 1016 denegare.
672 959 786 1008 Quos
830 961 1002 1001 tandem
1045 961 1178 1016 igitur
1222 961 1482 1002 decemviros

148 1020 240 1061 fieri
276 1020 397 1061 vult‘?
460 1017 511 1060 Se
550 1019 748 1074 primum.
810 1018 890 1067 Qui
922 1020 1052 1060 licet?
1063 996 1206 1075 ἶ16εὲ68
1239 1019 1350 1060 6111111
1384 1023 1483 1060 sunt

148 1081 330 1132 veteres,
367 1092 502 1132 neque
542 1092 614 1118 eae
653 1077 917 1131 consulares,
957 1078 992 1118 si
1031 1056 1157 1131 quidU
1162 1078 1370 1119 interesse
1401 1077 1481 1119 hoc

149 1136 430 1189 arbitramini,
457 1135 530 1176 sed
555 1136 807 1177 tribuniciae
833 1136 954 1177 vobis
981 1136 1298 1190 maioribusque
1325 1137 1481 1177 vestris

147 1195 421 1236 vehementer
453 1197 602 1249 gratae
635 1197 762 1248 atque
793 1194 1016 1248 iucundae3
1049 1193 1213 1235 Licinia
1244 1196 1309 1235 est
1340 1194 1408 1235 lex
1440 1198 1482 1236 et

149 1253 284 1294 altera
315 1253 519 1306 Aebutia,
558 1267 663 1307 quae
701 1267 787 1294 non
823 1252 949 1294 modo
987 1267 1100 1305 eum,
1138 1253 1210 1307 qui
1251 1253 1399 1293 tulerit
1431 1253 1480 1293 de

148 1312 292 1365 aliqua
323 1311 541 1353 curatione
574 1326 622 1352 ac
647 1313 872 1365 potestate,
906 1310 979 1352 sed
1005 1311 1135 1352 etiam
1161 1311 1350 1366 collegas
1378 1311 1480 1364 eius,

147 1372 366 1425 cognatos,
399 1369 549 1411 adfinis
583 1369 750 1424 excipit,
780 1384 833 1411 116
865 1369 925 1410 eis
957 1384 1006 1411 ea
1040 1371 1230 1422 potestas
1263 1369 1480 1411 curatiove

148 1429 382 1470 mandetur.
444 1428 617 1469 Etenim
657 1429 693 1468 si
732 1428 891 1482 populo
931 1428 1138 1481 consuliS,
1175 1441 1346 1469 remove
1383 1430 1426 1469 te
1458 1443 1482 1469 a

148 1487 387 1542 suspicione
432 1487 609 1528 alicuius
653 1487 717 1527 tui
755 1486 983 1539 commodi,
1026 1486 1092 1527 fac
1128 1486 1255 1527 fidem
1294 1489 1338 1527 te
1375 1486 1482 1527 nihil

146 1546 230 1586 nisi
273 1546 421 1600 populi
465 1545 697 1586 utilitatem
735 1548 778 1586 et
813 1545 999 1586 fructum
1038 1559 1256 1599 quaerere,
1301 1545 1391 1586 sine
1430 1545 1480 1586 ad

148 1604 254 1645 alios
280 1606 551 1657 potestatem,
584 1604 637 1645 ad
662 1606 705 1645 te
731 1604 915 1658 gratiam
941 1604 1134 1645 beneficii
1159 1603 1222 1644 tui
1246 1604 1478 1658 pervenire.
1517 1616 1532 1641 5

147 1661 260 1703 Nam
292 1662 372 1703 hoc
405 1662 575 1716 quidem
600 1662 671 1703 vix
703 1665 768 1703 est
800 1662 923 1704 liberi
954 1663 1112 1717 populi,
1144 1662 1214 1703 vix
1240 1664 1478 1703 vestrorum

149 1720 385 1761 animorum
413 1735 460 1761 ac
487 1721 838 1774 maonificentiae.
885 1719 987 1768 Quis
1008 1721 1147 1775 legem
1166 1720 1296 1761 tulit?
1315 1719 1480 1761 Rullus.

148 1777 250 1826 Quis
301 1779 505 1819 maiorem
554 1782 719 1833 partem
769 1779 916 1834 populi
966 1779 1181 1834 suffragiis
1231 1778 1479 1831 prohibuit?

147 1836 310 1877 Rullus.
355 1835 457 1884 Quis
485 1837 667 1878 comitiis
689 1837 886 1891 praefuit,
912 1838 1006 1902 quis
1026 1837 1176 1889 tribus,
1203 1850 1308 1890 quas
1329 1837 1477 1889 voluit,

147 1895 316 1936 vocavit
347 1895 464 1935 nullo
497 1896 670 1937 custode
703 1896 899 1949 sortitus,
932 1895 1026 1949 quis
1059 1895 1340 1948 decemviros,
1373 1909 1478 1949 quos

147 1953 299 2005 voluit,
335 1953 623 1994 ienuntiavit‘>
689 1953 807 1995 Idem
843 1954 1005 1995 Rullus.
1075 1951 1215 2018 Quem.
1244 1953 1480 2008 principem

148 2011 437 2052 renuntiavit?
489 2011 676 2052 Rullum.
721 2012 805 2053 Vix
837 2012 1074 2053 mehercule
1106 2011 1240 2052 servis
1272 2011 1353 2053 hoc
1384 2026 1480 2053 eum

148 2070 252 2123 suis,
288 2083 375 2110 non
411 2070 527 2110 modo
563 2070 684 2111 vobis
726 2071 915 2112 omnium
947 2069 1140 2125 gentium
1173 2069 1354 2112 dominis
1386 2085 1480 2125 pro-

146 2128 347 2169 baturum
379 2127 576 2169 arbitror.
618 2127 826 2182 Optumae
859 2129 974 2183 leges
1005 2128 1138 2181 igitur
1164 2127 1243 2169 hac
1269 2128 1364 2184 lege
1390 2129 1479 2170 sine

146 2187 236 2227 ulla
281 2185 527 2240 exceptione
570 2186 796 2241 tollentur3
839 2187 951 2228 idem
995 2186 1090 2241 lege
1129 2186 1211 2227 sibi
1250 2201 1326 2228 sua
1363 2202 1478 2228 cura-

148 2245 309 2285 tionem
357 2246 492 2298 petet,
540 2243 651 2284 idem
705 2246 863 2287 maiore
906 2246 1029 2299 parte
1073 2245 1220 2299 populi
1264 2245 1478 2300 suffragiis

148 2303 333 2356 spoliata
370 2301 541 2343 comitia
577 2302 771 2357 habebit,
810 2317 915 2358 quos
946 2303 1078 2356 volet,
1116 2306 1242 2357 atque
1274 2304 1319 2344 in
1349 2303 1402 2345 iis
1435 2317 1478 2345 se

1503 445 1519 471 5

1504 738 1537 763 10

1503 1031 1535 1056 15

1501 1324 1532 1348 20

1499 1908 1532 1933 30

1498 2198 1532 2224 35
