1687 2533
411 596 473 642 Μ.
513 595 700 642 TULLI
740 594 1065 643 CICERONIS

70 705 164 760 DE
196 705 388 759 DOMO
425 703 555 760 SUA
589 704 684 760 AD
711 704 1115 771 PONTIFICES
1142 704 1411 760 ORATIO.

539 890 930 930 ARGUMENTUM.

166 969 369 1011 Postquam
388 967 436 1002 M.
453 967 583 1003 Cicero
609 969 696 1012 post
722 968 927 1003 discessum
953 980 1059 1002 suum
1078 969 1273 1013 pristinam
1294 968 1413 1013 digni-

70 1017 189 1050 tatem
226 1016 435 1059 receperat,
484 1014 647 1049 nondum
682 1017 809 1050 tamen
846 1017 925 1060 ipse
963 1016 1032 1050 sibi
1070 1016 1180 1061 plane
1218 1016 1413 1050 restitutus

70 1063 283 1105 videbatur,
309 1062 381 1096 nisi
408 1062 521 1096 etiam
549 1062 679 1097 domus
706 1061 744 1096 in
770 1062 934 1105 Palatio,
962 1074 1055 1106 quae
1081 1063 1119 1097 in
1146 1063 1222 1098 eius
1249 1064 1413 1098 discessu

71 1120 92 1143 a
124 1111 162 1145 P.
192 1108 320 1144 Clodio
359 1108 395 1143 vi
434 1108 572 1143 coactis
604 1109 814 1144 hominibus
849 1110 973 1144 deleta
1005 1112 1042 1144 et
1073 1110 1255 1145 Libertati
1287 1121 1412 1144 conse-

71 1158 174 1191 crata
200 1158 296 1199 erat,
322 1155 581 1191 restitueretur
608 1160 654 1199 (v.
676 1156 783 1200 epist.
812 1156 869 1191 ad.
896 1156 982 1191 fam.
1010 1157 1095 1191 XIV
1121 1162 1152 1193 2.
1180 1160 1230 1202 3).
1283 1157 1413 1201 Itaque

69 1214 143 1238 non
170 1203 318 1237 destitit
344 1214 366 1237 a
392 1206 522 1238 senatu
548 1203 737 1248 flagitare,
769 1206 810 1238 ut
836 1204 908 1238 ista
935 1204 1163 1239 consecratio
1190 1216 1298 1239 areae
1326 1215 1414 1238 suae

69 1250 264 1285 tolleretur
296 1249 440 1294 sibique
474 1250 602 1284 domus
629 1250 897 1285 restitueretur.
948 1251 980 1284 A
1007 1252 1139 1285 senatu
1165 1262 1223 1286 res
1250 1253 1332 1286 erat
1356 1262 1413 1285 re-

70 1298 169 1332 iecta
205 1297 252 1331 ad
283 1297 494 1341 pontifices,
535 1297 634 1342 apud
667 1308 757 1341 quos
790 1308 867 1332 rem
900 1309 1004 1332 suam
1037 1299 1157 1332 oravit
1186 1298 1233 1332 M.
1268 1298 1413 1333 Tullius

72 1344 192 1388 pridie
218 1344 407 1378 Kalendas
434 1344 614 1378 Octobres
641 1355 737 1378 anno
763 1357 797 1379 u.
825 1355 854 1378 c.
882 1349 948 1379 697
977 1350 1022 1387 (v.
1043 1345 1151 1389 epist.
1173 1345 1220 1379 ad
1245 1345 1413 1379 Atticum

70 1390 121 1424 IV
148 1395 180 1425 ⁶2.
208 1395 248 1433 2,
280 1391 351 1425 Pis.
379 1395 433 1425 22.
463 1395 525 1433 52,
558 1391 658 1425 Cass.
685 1390 766 1426 Dio.
794 1391 948 1425 XXXIX
976 1393 1051 1435 11),
1085 1393 1122 1426 et
1155 1403 1236 1426 cum
1263 1392 1343 1436 ipse
1370 1402 1413 1426 eo

72 1438 131 1472 die
167 1448 310 1472 summa
335 1437 572 1472 contentione
600 1437 755 1472 dixisset
780 1438 933 1481 eiusque
960 1449 1102 1472 summa
1127 1440 1206 1473 arte
1231 1439 1414 1473 meditata

72 1484 192 1519 oratio
226 1484 375 1527 fuisset,
406 1485 540 1528 postea
573 1485 778 1519 orationem
805 1485 919 1519 etiam
946 1485 1193 1529 conscriptam
1220 1486 1339 1520 edidit
1365 1488 1412 1530 (v.

72 1533 178 1576 epist.
208 1532 254 1565 ad
280 1531 356 1566 Att.
385 1531 407 1566 l.
430 1533 485 1575 c.).
534 1530 650 1572 Quam
677 1532 723 1566 ob
750 1543 826 1566 rem
853 1532 1018 1566 dubitari
1042 1532 1152 1576 plane
1178 1543 1252 1567 non
1277 1533 1413 1577 potest,

72 1579 161 1622 quin
190 1578 303 1621 haec,
337 1589 430 1622 quae
462 1578 558 1613 infra
588 1579 742 1623 legitur,
776 1579 910 1622 oratio,
943 1579 982 1612 id
1014 1579 1112 1622 quod
1145 1581 1182 1614 et
1212 1580 1414 1614 multorum

72 1626 398 1670 grammaticorum
438 1625 510 1659 Ioci
549 1627 734 1660 testantur
766 1627 803 1660 et
834 1627 916 1670 ipsa
949 1625 1114 1669 loquitur
1147 1626 1266 1661 oratio
1301 1627 1414 1672 plane

72 1672 244 1707 Tulliano
271 1684 371 1708 more
399 1672 583 1716 modoque
610 1673 828 1716 conscripta,
856 1673 973 1716 ipsius
995 1672 1182 1708 Ciceronis
1203 1674 1252 1708 sit
1271 1677 1309 1708 et
1327 1685 1412 1717 non,

70 1722 113 1754 ut
140 1719 306 1764 argutius
334 1731 444 1763 quam
464 1721 585 1754 verius
612 1720 713 1754 acuti
739 1720 794 1754 illi
821 1719 970 1763 quidem
991 1720 1170 1763 homines,
1198 1720 1262 1755 sed
1281 1732 1412 1765 parum

72 1767 295 1801 considerati
323 1766 603 1809 contenderunt,
632 1767 786 1801 alicuius
814 1767 1074 1801 declamatoris
1102 1768 1269 1802 subiecta
1288 1778 1411 1812 opera.

70 1813 209 1849 Notum
235 1815 359 1848 autem
387 1815 443 1848 est
467 1813 663 1857 pontifices
690 1813 810 1857 magis
833 1813 1034 1848 secundum
1055 1813 1268 1849 Ciceronem
1290 1815 1413 1849 decre-

70 1861 168 1895 visse
215 1860 321 1905 eique
369 1860 585 1905 pontificum
623 1861 846 1896 auctoritate
886 1861 998 1895 etiam
1037 1872 1059 1895 a
1097 1863 1226 1896 senatu
1264 1861 1413 1897 domum

71 1909 203 1952 postea
227 1909 439 1942 restitutam
466 1918 544 1942 esse
573 1910 619 1952 (v.
648 1908 754 1952 epist.
782 1907 829 1941 ad
855 1908 1020 1942 Atticum
1047 1907 1096 1942 IV
1123 1913 1153 1943 2.
1182 1913 1202 1943 3
1230 1910 1334 1953 sqq.).

163 2119 267 2162 Cum
292 2121 428 2162 multa
449 2120 665 2174 divinitus,
690 2121 928 2175 pontifices,
955 2137 978 2163 a
998 2121 1232 2163 maioribus
1251 2120 1412 2162 nostris

72 2178 249 2220 inventa
295 2181 421 2232 atque
464 2179 663 2220 instituta
702 2182 819 2233 sunt⁷
863 2182 956 2221 tum
993 2180 1103 2221 nihil
1140 2179 1413 2234 praeclarius,

74 2251 202 2291 quam
250 2238 360 2291 quod
400 2237 570 2278 eosdem
612 2241 653 2279 et
694 2237 975 2292 religionibus
1022 2239 1196 2279 deorum
1241 2237 1413 2279 immor-

73 2295 225 2337 talium
272 2298 313 2336 et
361 2310 550 2337 summae
594 2297 655 2337 rei
699 2296 895 2350 publicae
939 2310 1135 2351 praeesse
1173 2295 1412 2350 voluerunt,
