1619 2542
96 353 124 435 »3210

151 95 234 136 180
461 95 527 130 DE
555 94 677 130 LEGE
703 95 922 129 AGRARIA
949 94 1127 130 ORATIO
1153 95 1179 130 1.

147 192 248 233 illos
278 191 540 233 fortissimos
573 191 701 245 viros,
733 190 805 244 qui
837 190 951 244 apud
982 190 1164 232 maiores
1195 192 1368 232 nostros
1400 190 1486 232 fue·

148 252 266 303 runt,
313 250 444 304 quod,
488 264 596 304 quae
642 249 873 302 vectigalia
914 249 1002 290 illis
1041 249 1287 290 consulibus
1324 250 1484 304 populo

150 309 344 350 Romano
370 311 497 363 parta
524 310 635 360 sunt,
669 322 718 349 ea
744 322 810 348 1110
837 307 1010 349 0011311Ῑο
1036 322 1089 349 110
1114 307 1289 349 retineri
1315 308 1485 361 quidem

150 367 341 422 potuisse
373 367 686 408 iudicabimtur.
736 366 897 407 Vendit
927 365 1080 407 Italiae
1110 366 1403 421 possessiones
1435 381 1486 408 ex

150 426 297 467 ordine
330 440 489 467 omnes.
546 423 655 466 Sane
688 427 754 466 est
785 425 829 466 in
862 439 910 465 eo
944 425 1146 480 diligens;
1176 425 1342 466 nullam
1374 425 1485 466 enim

149 484 469 539 praetermittit.
529 481 807 537 Persequitur
845 483 890 524 in
920 484 1081 524 tabulis
1113 484 1315 525 censoriis
1350 487 1487 525 totam

150 543 362 596 Siciliam,
404 542 572 586 nullum
617 542 873 595 aedificium,
915 543 1058 583 nullos
1103 556 1231 598 agros
1274 542 1487 597 relinquit.

149 601 345 642 Audistis
378 600 617 642 auctionem
650 601 799 655 populi
824 600 1010 642 Romani
1040 601 1326 656 proscriptam
1359 616 1383 643 a
1414 602 1487 642 tri-

149 660 264 701 buno
306 659 462 714 plebis,
499 659 780 700 constitutam
820 659 865 700 in
904 674 1094 700 mensem
1131 659 1395 713 Ianuarium,
1433 662 1487 713 et,

149 718 291 772 credo,
328 733 413 759 non
447 718 672 772 dubitatis,
716 718 819 772 quin
848 718 1005 759 idcirco
1037 718 1142 759 haec
1175 718 1329 759 aerarii
1359 733 1488 760 causa

149 792 234 818 non
270 776 538 817 vendiderint
575 776 623 829 ii,
666 778 737 830 qui
776 777 907 818 armis
946 779 989 817 et
1025 777 1183 817 virtute
1221 780 1487 832 pepererunt,

147 838 196 876 ut
228 838 359 886 esset,
392 835 505 890 quod
535 850 614 876 nos
646 835 891 890 largitionis
924 850 1053 876 causa
1083 835 1374 877 venderemus.

238 894 390 935 Videte
433 909 562 946 1111110,
614 908 696 948 quo
741 894 956 935 adfectent
999 895 1081 935 iter
1124 894 1314 948 apertius
1359 909 1487 949 quam

150 956 288 994 antea.
349 952 462 993 Nam
499 952 716 1006 superiore
754 956 876 1006 parte
914 952 1022 1008 legis
1063 967 1188 1006 quem
1227 952 1280 994 ad
1314 953 1487 994 modum

148 1011 401 1076 Pompeium
428 1013 740 1065 oppugnarent,
770 1026 795 1051 a
820 1025 886 1052 me
912 1011 1087 1052 indicati
1114 1013 1230 1065 sunt·
1263 1026 1375 1053 nunc
1399 1011 1487 1052 iam

150 1085 193 1111 30
235 1069 319 1124 ipsi
350 1069 613 1110 indicabunt
675 1069 829 1110 Iubent
861 1070 1003 1110 venire
1035 1083 1163 1124 agros
1195 1069 1487 1111 Attalensium

150 1132 276 1182 atque
314 1128 651 1193 Olympenorum
689 1126 785 1182 (hos
823 1128 982 1182 populo
1015 1128 1209 1169 Romano
1241 1128 1290 1170 P.
1322 1127 1487 1195 Servili,

149 1186 376 1228 fortissimi
418 1186 516 1239 viri,
567 1186 748 1227 victoria
800 1184 1031 1241 adiunxit),
1081 1186 1230 1227 deinde
1274 1200 1400 1242 agros
1442 1187 1488 1228 in

150 1245 399 1286 Macedonia
440 1245 602 1309 regios,
648 1245 719 1299 qui
757 1245 914 1298 partim
953 1244 999 1285 T.
1037 1244 1285 1298 Flaminini,
1300 1223 1487 1299 ζ,1131151111

149 1304 194 1344 L.
225 1303 366 1357 Pauli,
405 1303 476 1356 qui
507 1302 666 1344 Persen
697 1303 819 1357 vicit,
850 1303 1008 1344 virtute
1039 1303 1155 1357 parti
1188 1306 1305 1357 sunt,
1338 1303 1486 1345 deinde
1507 1318 1521 1341 2

150 1376 301 1417 agrum
339 1361 550 1426 optimum
588 1363 630 1402 et
666 1361 1056 1403 fructuosissimum
1088 1360 1376 1416 Corinthium,
1415 1362 1487 1416 qui

150 1420 195 1461 L.
226 1420 407 1462 Mummi
444 1419 624 1474 imperio
663 1435 713 1461 ac
748 1420 951 1462 felicitate
990 1420 1042 1461 ad
1073 1420 1304 1475 vectigalia
1341 1421 1487 1475 populi

150 1478 332 1521 Romani
364 1478 589 1520 adiunctus
622 1481 706 1532 est,
738 1481 837 1532 post
874 1481 1018 1520 autem
1050 1492 1177 1533 agros
1208 1479 1254 1519 in
1279 1479 1488 1545 Hispania

151 1538 263 1592 apud
297 1536 605 1591 Carthaginem
642 1552 799 1578 novam
837 1537 1017 1578 duorum
1049 1535 1295 1591 Scipionum
1334 1538 1488 1580 eximia

148 1598 308 1637 virtute
347 1610 587 1650 possessos,
625 1598 717 1636 tum
754 1597 889 1647 [vero]
923 1596 1062 1649 ipsam
1094 1598 1281 1637 veterem
1312 1595 1486 1638 Cartha-

152 1655 295 1709 ginem
341 1654 547 1708 vendunt,
594 1669 721 1708 quam
760 1654 806 1696 P.
843 1654 1072 1695 Africanus
1115 1654 1320 1696 nudatam
1362 1655 1486 1696 tectis

152 1728 200 1754 ac
255 1713 479 1753 moenibus
535 1713 623 1753 sive
680 1713 733 1754 ad
780 1713 1014 1754 notandam
1068 1712 1487 1768 Carthaginiensium

152 1771 441 1812 calamitatem
481 1771 569 1812 sive
607 1771 658 1812 ad
697 1771 1009 1812 testificandam
1040 1773 1233 1812 nostram
1264 1771 1487 1813 victoriam

152 1829 241 1870 sive
286 1829 434 1870 oblata
477 1829 620 1883 aliqua
663 1830 869 1884 religione
913 1829 966 1870 ad
1007 1832 1222 1870 aeternam
1264 1829 1487 1871 hominum

153 1887 403 1928 memoriam
441 1888 718 1930 consecravit.
785 1887 865 1929 His
903 1888 1142 1942 insignibus
1181 1889 1309 1941 atque
1339 1887 1486 1930 infulis

153 1945 323 2000 imperii
354 1946 549 2000 venditis,
582 1946 735 2000 quibus
768 1949 964 1987 ornatam
990 1946 1114 1987 nobis
1140 1946 1322 1987 maiores
1348 1947 1488 1989 nostri

153 2019 244 2045 rem
290 2003 506 2058 publicam
543 2004 829 2053 tradiderunt,
872 2005 1019 2045 iubent
1057 2018 1128 2045 eos
1167 2018 1294 2058 agros
1332 2005 1487 2060 venire,

154 2077 261 2117 quos
298 2077 372 2103 rex
410 2061 682 2103 Mithridates
721 2063 765 2103 in
807 2062 1117 2117 Paphlagonia,
1155 2062 1293 2105 Ponto
1326 2061 1487 2118 Cappa-

155 2121 359 2175 dociaque
408 2120 656 2174 possederit.
728 2120 843 2162 Num
893 2121 1071 2162 obscure
1114 2120 1312 2162 videntur
1355 2137 1486 2177 prope

155 2180 284 2221 hasta
321 2178 542 2233 praeconis
580 2179 782 2220 insectari
813 2178 888 2220 On.
918 2178 1095 2233 Pompei
1128 2180 1357 2221 exercitum

156 2237 299 2278 venire
335 2237 512 2278 iubeant
549 2251 620 2278 eos
657 2237 774 2290 ipsos
808 2251 953 2292 agros,
990 2237 1034 2277 in
1066 2236 1218 2291 quibus
1249 2238 1324 2279 1110
1356 2238 1486 2280 etiam

155 2310 268 2337 nunc
298 2295 460 2336 bellum
493 2297 615 2349 gerat
647 2298 775 2349 atque
807 2294 1026 2336 versetur?

1505 437 1522 464 5

1508 730 1539 756 10

1508 1022 1540 1048 15

1507 1609 1540 1634 25

1507 1901 1541 1926 30

1365 2214 1375 2234 ,
1415 2180 1487 2234 qui
1506 2191 1540 2218 ³⁵
