1687 2533
132 798 176 828 24

200 101 287 142 524
417 101 481 136 DE
505 100 822 136 HARUSPICUM
846 101 1095 136 RESPONSO
1123 100 1310 138 ORATIO.

201 200 275 239 aut
310 198 471 239 tibicen
502 200 679 252 repente
713 198 937 252 conticuit,
975 200 1050 239 aut
1087 212 1192 253 puer
1222 198 1297 239 ille
1328 199 1540 253 patrimus

200 260 243 297 et
282 257 507 298 matrimus
541 257 577 297 si
609 259 775 297 tensam
813 271 900 298 non
937 257 1093 309 tenuit,
1132 257 1168 297 si
1205 256 1346 298 lorum
1384 258 1540 311 omisit,

203 318 278 356 aut
310 316 346 356 si
380 316 528 357 aedilis
560 315 689 356 verbo
723 318 795 356 aut
829 315 1040 368 simpuvio
1068 315 1296 369 aberravit,
1327 316 1416 356 ludi
1442 319 1541 357 sunt

202 388 289 415 non
331 374 412 415 rite
457 374 583 427 facti,
634 388 765 427 eaque
810 378 951 415 errata
998 374 1240 428 expiantur,
1292 376 1334 416 et
1376 377 1539 416 mentes

203 432 378 474 deorum
404 433 716 474 immortalium
744 433 941 473 ludorum
967 433 1277 474 instauratione
1296 433 1541 487 placantur3

204 492 240 533 si
272 492 362 532 ludi
395 492 447 532 ab
482 492 649 532 laetitia
688 491 741 532 ad
779 494 940 532 metum
979 491 1180 545 traducti,
1219 492 1256 533 si
1292 506 1379 533 non
1414 492 1542 533 inter-

202 551 341 603 missi,
386 550 459 591 sed
504 550 715 604 perempti
760 553 887 604 atque
932 550 1093 591 sublati
1138 554 1254 603 sunt,
1298 551 1334 591 si
1378 551 1542 592 civitati

203 609 425 650 universae
466 609 622 649 scelere
661 608 768 662 eius,
808 610 879 663 qui
917 608 1038 650 ludos
1072 609 1124 650 ad
1156 609 1317 650 luctum
1350 608 1541 650 conferre

201 668 353 720 voluit,
393 667 650 708 exstiterunt
689 668 777 708 dies
816 667 882 708 illi
919 682 995 722 pro
1033 667 1154 708 festis
1194 681 1329 722 paene
1373 667 1542 721 funesti,

207 727 518 779 dubitabimus,
569 741 674 780 quos
718 726 789 766 ille
834 726 1028 767 fremitus
1072 727 1239 768 nuntiet
1283 727 1405 767 ludos
1450 741 1541 768 esse

204 785 426 840 pollutos?
489 785 552 826 Ac
591 784 626 825 si
663 786 860 826 volumus
905 800 972 838 ea,
1019 800 1125 838 quae
1167 785 1216 826 de
1258 799 1423 839 quoque
1465 785 1541 827 deo

203 844 328 885 nobis
360 844 522 885 tradita
556 846 673 896 sunt,
704 844 935 897 recordari,
972 844 1083 885 hanc
1113 843 1297 885 Matrem
1328 858 1543 899 magnam,

203 902 320 944 cuius
364 903 453 943 ludi
500 902 669 955 violati,
709 903 881 956 polluti,
928 917 1061 955 paene
1103 903 1156 944 ad
1197 902 1367 944 caedem
1408 905 1450 944 et
1490 903 1543 944 ad

202 961 331 1002 funus
360 961 546 1003 civitatis
573 962 766 1002 conversi
794 964 904 1015 sunt,
933 961 1053 1015 hanc,
1085 961 1271 1015 inquam,
1304 961 1542 1015 accepimus

205 1034 332 1075 agros
377 1026 419 1061 et
462 1034 635 1060 nemora
680 1034 774 1061 cum
819 1019 1002 1074 quodam
1054 1020 1236 1073 strepitu
1285 1020 1542 1075 fremituque

137 1082 188 1122 12
203 1093 445 1134 peragrare.
507 1078 624 1119 Haec
663 1078 795 1133 igitur
832 1079 971 1132 vobis,
1009 1078 1113 1119 haec
1151 1078 1310 1132 populo
1347 1078 1543 1120 Romano

135 2141 178 2173 25

205 1140 247 1178 et
269 1138 476 1178 scelerum
503 1136 660 1177 indicia
686 1137 873 1178 ostendit
900 1139 942 1178 et
967 1137 1252 1191 periculorum
1280 1137 1403 1191 signa
1427 1140 1544 1192 pate-

203 1196 315 1237 fecit.
377 1195 489 1236 Nam
530 1195 631 1249 quid
671 1209 750 1250 ego
790 1196 840 1236 de
878 1195 965 1236 illis
1004 1195 1114 1236 ludis
1153 1196 1323 1249 loquar,
1362 1210 1466 1249 quos
1497 1195 1542 1236 in

204 1254 372 1295 Palatio
412 1255 551 1294 nostri
590 1254 774 1294 maiores
815 1257 913 1295 ante
951 1254 1157 1307 templum
1191 1255 1235 1295 in
1266 1254 1358 1308 ipso
1390 1253 1542 1295 Matris

203 1327 383 1367 magnae
410 1315 640 1366 conspectu
665 1312 954 1368 Megalesibus
981 1313 1072 1353 fieri
1104 1312 1394 1366 celebrarique
1425 1313 1542 1354 volu-

205 1375 348 1425 erunt,
381 1372 452 1425 qui
486 1374 586 1412 sunt
618 1385 735 1412 more
767 1371 1063 1425 institutisque
1096 1372 1278 1412 maxime
1310 1371 1430 1423 casti,
1461 1371 1543 1413 sol-

204 1431 383 1483 lemnes,
425 1430 635 1485 religiosi,
679 1430 831 1484 quibus
873 1430 985 1471 ludis
1029 1430 1213 1484 primum
1256 1432 1355 1471 ante
1395 1429 1544 1484 populi

205 1503 450 1530 consessum
491 1489 658 1529 senatui
697 1489 838 1530 locum
870 1488 914 1530 P.
948 1488 1175 1530 Africanus
1207 1489 1363 1530 iterum
1395 1488 1541 1530 consul

205 1548 278 1588 ille
311 1548 448 1588 maior
488 1547 622 1600 dedit,
662 1550 708 1588 ut
741 1562 812 1588 eos
844 1547 967 1588 ludos
999 1548 1104 1588 haec
1135 1548 1225 1589 lues
1257 1548 1427 1602 impura
1454 1547 1543 1601 pol·

204 1606 362 1646 luerit?
414 1620 497 1659 quo
549 1606 585 1646 si
635 1606 707 1660 qui
760 1606 870 1647 liber
915 1608 988 1647 aut
1032 1606 1253 1660 spectandi
1296 1608 1370 1647 aut
1414 1606 1543 1647 etiam

205 1664 424 1718 religionis
459 1679 587 1705 causa
619 1667 877 1718 accesserat,
915 1679 1064 1706 manus
1103 1664 1421 1718 adferebantur,
1460 1678 1543 1718 quo

206 1726 405 1764 matrona
445 1723 564 1764 nulla
602 1723 708 1764 adiit
748 1726 925 1778 propter
962 1724 1049 1763 vim
1088 1737 1418 1777 consessumque
1459 1737 1542 1764 ser-

205 1796 370 1823 vorum.
432 1780 500 1821 Ita
532 1781 655 1822 ludos
689 1796 779 1835 eos,
819 1797 999 1836 quorum
1031 1782 1183 1836 religio
1222 1784 1346 1823 tanta
1377 1783 1459 1834 est,
1495 1783 1544 1822 ut

207 1854 257 1881 ex
289 1839 454 1880 ultimis
486 1840 612 1880 terris
646 1840 849 1882 arcessita
881 1841 924 1881 in
955 1840 1035 1881 hac
1061 1841 1165 1881 urbe
1192 1840 1440 1893 consederit,
1471 1839 1544 1894 qui

206 1898 282 1939 uni
314 1898 403 1939 ludi
434 1911 486 1939 ne
519 1899 649 1939 verbo
684 1899 853 1953 quidem
887 1899 1157 1954 appellantur
1187 1898 1360 1953 Latino,
1394 1901 1442 1939 ut
1472 1912 1540 1939 vo-

205 1957 358 1998 cabulo
372 1956 467 2010 ipso
490 1958 532 1997 et
553 1957 745 2010 adpetita
765 1958 918 2012 religio
940 1959 1115 1998 externa
1135 1960 1177 1998 et
1190 1956 1342 1997 Matris
1364 1970 1543 2010 magnae

204 2016 377 2057 nomine
416 2017 616 2069 suscepta
655 2015 891 2057 declaretur
927 2039 975 2044 —
1011 2015 1090 2056 hos
1128 2015 1250 2056 ludos
1291 2015 1401 2056 servi
1438 2014 1543 2056 fece-

206 2076 318 2127 runt,
351 2073 463 2115 servi
496 2076 812 2127 spectaverunt,
844 2077 937 2115 tota
969 2074 1147 2127 denique
1180 2074 1260 2115 hoc
1292 2073 1427 2114 aedile
1459 2087 1542 2114 ser-

208 2146 357 2173 vorum
401 2131 637 2186 Megalesia
680 2131 862 2173 fuerunt.
930 2132 1013 2173 Pro
1059 2132 1100 2173 di
1144 2132 1426 2173 immortales!
1471 2131 1543 2185 qui

1562 739 1596 763 10

1564 1032 1596 1056 15

1562 1324 1596 1350 20

1563 1617 1596 1642 25

1563 1909 1598 1934 30

207 2192 345 2246 magis
377 2191 601 2231 nobiscum
635 2190 750 2243 loqui
782 2191 978 2243 possetis,
1011 2190 1047 2231 si
1075 2191 1223 2231 essetis
1250 2190 1542 2231 versaremini-
1562 2198 1596 2225 35

207 2263 287 2302 que
326 2249 579 2290 nobiscum?
641 2247 780 2289 Ludos
821 2263 910 2290 esse
948 2249 1136 2302 pollutos
1179 2248 1453 2304 significastis
1495 2262 1542 2289 ac

205 2307 333 2362 plane
377 2306 529 2349 dicitis.
592 2305 701 2355 Quid
742 2307 881 2360 magis
922 2307 1206 2362 inquinatum,
1246 2306 1542 2360 deformatum,
