1619 2542
559 91 659 127 CAP.
687 94 777 126 6—8
805 94 823 132 s
852 95 999 126 15—20.
1358 91 1442 132 195

101 189 296 231 Romano
328 187 512 229 maxime
543 188 837 229 consulturum
862 189 1026 242 putent,
1059 189 1101 228 et
1128 201 1236 228 unus
1264 186 1441 241 quisque

103 247 244 289 studio
283 249 326 287 et
364 246 567 300 suffragio
607 260 683 287 suo
722 246 836 287 viam
875 246 957 287 sibi
997 245 1050 287 ad
1081 245 1335 287 beneficium
1366 245 1441 286 im-

102 305 356 361 petrandum
395 305 560 346 munire
593 304 742 359 possit.
804 303 898 346 Hoc
929 304 1103 346 tribuno
1135 303 1274 358 plebis
1306 303 1439 357 potis-

104 365 258 406 simum
278 364 396 405 venit
415 363 459 404 in
480 366 678 417 mentem,
703 364 911 417 populum
932 362 1174 404 Romanum
1193 362 1439 404 universum

67 436 83 462 5
103 424 272 478 privare
304 422 533 477 suffragiis,
565 436 723 476 paucas
755 422 895 463 tribus
928 436 1015 463 non
1046 425 1163 463 certa
1194 421 1439 463 condicione

102 482 224 536 iuris,
274 480 347 522 sed
397 481 526 522 sortis
576 480 781 522 beneficio
829 480 1010 522 fortuito
1055 480 1108 521 ad
1149 479 1438 535 usurpandam

102 541 346 582 libertatem
377 553 540 581 vocare.
585 538 748 593 ἹΤΕΜ’,
785 539 942 593 inquit,
980 539 1251 589 ‘EODEMQUE
1278 537 1439 592 Mono'‚

101 600 240 653 capite
278 598 432 651 altero,
469 598 543 639 ‘UT
582 609 784 640 coivnTns
822 609 1081 640 PONTiFmIs
1113 597 1314 639 MAXIMI’.
1374 596 1440 638 Ne

100 658 181 700 hoc
201 657 371 712 quidem
390 656 511 710 vidit,
534 656 720 698 maiores
741 659 913 698 nostros
934 659 1026 698 tam
1046 656 1178 697 fuisse
1198 656 1439 710 populares,

48 729 81 754 10
100 719 164 770 ut,
209 716 322 770 quod
364 730 439 770 per
480 715 687 770 populum
732 716 867 757 creari
907 715 973 756 fas
1011 729 1098 756 non
1136 717 1228 756 erat
1264 717 1440 768 propter

100 775 352 830 religionem
391 788 626 828 sacrorum,
668 774 713 815 in
753 788 801 815 eo
839 776 985 815 tamen
1024 776 1201 828 propter
1240 773 1440 826 amplitu-

100 834 240 875 dinem
278 832 504 875 sacerdotii
535 833 750 874 voluerint
787 833 947 887 populo
991 832 1235 887 supplicari.
1296 831 1439 886 Atque

98 893 179 934 hoc
210 892 321 933 idem
355 891 404 933 de
432 892 582 933 ceteris
610 891 857 933 sacerdotiis
886 890 959 933 Cn.
980 890 1210 944 Domitius,
1241 890 1440 932 tribunus

98 951 255 1006 plebis,
292 951 358 992 vir
389 950 675 1004 clarissimus,
714 950 835 1004 tulit,
874 950 985 1004 quod
1023 950 1207 1004 populus
1239 964 1314 1003 per
1345 949 1440 990 reli-

63 1022 96 1047 15
116 1010 286 1065 gionem
329 1009 567 1051 sacerdotia
608 1009 810 1050 mandare
852 1023 939 1050 non
979 1011 1168 1063 poterat,
1211 1010 1259 1048 ut
1300 1008 1440 1050 minor

99 1083 198 1123 pars
238 1068 386 1123 populi
416 1070 660 1121 vocaretur3
699 1068 752 1109 ab
791 1082 840 1109 ea
877 1069 1000 1121 parte
1039 1067 1111 1121 qui
1137 1069 1256 1108 -esset
1286 1066 1439 1120 factus,

99 1128 135 1168 is
169 1142 193 1168 a
225 1127 406 1182 collegio
439 1128 724 1180 cooptaretur.
783 1125 958 1180 Videte,
991 1125 1092 1180 quid
1122 1125 1294 1166 intersit
1324 1125 1437 1166 inter

100 1185 173 1227 Cn.
186 1185 438 1238 Domitium,
457 1185 680 1226 tribunum
699 1185 851 1239 plebis,
871 1184 1087 1226 hominem
1108 1184 1437 1237 nobilissimum,

99 1247 141 1285 et
172 1243 217 1285 P.
250 1243 444 1296 Rullum,
487 1243 559 1298 qui
599 1244 847 1297 temptavit,
890 1246 939 1284 ut
975 1244 1144 1298 opinor,
1183 1242 1438 1297 patientiam

47 1315 81 1339 20
99 1306 299 1357 vestram,
325 1317 420 1344 cum
447 1316 490 1343 se
515 1302 705 1343 nobilem
732 1317 824 1343 esse
851 1302 1022 1343 diceret.
1065 1301 1293 1354 Domitius,
1326 1301 1438 1355 quod

99 1375 174 1415 per
211 1361 489 1402 caerimonias
528 1361 676 1414 populi
706 1361 798 1402 fieri
829 1375 915 1401 non
945 1362 1132 1414 poterat,
1172 1359 1337 1400 ratione
1369 1359 1437 1400 ad-

102 1422 268 1460 secutus
313 1422 396 1472 est,
438 1421 485 1461 ut
527 1419 587 1472 id,
632 1419 771 1472 quoad
814 1421 978 1472 posset,
1023 1417 1162 1471 quoad
1206 1417 1271 1458 fas
1311 1420 1435 1469 esset,

101 1477 240 1532 quoad
265 1477 424 1530 liceret,
449 1477 599 1531 populi
626 1477 679 1517 ad
703 1479 845 1530 partes
872 1476 1015 1529 daret3
1041 1476 1120 1529 hic,
1148 1475 1261 1529 quod
1286 1476 1436 1530 populi

101 1550 268 1590 semper
310 1535 532 1589 proprium
573 1534 673 1588 fuit,
716 1535 829 1589 quod
870 1549 996 1576 nemo
1034 1534 1266 1587 imminuit,
1310 1549 1435 1575 nemo

46 1607 79 1632 25
100 1594 295 1646 mutavit,
327 1593 429 1647 quin
454 1594 504 1647 ei,
536 1593 608 1647 qui
638 1594 798 1647 p‘opulo
833 1607 960 1648 agros
988 1595 1131 1634 essent
1157 1592 1435 1647 adsignaturi,

100 1655 199 1694 ante
232 1653 471 1705 acciperent
503 1666 528 1692 a
558 1652 717 1705 populo
749 1651 1013 1699 beneficium,
1046 1666 1173 1706 quam
1200 1651 1360 1705 darent,
1391 1651 1435 1692 id

99 1714 240 1753 totum
281 1711 443 1765 eripere
475 1710 595 1751 vobis
634 1713 760 1764 atque
799 1724 820 1750 e
857 1710 1053 1750 manibus
1086 1712 1335 1764 extorquere
1367 1724 1434 1751 eo-

98 1773 224 1811 natus
258 1772 334 1811 est.
377 1768 467 1822 Ille,
500 1768 611 1823 quod
645 1768 737 1809 dari
766 1769 926 1822 populo
951 1768 1071 1809 nullo
1098 1768 1224 1810 modo
1250 1771 1434 1822 poterat,

99 1832 243 1870 tamen
289 1828 472 1882 quodam
510 1827 637 1869 modo
677 1826 808 1880 dedit3
851 1827 937 1879 liic,
981 1826 1093 1881 quod
1137 1827 1268 1868 adimi
1313 1828 1433 1868 nullo

47 1898 83 1924 30
100 1890 226 1941 pacto
264 1889 423 1940 potest,
460 1889 604 1927 tamen
642 1886 824 1939 quadam
856 1885 1021 1926 ratione
1053 1885 1214 1939 eripere
1246 1888 1433 1927 conatur.

188 1943 372 1993 Quaeret
410 1945 639 1999 quispiam,
682 1944 727 1984 in
764 1945 885 1984 tanta
922 1943 1076 1985 iniuria
1113 1946 1319 1998 tantaque
1356 1943 1433 1985 im·
1459 1930 1503 2011 ἕο

100 2003 303 2058 pudentia
340 2003 439 2058 quid
479 2002 694 2056 spectarit.
752 2001 851 2043 Non
883 2001 1016 2044 defuit
1047 2003 1292 2055 consilium,
1328 2002 1432 2043 fides

101 2076 203 2117 erga
250 2062 418 2115 plebem
460 2062 721 2114 Romanam,
772 2059 974 2115 Quirites,
1025 2061 1217 2115 aequitas
1268 2061 1313 2101 in
1355 2074 1431 2101 vos

100 2120 427 2174 libertatemque
458 2123 645 2162 vestram
676 2119 948 2160 vehementer
973 2119 1119 2162 defuit.
1167 2118 1293 2160 Iubet
1319 2118 1432 2159 enim

48 2189 81 2215 35
101 2178 275 2220 comitia
319 2178 565 2220 decemviris
603 2178 760 2219 habere
798 2178 987 2219 creandis
1026 2192 1139 2232 eum,
1184 2177 1256 2230 qui
1292 2176 1432 2231 legem

100 2236 258 2278 tulerit.
319 2235 412 2277 Hoc
444 2237 580 2278 dicam
611 2236 798 2291 planius:
837 2235 963 2277 Iubet
988 2235 1154 2289 Rullus,
1186 2235 1314 2276 homo
1346 2249 1432 2275 non

102 2295 276 2349 cupidus
302 2309 437 2349 neque
464 2298 680 2350 appetens,
706 2294 863 2336 habere
889 2294 1063 2337 comitia
1087 2294 1276 2335 Rullum.
1316 2291 1432 2334 Non-

1152 2361 1222 2396 13*

1468 550 1510 581 18

1467 1137 1507 1167 19
