1619 2542
191 116 246 156 20
547 115 640 151 PRO
667 116 717 153 M.
742 115 953 151 FONTEIO
980 115 1172 154 ORATIO.

189 212 286 254 aliis
328 226 459 267 aeque
498 226 677 267 magnas
719 214 794 253 aut
835 212 1055 253 solverunt
1093 215 1168 254 aut
1208 212 1430 266 dederunt,
1469 216 1529 267 ut,

189 271 301 325 quod
327 273 547 325 acceptum
583 270 744 325 populo
770 270 965 312 Romano
1001 273 1078 325 est,
1109 271 1151 312 id
1186 285 1416 326 expensum
1449 272 1531 313 cui-

187 329 302 384 piam
335 329 409 383 sit,
447 332 560 371 certe
591 329 700 370 nihil
732 332 876 383 potest
908 343 1000 371 esse
1032 329 1284 372 detractum.
1347 329 1422 371 Sin
1453 330 1528 372 ali-

189 388 289 441 quid
315 388 487 430 domum
512 388 715 441 tulerunt,
748 402 799 429 ex
825 402 971 429 eorum
1004 403 1113 443 arca,
1145 403 1167 429 e
1198 403 1246 430 ra
1342 387 1527 443 (Fraym.

187 447 248 488 ΙΙ
273 448 354 489 cod.
393 446 538 501 Vatia)
1548 459 1564 484 5

141 502 167 542 3
279 507 344 548 18.
387 505 576 546 Deorum
613 505 919 559 hominumque
950 506 1093 547 fidem!
1134 506 1258 547 testis
1296 520 1382 547 non
1413 506 1528 547 inve-

139 553 162 584 4
187 564 305 605 nitur
341 564 385 605 in
423 564 670 607 ducentiens
702 567 744 605 et
781 564 956 606 triciens
989 565 1204 606 sestertio!
1256 564 1394 614 Quam
1425 566 1530 606 mul-

186 625 329 664 torum
370 623 624 664 hominum?
681 620 981 664 sescentorum
1025 623 1222 676 amplius.
1285 622 1447 672 Quibus
1484 623 1529 664 in

186 682 314 722 terris
347 685 517 736 gestum
547 681 770 736 negotium
804 681 896 722 est?
951 680 1043 736 Illo,
1075 682 1165 736 illo,
1195 682 1389 736 inquam,
1421 682 1528 735 loco,

187 755 311 793 quem
355 740 522 781 videtis.
596 740 732 781 Extra
776 740 1022 781 ordinemne
1065 744 1244 794 pecunia
1290 742 1356 781 est
1399 740 1527 782 data?
1549 752 1582 778 10

186 798 325 841 Immo
357 813 458 840 vero
494 813 694 840 nummus
733 799 876 840 nullus
916 799 1005 840 sine
1043 799 1201 840 litteris
1234 799 1386 840 multis*
1416 813 1527 841 com-

187 863 329 900 motus
362 861 438 899 est.
501 857 617 906 Quae
650 860 716 899 est
745 858 879 912 igitur
910 858 995 898 ista
1027 857 1254 908 accusatio,
1287 872 1395 912 quae
1425 857 1528 899 faci-

187 917 270 958 lius
307 916 447 972 possit
477 916 603 971 Alpis
643 931 770 970 quam
805 930 963 971 paucos
996 916 1150 958 aerarii
1188 916 1345 970 gradus
1384 930 1528 958 ascen-

187 975 295 1028 dere,
328 975 576 1030 diligentius
606 975 872 1016 Rutenorum
906 990 1034 1029 quam
1064 975 1216 1030 populi
1246 975 1431 1016 Romani
1462 975 1527 1016 de-

186 1035 334 1075 fendat
365 1034 589 1086 aerarium,
622 1034 839 1075 lubentius
868 1034 1030 1089 ignotis
1064 1048 1191 1088 quam
1222 1034 1338 1075 notis
1368 1035 1527 1087 utatur,
1550 1044 1582 1070 15

188 1093 438 1147 alienigenis
472 1107 599 1146 quam
632 1093 876 1134 domesticis
909 1092 1113 1147 testibus,
1151 1092 1321 1147 planius
1354 1106 1398 1133 se
1430 1107 1528 1134 con-

186 1151 358 1192 firmare
389 1151 551 1193 crimen
582 1151 769 1192 lubidine
807 1152 1088 1193 barbarorum
1121 1166 1249 1206 quam
1279 1153 1528 1192 nostrorum

139 1221 159 1252 5
187 1209 406 1251 hominum
440 1210 597 1251 litteris
636 1209 899 1251 arbitretur?
950 1210 1142 1250 Duorum
1180 1210 1528 1265 magistratuum,

187 1283 367 1322 quorum
408 1271 586 1322 uterque
627 1268 672 1309 in
709 1269 888 1321 pecunia
928 1283 1129 1309 maxuma
1169 1268 1396 1310 tractanda
1432 1283 1527 1323 pro-

186 1327 456 1381 curandaque
492 1329 688 1368 versatus
726 1329 809 1379 est,
846 1326 1143 1368 triumviratus
1179 1329 1222 1367 et
1260 1329 1526 1380 quaesturae,
1547 1338 1581 1363 20

186 1386 298 1427 ratio
331 1386 391 1427 sic
422 1385 629 1439 redditur,
660 1385 838 1439 iudices,
870 1388 918 1426 ut
949 1387 994 1426 in
1024 1385 1077 1426 iis
1109 1385 1255 1439 rebus,
1288 1399 1394 1439 quae
1429 1390 1526 1426 ante

187 1445 334 1486 oculos
368 1447 514 1500 gestae
546 1447 658 1498 sunt,
691 1444 744 1486 ad
775 1445 935 1485 multos
968 1444 1277 1498 pertinuerunt,
1308 1443 1526 1485 confectae

186 1503 370 1558 publicis
413 1503 680 1557 privatisque
729 1503 890 1544 tabulis
940 1505 1055 1556 sunt,
1104 1502 1226 1543 nulla
1270 1502 1526 1557 significatio

140 1574 160 1603 6
186 1562 301 1616 furti,
332 1562 452 1603 nulla
485 1562 663 1603 alicuius
696 1561 840 1603 delicti
872 1561 1055 1616 suspicio
1087 1560 1309 1602 referatur.
1370 1561 1528 1616 Hispa-

186 1621 346 1662 niensis
378 1620 541 1675 legatio
580 1623 808 1662 consecuta
839 1623 906 1661 est
942 1619 1328 1661 turbulentissumo
1360 1621 1422 1661 rei
1450 1635 1525 1674 pu-
1546 1629 1579 1655 ‘25

187 1679 324 1720 blicae
355 1681 566 1733 tempore,
597 1694 693 1720 cum
725 1679 910 1720 adventu
941 1678 988 1720 L.
1019 1676 1162 1720 Sullae
1194 1678 1382 1732 maxumi
1413 1693 1526 1720 exer·

187 1737 296 1778 citus
323 1738 369 1778 in
388 1738 561 1778 Italiam
587 1738 779 1788 †civium
806 1737 1061 1779 dissiderent
1086 1737 1252 1779 iudiciis
1273 1751 1322 1778 ac
1341 1737 1526 1792 legibus3

187 1798 316 1849 atque
335 1796 417 1838 hoc
435 1796 497 1837 rei
517 1796 712 1851 publicae
733 1799 849 1838 statu
869 1796 1092 1850 desperato
1114 1795 1251 1849 qualis
1339 1793 1526 1849 (Fraqm.

187 1854 271 1895 HJ
301 1855 383 1895 cod.
423 1853 568 1910 Vatia.)

121 1900 163 1981 151)
278 1914 333 1964 [1.
364 1913 400 1965 1]
422 1946 430 1954 .
451 1946 459 1954 .
480 1946 489 1954 .
514 1913 595 1955 hoc
627 1917 823 1967 praetore
856 1928 1107 1968 oppressam
1139 1927 1230 1953 esse
1264 1927 1359 1953 aere
1386 1913 1525 1955 alieno
1545 1924 1579 1949 30

189 1970 389 2012 Galliam.
463 1971 502 2012 A
546 1972 700 2025 quibus
744 1986 941 2013 versuras
988 1974 1208 2012 tantarum
1251 1972 1527 2025 pecuniarum

188 2031 325 2072 factas
364 2043 456 2070 esse
493 2029 668 2072 dicunt?
707 2046 732 2072 a
764 2030 928 2072 Gallis?
985 2028 1106 2071 Nihil
1144 2029 1296 2071 minus.
1362 2030 1404 2071 A
1439 2030 1527 2084 qui-

191 2089 268 2130 bus
305 2088 469 2144 igitur?
525 2089 564 2129 A
603 2089 766 2130 civibus
798 2089 1020 2142 Romanis,
1062 2088 1133 2142 qui
1170 2088 1448 2142 negotiantur
1482 2089 1527 2130 in

190 2147 344 2189 Gallia.
414 2145 499 2188 Cur
536 2161 682 2188 eorum
720 2148 852 2189 verba
887 2161 970 2188 ozon
1007 2147 1231 2188 audimus?
1270 2161 1344 2189 cur
1380 2161 1525 2189 eorum

189 2206 364 2247 tabulae
388 2205 532 2247 nullae
557 2205 861 2259 proferuntur?
895 2206 1088 2246 Insector
1113 2205 1229 2246 ultro
1256 2208 1384 2259 atque
1410 2205 1525 2247 insto
1546 2216 1575 2242 35
1614 2212 1619 2236 ἒ

190 2264 440 2318 accusatori,
471 2263 646 2317 iudices3
677 2264 882 2318 insector,
912 2264 1106 2318 inquam,
1138 2266 1180 2304 et
1211 2264 1362 2319 flagito
1393 2263 1526 2306 testis.

188 2322 292 2364 Plus
325 2337 404 2378 ego
436 2322 482 2364 in
511 2322 593 2363 hac
624 2337 750 2364 causa
788 2322 950 2364 laboris
983 2325 1026 2363 et
1057 2336 1211 2377 operae
1243 2336 1446 2364 consumo
1483 2322 1527 2363 in
