1619 2542
517 100 620 136 CAP.
648 104 786 135 13—17
813 104 831 143 ξ
857 104 1006 136 32-40.
1378 103 1427 141 11

85 199 186 251 tere,
212 197 380 238 nullum
407 199 473 239 est
498 196 712 251 iudicium,
739 196 1020 238 absolvantur
1047 212 1195 238 omnes
1223 196 1272 238 de
1299 196 1431 238 simili

86 270 215 297 causa
257 269 429 298 necesse
474 259 555 308 est,
602 255 716 297 bona
756 255 1015 297 mehercule!
1078 254 1121 296 Si
1165 256 1246 297 1100
1292 257 1429 297 50111111
1457 267 1499 298 36

86 318 210 368 esset,
241 316 387 356 tamen
417 328 507 367 vos,
539 314 649 355 tales
682 314 774 367 viri,
806 314 920 355 nolle
951 314 1162 356 deberetis
1196 314 1429 355 maximam

85 388 176 415 rem
220 373 490 415 coniunctam
528 387 623 414 cum
661 387 830 414 summa
865 387 911 414 re
949 373 1123 428 publiea
1159 373 1430 427 fortunisque

49 443 66 469 5
85 432 366 487 privatorum,
391 431 710 473 severissimum
735 431 937 473 iudicium
965 432 1236 486 maximaque
1262 432 1429 473 ratione

86 490 371 545 compositum
403 504 479 544 per
510 504 587 531 vos
620 490 755 531 videri
788 504 881 532 esse
914 490 1183 532 dissolutum.
1235 489 1317 532 Sed
1342 505 1431 531 non

84 549 128 590 id
160 549 299 590 solum
332 549 474 604 agitur
506 581 515 590 .
547 581 557 590 .
590 580 598 589 .

84 667 166 709 1100
202 666 406 708 iudicium
445 666 506 708 sic
543 668 809 720 expectatur,
846 669 895 707 ut
932 681 1019 707 non
1049 681 1158 708 unae
1189 667 1251 708 rei
1283 668 1429 721 statui,

86 726 159 767 sed
202 725 400 767 omnibus
443 724 650 766 constitui
692 727 879 779 putetur.
929 724 1154 780 (Priscian.
1183 725 1249 767 VI
1267 730 1305 766 1.
1340 728 1377 776 5,
1402 726 1434 766 J

33 796 123 837 102).
153 788 247 827 197.
279 784 362 839 15.)

87 916 166 957 ego
210 901 434 957 intellego,
478 904 522 943 et·
567 904 715 943 tamen
758 901 982 943 dicendum
1015 904 1080 943 est
1124 902 1176 944 ad
1209 917 1275 956 ea,
1321 917 1428 956 quae
1455 914 1498 944 37

86 960 194 1001 dixit
213 959 447 1014 Quinctius,
471 974 559 1001 non
585 975 666 1014 quo
693 960 747 1002 ad
771 975 862 1002 rem
887 961 1114 1016 pertineat,
1140 961 1214 1002 sed
1239 975 1292 1002 ne
1318 961 1429 1014 quid,

87 1019 186 1074 quia
224 1034 249 1060 a
286 1033 353 1060 me
391 1019 745 1073 praetermissum
784 1020 859 1073 sit,
899 1034 976 1073 pro
1010 1034 1210 1061 concesso
1242 1022 1497 1093 putetur-qs.

173 1077 291 1120 Dicis
334 1080 533 1133 oportere
574 1077 740 1131 quaeri,
781 1077 977 1120 homines
1018 1077 1074 1119 M.
1115 1078 1232 1119 Tulli
1273 1078 1429 1119 iniuria
1456 1070 1498 1135 35}

35 1148 68 1173 15
90 1136 216 1179 occisi
249 1136 338 1178 sint
372 1150 515 1178 necne.
576 1135 642 1177 De
681 1151 762 1191 quo
802 1135 883 1179 hoc
920 1136 1108 1191 primum
1148 1151 1325 1192 quaero,
1363 1151 1430 1178 ve-

86 1195 199 1237 nerit
240 1210 290 1236 ea
330 1209 397 1236 res
437 1195 482 1236 in
521 1194 603 1236 hoc
639 1195 844 1237 iudicium
883 1210 1026 1237 1100110.
1089 1194 1138 1248 Si,
1175 1210 1262 1237 11011
1301 1196 1430 1248 venit,

89 1253 188 1308 quid
230 1254 388 1295 attinet
429 1255 502 1295 aut
541 1268 620 1295 nos
663 1253 799 1296 dicere
840 1258 915 1296 aut
961 1254 1040 1295 hos
1086 1254 1320 1308 quaerere?
1386 1253 1430 1296 Si

89 1315 232 1354 autem
272 1312 406 1365 venit,
453 1312 553 1366 quid
595 1313 774 1354 attinuit
814 1315 857 1354 te
897 1315 986 1354 tam
1029 1313 1178 1354 multis
1221 1312 1363 1354 verbis
1406 1327 1430 1354 a

88 1374 286 1426 praetore
323 1372 561 1426 postulare,
598 1373 646 1412 ut
684 1371 859 1413 adderet
890 1373 934 1413 in
965 1371 1168 1413 iudicium
1202 1370 1430 1423 ‘INIURIAss

35 1442 69 1466 20
90 1434 148 1483 et,
192 1429 294 1484 quia
331 1444 417 1471 non
453 1429 750 1484 impetrasses,
794 1430 992 1471 tribunos
1031 1431 1087 1484 pl.
1128 1430 1346 1484 appellare
1387 1432 1429 1470 et

89 1488 159 1530 1110
194 1488 240 1528 in
276 1487 431 1529 iudicio
471 1488 591 1541 queri
630 1488 841 1542 praetoris
883 1488 1177 1542 iniquitatem,
1223 1488 1335 1542 quod
1379 1488 1430 1529 de

89 1546 245 1588 iniuria
274 1560 362 1588 non
393 1545 630 1587 addiderit?
687 1546 805 1588 Haec
837 1561 932 1588 cum
964 1549 1208 1600 praetorem
1240 1546 1429 1600 postula·
1455 1559 1498 1589 39

90 1606 180 1655 bas,
212 1619 306 1646 cum
332 1604 529 1645 tribunos
556 1604 817 1658 appellabas,
842 1619 996 1659 nempe
1021 1606 1081 1646 ita
1107 1604 1290 1659 dicebas,
1315 1608 1431 1659 pote·

91 1666 246 1705 statem
290 1663 372 1704 tibi
414 1662 506 1704 fieri
551 1665 762 1716 oportere,
806 1666 870 1717 ut,
915 1663 951 1704 si
997 1678 1166 1717 posses,
1210 1678 1430 1719 recupera-

35 1733 71 1759 25
91 1723 250 1764 toribus
275 1721 552 1777 persuaderes
577 1735 662 1762 non
690 1735 782 1763 esse
806 1721 962 1763 iniuria
980 1721 1035 1764 M.
1057 1722 1201 1764 Tullio
1228 1722 1430 1764 damnum

92 1781 251 1822 datum.
313 1779 435 1829 Quod
468 1793 570 1835 ergo
601 1779 696 1821 ideo
722 1779 768 1821 in
797 1780 1001 1822 iudicium
1033 1780 1131 1822 addi
1162 1781 1351 1835 voluisti,
1382 1785 1431 1823 ut

92 1839 143 1881 de
174 1854 223 1882 eo
255 1839 337 1880 tibi
369 1838 481 1894 apud
518 1841 836 1892 recuperatores
876 1839 1013 1881 dicere
1051 1839 1218 1893 liceret,
1256 1854 1304 1882 eo
1344 1854 1431 1882 non

93 1898 237 1939 addito
274 1897 411 1939 nihilo
444 1897 585 1938 minus
617 1900 762 1938 tamen
793 1897 855 1939 ita
886 1897 1007 1951 dicis,
1046 1899 1168 1953 quasi
1201 1898 1244 1940 id
1275 1899 1429 1954 ipsum,

93 1971 118 1997 a
157 1971 240 2011 quo
282 1956 482 2011 depulsus
533 1970 594 2009 es,
642 1955 916 2009 impetiaris?
987 1957 1048 1998 At
1091 1957 1245 2012 quibus
1288 1957 1430 1998 verbis
1449 1966 1500 2007 17

38 2015 138 2056 30in
176 2015 436 2056 decernendo
474 2013 673 2056 Metellus
714 2028 815 2055 usus
854 2017 919 2056 est
957 2016 1177 2068 ceterique,
1216 2030 1321 2070 quos
1361 2030 1431 2071 ap-

93 2073 294 2128 pellasti?
355 2072 509 2114 Nonne
546 2073 650 2114 haec
687 2073 877 2113 omnium
913 2073 997 2115 fuit
1035 2074 1191 2128 matio,
1237 2073 1349 2128 quod
1389 2073 1432 2115 vi

94 2131 338 2173 hominibus
377 2131 554 2173 armatis
587 2131 800 2173 coactisve
830 2131 996 2173 familia
1026 2133 1178 2174 fecisse
1210 2132 1431 2185 diceretur,

93 2189 137 2230 id
174 2189 348 2231 tametsi
383 2190 503 2231 nullo
541 2189 632 2231 iure
669 2190 761 2231 fieri
801 2191 1006 2245 potuerit,
1050 2194 1197 2232 tamen
1239 2205 1283 2232 se
1322 2190 1431 2231 1111111

95 2248 343 2289 addituros‘?
404 2248 464 2289 Et
499 2252 631 2302 recte,
671 2252 1002 2302 recuperatores.
1063 2248 1177 2290 Nam
1214 2263 1309 2290 cum
1340 2263 1432 2304 per·
1457 2260 1501 2291 40
1532 2302 1536 2304 Δ

42 2317 75 2343 35
96 2306 215 2360 fugio
247 2306 366 2347 nullo
399 2307 634 2348 constituto
667 2309 812 2348 tamen
842 2306 945 2349 haec
978 2307 1139 2349 scelera
1167 2307 1279 2348 servi
1305 2307 1432 2349 auda·
