1687 2533
567 78 670 113 OAP.
692 84 778 114 1—3
806 83 824 122 ξ
853 83 952 117 1-5.
1352 81 1438 121 515

93 175 282 218 hominis
315 175 508 231 cogitata
540 176 652 217 ratio
685 176 961 230 postulasset.
1023 174 1144 217 Nihil
1176 176 1258 218 feci
1290 177 1438 229 iratus,

92 234 200 276 nihil
233 234 446 289 inpotenti
479 234 641 287 animo,
678 234 785 275 nihil
818 249 903 276 non
936 234 1007 276 diu
1039 235 1357 277 consideratum
1389 251 1437 278 ac

93 293 229 335 multo
269 296 367 334 ante
409 293 676 334 meditatum.
738 292 833 348 Ego
873 294 983 335 enim
1028 308 1113 348 me,
1156 298 1301 348 patres
1342 309 1438 337 con-

95 352 261 407 scripti,
299 352 520 393 inimicum
556 366 724 405 semper
756 366 848 393 esse
879 352 1098 407 professus
1133 367 1226 395 sum
1260 353 1436 402 duobus,

39 422 56 447 5
95 412 167 466 qui
207 425 292 465 me,
331 411 403 465 qui
440 425 527 451 iem
565 410 781 465 publicam
820 426 915 453 cum
957 411 1180 453 defendere
1222 412 1437 466 deberent,

95 485 266 512 servare
304 473 498 523 possent,
539 484 718 535 cumque
757 470 809 511 ad
847 470 1071 511 consulare
1109 471 1298 512 officium
1332 471 1436 525 ipsis

93 529 337 584 insignibus
363 528 517 569 illius
506 528 674 583 lmperii
707 528 759 569 ad
791 543 929 570 meam
963 530 1147 570 salutem
1178 545 1264 570 non
1296 531 1435 571 solum

95 588 364 640 auctoritate,
385 587 458 629 sed
479 587 608 628 etiam
628 587 825 641 precibus
840 588 993 629 vestris
1010 592 1276 641 vocarentur,
1296 589 1435 643 primo

93 647 371 701 reliquerunt⁷
398 646 545 687 deinde
566 645 856 700 prodiderunt,
882 650 1102 701 postremo
1131 650 1436 703 oppugnarunt

41 718 74 741 10
94 705 380 761 praemiisque
418 704 605 746 nefariae
643 705 856 759 pactionis
894 706 1089 747 funditus
1126 721 1211 747 una
1255 721 1349 747 cum
1389 721 1434 747 re

93 765 267 820 publica
299 778 549 818 oppressum
582 763 899 818 extinctumque
931 765 1178 817 voluerunt,
1216 766 1288 819 qui
1327 779 1434 819 quae

96 839 172 865 suo
211 824 338 865 ductu
370 825 413 864 et
443 822 623 877 imperio
657 826 832 864 cruento
865 823 941 864 illo
976 826 1103 878 atque
1134 823 1305 865 funesto
1339 839 1434 878 sup-

94 883 224 937 plicia.
263 897 400 936 neque
441 896 466 923 a
508 882 720 922 sociorum
762 882 987 923 moenibus
1028 882 1257 936 prohibere
1297 897 1434 936 neque

92 942 285 983 hostium
310 940 486 982 urbibus
510 939 667 981 inferre
692 942 936 995 potuerunt,
970 941 1236 995 excisionem,
1267 941 1432 982 infiam-

41 1010 74 1035 15
95 1001 342 1053 mationem,
373 999 647 1053 eversionem,
679 999 1063 1053 depopulationem,
1095 1000 1358 1054 vastitatem,
1386 1015 1435 1041 ea

95 1074 173 1101 sua
204 1073 300 1100 cum
330 1058 488 1113 praeda
519 1057 624 1098 meis
658 1058 856 1099 omnibus
889 1059 1014 1099 tectis
1054 1061 1182 1113 atque
1221 1058 1336 1113 agris
1374 1059 1433 1099 in-

93 1119 299 1160 tulerunt.
349 1115 456 1158 Cum
483 1116 550 1157 his
576 1116 697 1157 furiis
725 1120 767 1157 et
797 1116 977 1171 facibus,
1008 1132 1103 1158 cum
1136 1117 1215 1170 his,
1246 1117 1434 1171 inquam,
1459 1130 1481 1157 4

94 1177 285 1218 exitiosis
334 1175 542 1230 prodigiis
587 1190 634 1216 ac
676 1190 812 1230 paene
855 1176 980 1217 huius
1025 1173 1196 1230 imperii
1238 1176 1433 1230 pestibus

94 1236 257 1277 bellum
295 1235 401 1276 mihi
436 1233 697 1288 inexpiabile
735 1234 826 1275 dico
866 1249 957 1276 esse
997 1237 1261 1289 susceptum,
1297 1249 1433 1288 neque

45 1304 77 1328 ΞΟ
97 1294 141 1335 id
172 1297 316 1336 tamen
347 1294 487 1348 ipsum
526 1295 714 1344 tantum,
753 1296 961 1347 quantum
998 1308 1116 1334 meus
1150 1307 1198 1334 ac
1230 1307 1434 1346 meorum,

96 1353 168 1395 sed
200 1356 386 1405 tantum,
425 1354 629 1406 quantum
668 1354 809 1392 vester
841 1354 967 1405 atque
1000 1352 1189 1392 omnium
1223 1351 1432 1392 bonorum

96 1412 217 1453 dolor
236 1410 481 1466 postulavit.
524 1409 575 1450 In
594 1408 790 1451 Clodium
816 1424 916 1451 vero
942 1424 1028 1451 non
1056 1412 1121 1451 est
1144 1409 1272 1451 hodie
1292 1424 1432 1451 meum
1460 1410 1486 1450 3

97 1471 234 1512 maius
261 1470 416 1522 odium,
449 1483 574 1524 quam
600 1468 676 1510 illo
703 1468 770 1509 die
794 1468 886 1522 fuit,
919 1483 1011 1510 cum
1038 1469 1161 1509 illum
1188 1468 1432 1509 ambustum

41 1598 74 1623 25
96 1590 212 1630 cesto
239 1589 388 1642 stupro
416 1589 542 1640 atque
569 1601 618 1627 ex
639 1586 763 1627 domo
783 1586 1000 1640 pontificis
1020 1586 1197 1627 maximi
1217 1586 1431 1626 emissum.

95 1647 215 1701 Tum,
240 1646 426 1701 inquam,
452 1647 543 1685 tum
570 1645 657 1686 vidi
683 1659 731 1686 ac
756 1645 893 1685 multo
915 1647 1014 1685 ante
1034 1644 1246 1698 prospexi,
1273 1646 1433 1698 quanta

93 1708 326 1759 tempestas
358 1703 630 1753 excitaretur,
668 1705 828 1757 quanta
864 1703 1114 1758 inpenderet
1150 1703 1341 1756 procella
1371 1703 1432 1744 rei

94 1764 299 1819 publicae.
346 1762 557 1804 Videbam
576 1762 683 1802 illud
705 1762 841 1803 scelus
862 1764 953 1802 tam
973 1762 1278 1816 importunum,
1305 1761 1432 1802 auda-

95 1823 206 1865 ciam
231 1825 322 1864 tam
347 1822 579 1862 immanem
606 1820 889 1861 adulescentis
915 1819 1109 1873 furentis,
1140 1819 1312 1873 nobilis,
1344 1820 1432 1861 vol-

42 1890 76 1916 30
94 1882 234 1923 nerati
264 1895 352 1922 non
383 1894 507 1935 posse
539 1879 672 1920 arceri
710 1878 787 1919 otii
824 1878 998 1932 finibus3
1037 1881 1285 1933 erupturum
1323 1878 1429 1919 illud

94 1941 256 1982 malum
290 1938 528 1993 aliquando,
562 1938 598 1978 si
628 1937 887 1992 impunitum
918 1937 1081 1990 fuisset,
1115 1937 1167 1978 ad
1198 1937 1431 1992 perniciem

95 1999 294 2040 civitatis.
354 1996 454 2039 Non
488 1997 671 2038 multum
703 1995 809 2036 mihi
842 2009 942 2036 sane
974 1998 1074 2050 post
1106 1995 1158 2036 ad
1191 1995 1333 2036 odium
1366 2008 1430 2035 ac·
1457 2004 1476 2034 5

96 2058 234 2098 cessit,
282 2055 403 2098 Nihil
436 2055 548 2096 enim
580 2057 728 2096 contra
759 2068 826 2095 me
857 2054 959 2095 fecit
983 2054 1079 2095 odio
1107 2053 1202 2103 mei,
1234 2053 1306 2094 sed
1334 2052 1430 2093 odio

97 2115 351 2168 severitatis,
383 2114 477 2156 odio
506 2113 742 2168 dignitatis,
775 2112 870 2153 odio
896 2112 957 2153 rei
982 2112 1189 2167 publicae.
1238 2109 1337 2152 Non
1363 2125 1431 2152 me

42 2183 75 2210 ³5
96 2174 235 2229 magis
261 2173 441 2215 violavit
467 2187 594 2227 quam
621 2174 826 2224 senatum,
859 2185 985 2224 quam
1013 2171 1174 2225 equites
1201 2168 1432 2223 Romanos,

97 2247 225 2297 quam
258 2245 403 2273 omnes
428 2231 577 2284 bonos,
609 2245 737 2284 quam
762 2228 935 2270 Italiam
962 2231 1176 2281 cunctam3
1206 2242 1293 2269 non
1319 2228 1432 2268 deni-

98 2305 177 2347 que
207 2290 253 2331 in
284 2304 351 2330 me
384 2264 629 2330 sceleratior
658 2288 740 2330 fuit
765 2302 893 2343 quam
917 2287 962 2329 in
986 2288 1103 2342 ipsos
1131 2286 1230 2327 deos
1256 2286 1432 2327 immor-

1147 2354 1218 2389 33*
