1619 2542
503 81 603 116 CAP.
633 86 766 117 19--11
794 86 814 125 s
840 86 988 117 55—60.
1363 83 1417 124 57

80 176 214 219 cliens
255 180 328 219 aut
366 177 546 219 libertus
585 180 660 219 aut
698 176 854 232 quivis,
893 178 966 233 qui
1002 178 1124 220 illam
1161 179 1250 221 vim
1289 180 1420 222 deiec-

80 235 325 291 tionemque
358 239 432 278 tuo
458 238 612 291 rogatu
645 240 718 278 aut
749 239 823 278 tuo
849 237 1021 278 nomine
1045 237 1205 279 fecerit.
1268 237 1418 294 Quare,
1445 250 1490 282 58

82 295 118 335 si
151 294 204 335 ad
237 309 332 336 eum
365 295 693 348 restituendum,
731 295 804 349 qui
834 295 877 337 vi
909 295 1094 338 deiectus
1128 299 1210 351 est,
1243 298 1419 339 eandem

79 353 168 394 vim
199 353 331 394 habet
357 353 585 408 aequitatis
612 355 737 407 ratio,
769 368 818 395 ea
843 354 1063 396 intellecta
1090 358 1204 397 certe
1229 356 1339 397 nihil
1366 357 1419 398 ad

46 422 61 448 5
81 425 170 452 rem
191 412 388 466 pertinet,
415 426 522 467 quae
542 413 771 453 verborum
792 413 855 454 vis
882 414 939 454 sit
959 428 1008 455 ac
1026 414 1260 457 nominum.
1311 414 1419 457 Tam

80 470 294 524 restitues,
326 471 362 512 si
394 473 491 511 tuus
519 485 585 512 me
618 471 799 512 libertus
829 472 1028 514 deiecerit
1057 473 1167 514 nulli
1198 476 1274 515 tuo
1299 489 1419 529 prae-

80 529 247 583 positus
272 529 461 584 negotio,
488 543 615 584 quain
643 530 680 570 si
704 534 957 585 procurator
983 530 1199 586 deiecerit3
1223 547 1310 574 non
1336 547 1419 587 quo

81 601 227 628 omnes
272 588 358 629 sint
398 591 716 643 procuratores,
761 589 834 643 qui
874 589 1035 643 aliquid
1078 591 1216 631 nostri
1255 591 1421 647 negotii

81 649 251 700 gerunt,
296 646 368 688 sed
407 646 519 701 quod
555 648 602 688 id
636 647 680 687 in
720 647 801 688 hac
838 662 882 688 re
922 649 1069 702 quaeri
1104 649 1214 690 nihil
1253 651 1420 692 attinet.

28 715 61 741 10
80 704 187 746 Tam
218 706 438 759 restitues,
476 705 512 746 si
544 720 652 747 unus
686 706 897 760 servulus,
938 721 1066 761 quam
1099 708 1135 749 si
1165 707 1333 750 familia
1362 709 1420 750 fe-

27 1009 60 1034 15

27 1302 61 1327 20

28 1887 62 1912 30

27 2178 63 2204 85

80 763 185 805 cei-it
216 764 430 817 universa3
462 778 549 806 non
581 779 663 819 quo
697 764 809 806 idem
842 765 900 806 sit
925 766 1120 808 servulus
1153 781 1274 821 unus,
1307 767 1418 822 quod

79 822 256 876 familia,
288 837 434 864 verum
467 823 567 878 quia
597 838 695 876 non,
731 823 893 877 quibus*
918 824 1059 865 verbis
1094 825 1277 880 quidque
1310 827 1419 868 dica-

79 884 167 935 tur,
211 881 446 935 quaeritur,
491 882 564 923 sed
602 896 709 937 quae
748 897 816 923 res
856 886 1021 937 agatur.
1089 883 1236 925 Etiam
1275 884 1329 938 si,
1373 888 1419 926 ut

79 939 249 993 longius
283 955 307 981 a
340 941 469 981 verbo
496 941 752 994 recedamus,
785 941 837 982 ab
872 942 1086 996 aequitate
1117 957 1170 984 ne
1196 944 1414 985 tantulum

81 998 268 1052 quidem,
309 999 344 1040 si
382 1002 481 1040 tuus
515 1014 660 1041 servus
691 1000 833 1040 nullus
864 1000 996 1041 fuerit
1034 1003 1076 1041 et
1109 1015 1256 1042 omnes
1290 1002 1418 1043 alieni

81 1071 129 1098 ac
155 1058 446 1112 mercennarii,
481 1060 621 1099 tamen
647 1058 685 1099 ei
713 1058 796 1112 ipsi
824 1059 970 1111 [servi]
998 1061 1097 1100 tuae
1122 1059 1312 1101 familiae
1346 1075 1415 1115 ge-

78 1130 179 1156 nere
211 1119 254 1157 et
277 1117 448 1158 nomine
475 1117 816 1159 continebuntur.
874 1117 1011 1173 Perge
1037 1132 1164 1173 porro
1191 1119 1272 1160 hoc
1303 1107 1487 1176 idemssss

79 1174 353 1216 interdictum
392 1175 523 1230 sequi.
591 1175 858 1218 eHOMINIBUS
897 1177 1119 1218 COAC'PIS.⁵
1190 1176 1417 1219 Neminem
1443 1167 1487 1188 δ”

80 1233 288 1288 coegeris,
325 1234 408 1287 ipsi
440 1234 716 1276 convenerint
754 1249 830 1276 sua
862 1238 1032 1290 sponte3
1070 1238 1183 1277 certe
1221 1236 1338 1291 cogit
1369 1237 1418 1290 18,

81 1291 152 1345 qui
179 1295 414 1347 congregat
439 1293 634 1334 homines
661 1295 704 1334 et
729 1296 951 1347 convocat3
983 1295 1120 1335 coacti
1146 1297 1247 1335 sunt
1270 1295 1313 1348 ii,
1345 1295 1418 1350 qui

81 1349 134 1390 ab
168 1350 313 1405 aliquo
353 1355 452 1393 suut
483 1367 613 1393 unum
650 1352 695 1393 111
732 1352 874 1393 10011111
912 1353 1176 1408 congregati.
1248 1352 1293 1394 Si
1330 1368 1419 1395 non

81 1408 206 1449 modo
233 1410 455 1452 convocati
480 1425 567 1452 non
593 1413 705 1464 sunt,
738 1410 812 1451 sed
840 1425 893 1451 ne
919 1413 1209 1452 convenerunt
1235 1411 1418 1465 quidem,

82 1466 155 1507 sed
180 1466 210 1507 ii
236 1469 361 1509 modo
383 1469 567 1523 fuerunt,
593 1469 664 1522 qui
691 1469 820 1509 etiam
849 1471 985 1521 antea,
1012 1483 1097 1510 non
1123 1469 1186 1510 vis
1212 1472 1260 1510 ut
1284 1471 1417 1523 fieret,

81 1539 227 1566 verum
260 1526 423 1567 colendi
462 1530 536 1568 aut
576 1527 776 1581 pascendi
808 1541 936 1569 causa
973 1542 1064 1568 esse
1102 1527 1147 1568 in
1184 1542 1289 1583 agro
1322 1543 1417 1570 con-

29 1600 42 1619 :
83 1586 267 1638 suerunt,
293 1584 490 1626 defendes
517 1585 710 1626 homines
737 1588 907 1626 coactos
933 1600 1019 1627 non
1043 1585 1188 1640 fuisse,
1217 1589 1259 1628 et
1285 1587 1415 1629 verbo

82 1642 250 1696 quidem
288 1644 509 1696 superabis
547 1658 614 1684 me
652 1644 746 1698 ipso
777 1643 931 1698 iudice,
974 1658 1019 1685 re
1058 1648 1201 1686 autem
1237 1660 1289 1686 110
1322 1660 1416 1688 0011-

82 1701 207 1742 818108
241 1701 410 1756 quidem
442 1702 529 1743 ullo
555 1702 702 1743 iudice.
764 1701 864 1743 Vim
897 1703 1008 1744 enim
1035 1703 1322 1745 multitudinis
1354 1719 1416 1746 re-

82 1759 204 1800 stitui
236 1761 481 1815 voluerunt,
522 1775 608 1802 non
640 1761 779 1802 solum
816 1764 1072 1803 convocatae
1110 1762 1415 1817 multitudinis3

83 1818 166 1867 sed,
193 1818 291 1873 quia
310 1819 573 1874 plerumque,
598 1819 672 1860 ubi
697 1819 970 1861 multitudine
991 1835 1096 1874 opus
1118 1823 1194 1873 est,
1220 1821 1414 1863 homines

83 1876 178 1930 cogi
210 1877 366 1932 solent,
407 1878 501 1919 ideo
536 1878 585 1919 de
623 1878 782 1919 coactis
820 1879 1105 1933 compositum
1141 1879 1414 1922 interdictum

82 1937 165 1988 est3
209 1936 321 1989 quod
360 1936 529 1978 etiamsi
560 1936 689 1977 verbo
723 1936 888 1977 differre
919 1937 1150 1991 videbitur,
1186 1953 1232 1980 re
1268 1941 1414 1980 tamen

82 1992 164 2034 erit
194 2008 323 2035 unum
357 1997 399 2035 et
431 1995 628 2036 omnibus
659 1995 705 2035 111
736 1994 874 2036 causis
905 1995 1017 2037 idem
1042 1997 1216 2050 valebit,
1248 1996 1292 2038 in
1324 1997 1413 2051 qui-

81 2051 160 2092 bus
203 2053 460 2107 perspicitur
503 2069 589 2095 una
639 2056 766 2107 atque
810 2053 955 2095 eadem
1000 2069 1127 2096 causa
1170 2056 1413 2109 aequitatis

83 2108 384 2153 ‘ARMATISVEJ
446 2111 556 2160 Quid
588 2111 802 2153 dicemus?
852 2115 1060 2167 armatos,
1102 2113 1137 2154 si
1168 2113 1322 2154 Latine
1354 2114 1413 2154 lo-
1439 2125 1481 2156 60

84 2167 156 2222 qui
186 2169 395 2223 volumus,
430 2185 534 2225 quos
568 2171 784 2225 appellare
815 2185 913 2212 vere
945 2173 1201 2226 possumus?
1252 2170 1414 2226 Opinoi·

83 2240 173 2279 eos,
211 2228 282 2280 qui
315 2228 445 2269 scutis
486 2229 668 2283 telisque
700 2229 839 2283 parati
871 2230 1094 2285 ornatique
1133 2232 1242 2272 sunt.
1305 2229 1413 2278 Quid

82 2283 244 2339 igitur?
290 2286 325 2326 si
363 2286 501 2339 glebis
540 2290 613 2328 aut
651 2287 764 2328 saxis
805 2290 879 2329 aut
915 2287 1101 2329 fustibus
1141 2289 1324 2343 aliquem
1362 2288 1412 2330 de
