1619 2542
510 61 612 97 CAP.
642 65 778 97 18——20
803 64 822 104 g
848 64 928 95 41-
944 64 997 95 46.
1369 60 1425 101 33

89 158 138 207 Q.
171 156 384 212 Catulum,
415 157 460 199 P.
493 156 714 212 Crassum,
745 172 828 200 non
862 157 1020 198 litteris
1053 157 1248 198 homines
1282 156 1334 198 ad
1365 157 1427 198 rei

91 217 290 259 militaris
323 217 563 270 scientiam,
599 217 671 258 sed
703 216 829 258 rebus
862 216 995 271 gestis
1029 230 1078 257 ac
1109 215 1300 257 victoriis
1333 230 1425 257 eru-

90 276 212 317 ditos.
274 275 368 332 Age
401 290 520 330 vero,
552 290 663 317 nunc
694 275 868 316 inserite
901 274 1047 316 oculos
1079 274 1123 315 in
1154 274 1335 328 curiam,
1366 289 1427 315 in-

89 334 312 389 trospicite
337 334 506 389 penitus
538 334 583 375 in
610 334 748 376 omnis
780 334 842 375 rei
867 333 1062 389 publicae
1088 336 1251 387 partes3
1282 336 1427 375 utrum

0 415 3 419 >
54 404 70 428 5
90 393 244 434 videtis
275 393 382 434 nihil
420 407 547 448 posse
580 393 786 447 accidere,
817 395 865 434 ut
901 394 1010 434 tales
1043 391 1124 434 viri
1162 391 1427 434 desiderandi

92 452 188 505 sint,
220 466 287 506 an,
318 452 355 494 si
387 451 598 504 acciderit,
631 466 776 493 eorum
812 451 1033 493 hominum
1066 451 1188 506 copia
1219 451 1427 506 populum

90 510 331 552 Romanum
375 510 618 552 abundare?
681 510 797 559 Quae
838 510 875 551 si
916 510 1145 565 diligenter
1185 509 1427 563 attendetis,

90 568 299 623 profecto,
342 569 520 623 iudices,
563 568 702 610 virum
741 569 793 609 ad
831 569 1002 610 labores
1040 569 1145 610 belli
1183 568 1428 624 impigrum,

90 627 143 669 ad
174 628 362 682 pericula
392 628 564 680 fortem,
599 628 652 669 ad
683 642 806 668 usum
840 642 888 669 ac
920 627 1191 682 disciplinam
1229 629 1427 682 peritum,

40 697 71 721 10
92 686 144 727 ad
170 686 348 728 consilia
374 687 638 742 prudentem,
671 686 724 727 ad
749 701 894 728 casum
926 687 1228 740 fortunamque
1258 685 1427 728 felicem

91 745 206 787 domi
248 745 370 787 vobis
415 761 463 788 ac
504 745 650 787 liberis
691 744 845 786 vestris
889 745 1073 786 retinere
1115 759 1243 800 quam
1285 744 1428 786 inimi-

91 804 273 846 cissimis
316 806 474 860 populo
511 804 706 846 Romano
746 803 994 845 nationibus
1038 806 1081 845 et
1121 803 1428 845 crudelissimis

91 863 257 904 tradere
289 866 332 905 et
364 864 602 906 condonare
634 863 816 904 maletis.

181 923 267 974 [16.
299 924 360 974 34]
403 924 461 963 At
493 922 662 964 infestis
694 936 826 977 prope
862 921 997 977 signis
1031 921 1275 963 inferuntur
1312 921 1429 963 Galli
1443 907 1499 989 {40

40 991 71 1016 15
90 981 136 1022 in
154 979 209 1022 M.
223 979 447 1023 Fonteium
469 984 511 1022 et
528 982 695 1022 instant
714 983 842 1035 atque
861 983 1018 1036 urgent
1037 994 1204 1022 summo
1225 995 1320 1022 cum
1342 983 1429 1022 stu-

92 1040 173 1094 dio,
205 1054 373 1082 summa
404 1055 499 1082 cum
532 1039 719 1081 audacia.
779 1038 934 1092 Video,
965 1038 1142 1093 iudices3
1175 1039 1249 1081 sed
1279 1039 1429 1081 multis

92 1102 135 1140 et
165 1099 300 1140 firmis
333 1099 557 1153 praesidiis
588 1098 711 1140 vobis
744 1098 1012 1140 adiutoribus
1049 1097 1124 1140 isti
1155 1098 1334 1139 immani
1366 1101 1428 1139 at-

93 1171 173 1211 que
204 1157 498 1199 intolerandae
535 1158 760 1199 barbariae
798 1157 1058 1198 resistemus
1119 1157 1309 1198 Primum
1342 1157 1429 1198 obi-

92 1216 202 1257 citur
246 1219 394 1258 contra
438 1218 621 1258 istorum
666 1216 851 1269 impetus
894 1215 1162 1269 Macedonia,
1205 1215 1343 1257 fidelis
1387 1218 1430 1256 et

40 1284 73 1310 2⁰
93 1275 229 1316 amica
253 1276 411 1329 populo
437 1275 632 1317 Romano
658 1274 895 1329 provincia3
928 1288 1035 1328 quae
1062 1288 1158 1315 cum
1185 1288 1229 1315 se
1256 1288 1305 1315 ac
1331 1288 1429 1315 suas

92 1334 218 1375 urbes
249 1348 335 1375 non
367 1335 507 1376 solum
538 1333 734 1387 consilio,
766 1333 839 1375 sed
871 1333 1002 1374 etiam
1034 1347 1164 1374 manu
1197 1332 1252 1374 M.
1278 1332 1430 1374 Fontei

93 1395 388 1434 conservatam
421 1407 512 1435 esse
544 1393 669 1446 dicat,
699 1394 748 1433 ut
778 1392 855 1433 illa
886 1406 961 1445 per
992 1391 1104 1433 hunc
1137 1406 1161 1432 a
1193 1390 1429 1433 Thraecum

94 1450 276 1492 adventu
314 1466 361 1494 ac
405 1452 734 1506 depopulatione
779 1450 952 1491 defensa
991 1453 1064 1502 est,
1108 1449 1167 1491 sic
1209 1450 1262 1490 ab
1303 1449 1429 1490 huius

93 1523 204 1551 nunc
248 1510 387 1563 capite
429 1509 655 1551 Gallorum
698 1509 884 1564 impetus
929 1511 1199 1562 terroresque
1242 1508 1428 1562 depellit.

41 1577 74 1603 25
95 1569 174 1620 [35]
199 1565 485 1609 Constituitur
505 1582 556 1609 ex
577 1569 712 1609 altera
737 1570 859 1620 parte
880 1566 1059 1608 ulterior
1077 1565 1300 1621 Hispania,
1322 1581 1429 1621 quae

94 1626 285 1681 profecto
317 1641 404 1668 non
429 1626 554 1668 modo
581 1625 789 1681 religione
821 1640 898 1667 sua
923 1625 1121 1667 resistere
1147 1625 1329 1667 istorum
1361 1640 1428 1667 cu-

94 1685 265 1738 piditati
296 1687 452 1739 potest,
485 1685 557 1727 sed
590 1684 720 1726 etiam
753 1683 1057 1725 sceleratorum
1087 1684 1306 1725 hominum
1337 1699 1430 1740 per-

94 1744 205 1785 iuria
235 1744 495 1785 testimoniis
537 1757 585 1785 ac
617 1742 935 1784 laudationibus
968 1743 1055 1784 suis
1094 1742 1293 1785 refutare.
1354 1742 1429 1784 At-

96 1816 176 1857 que
217 1817 266 1843 ex
306 1803 400 1858 ipsa
443 1803 573 1844 etiam
617 1801 759 1843 Gallia
798 1801 1048 1843 fidelissima
1091 1804 1134 1842 et
1175 1801 1429 1856 gravissima

43 1870 77 1896 80
97 1861 255 1902 auxilia
295 1864 530 1903 sumuntur.
592 1860 721 1902 Venit
758 1859 856 1901 huic
887 1859 1075 1901 subsidio
1113 1861 1269 1902 misero
1303 1863 1429 1915 atque

94 1919 313 1961 innocenti
350 1919 681 1961 Massiliensium
719 1921 870 1960 cuncta
901 1918 1070 1972 civitas,
1109 1933 1216 1973 quae
1247 1933 1335 1960 non
1366 1933 1429 1960 so-

95 1978 185 2019 lum
212 1978 265 2020 ob
299 1993 391 2019 eam
418 1993 590 2020 causam
621 1978 803 2031 laborat,
833 1979 882 2018 ut
912 1977 1022 2029 huic,
1054 1992 1078 2018 a
1110 1991 1192 2031 quo
1217 1977 1312 2031 ipsa
1345 1991 1430 2018 ser-

96 2039 197 2077 vata
229 2039 310 2091 est,
348 2052 493 2090 parem
527 2036 713 2092 gratiam
750 2035 906 2076 referre
943 2035 1155 2089 videatur,
1195 2036 1267 2076 sed
1300 2035 1429 2076 etiam

98 2095 209 2149 quod
241 2109 291 2136 ea
321 2096 565 2137 condicione
597 2098 725 2148 atque
750 2108 799 2135 eo
830 2094 921 2135 fato
954 2109 999 2136 se
1030 2095 1074 2135 in
1105 2094 1157 2135 iis
1189 2093 1314 2135 terris
1347 2093 1430 2134 col-

46 2164 78 2190 35
97 2153 284 2194 locatam
322 2168 413 2195 esse
457 2154 707 2205 arbitratur,
749 2167 802 2194 ne
843 2153 943 2207 quid
982 2152 1142 2194 nostris
1182 2151 1428 2193 hominibus

1455 1576 1499 1608 45

97 2211 205 2252 istae
227 2215 374 2267 gentes
393 2227 544 2254 nocere
563 2212 742 2266 possint.
784 2212 863 2263 [36]
896 2211 1146 2266 Propugnat
1170 2210 1331 2265 pariter
1350 2224 1427 2264 pro
1454 2219 1497 2250 46

99 2270 237 2311 salute
267 2269 324 2311 M.
356 2270 507 2312 Fontei
537 2269 831 2312 Narbonensis
863 2270 1039 2323 colonia,
1074 2283 1181 2323 quae
1212 2282 1289 2323 per
1318 2268 1430 2310 hunc

170 2344 240 2370 cio.
259 2345 300 2371 11.
319 2345 344 2369 2.
1199 2341 1219 2371 3
