1619 2542
516 95 618 131 CAP.
646 99 702 138 34,
728 98 771 129 35
799 97 818 137 ξ
844 97 994 129 92—97.
1343 91 1429 133 223

92 192 177 234 nisi
207 193 346 234 multa
377 192 543 234 cultura
575 194 618 232 et
649 204 805 246 magno
837 190 984 231 labore
1011 189 1265 244 quaesitum.
1309 187 1430 230 Cam·

93 252 193 306 pani
220 265 386 306 semper
412 250 585 305 superbi
610 250 804 291 bonitate
825 263 1028 304 agrorum
1049 250 1092 289 ct
1109 247 1327 288 fructuum
1347 262 1432 288 ma-

95 310 330 366 gnitudine,
355 309 472 350 urbis
495 309 761 358 salubritate,
789 307 1075 361 discriptione,
1103 306 1433 360 pulchritudine.

93 369 159 410 Ex
191 369 270 410 hac
301 369 425 421 copia
451 370 578 421 atque
604 367 794 408 omnium
820 380 962 407 rerum
990 364 1221 407 adfluentia
1247 364 1433 419 primum

58 428 169 469 5illa
207 426 427 481 Campana
462 429 566 467 nata
604 429 669 467 est
706 426 972 480 arrogantia,
1012 439 1096 478 qua
1134 439 1159 464 a
1198 423 1433 464 maioribus

93 486 253 528 nostris
293 487 475 527 alterum
514 484 660 539 Capua
697 485 914 525 consulem
954 483 1247 538 postularunt,
1286 481 1433 523 deinde

96 560 145 586 ea
176 545 375 598 luxuries,
407 558 514 598 quae
545 543 687 598 ipsum
713 543 1001 584 Hannibalem
1027 541 1157 583 armis
1185 541 1315 583 etiam
1340 543 1433 582 tum

94 603 301 645 invictum
332 603 554 657 voluptate
585 602 699 643 vicit.
743 600 840 642 Huc
871 601 945 641 isti
977 599 1206 642 decemviri
1238 614 1334 641 cum
1360 612 1432 642 100

95 663 343 704 colonorum
368 676 417 702 ex
443 662 537 716 lege
557 660 673 702 Rulli
694 660 958 712 deduxerint,
983 661 1154 701 centum
1175 658 1434 712 decuriones,

44 734 77 759 10
97 722 240 762 decem
263 735 455 776 augures,
476 734 548 761 sex
567 719 791 774 pontifices
806 718 1120 771 constituerint,
1141 732 1246 771 quos
1261 717 1434 758 illorum

97 780 280 833 animos,
318 794 423 834 quos
462 778 666 833 impetus,
705 793 831 832 quam
869 777 1075 818 ferociam
1111 776 1202 817 fore
1240 775 1434 830 putatis?

96 838 280 879 Romam
306 838 350 879 in
382 838 601 879 montibus
626 837 815 891 positam
842 838 884 877 et
909 835 1189 888 convallibus,
1221 834 1434 876 cenaculis

96 898 312 938 sublatam
339 899 465 950 atque
492 910 755 950 suspensam,
780 909 864 936 non
891 894 1078 949 optumis
1099 893 1192 947 viis,
1220 893 1434 948 angustis-

97 956 216 996 simis
255 955 418 996 semitis
455 970 557 1010 prae
598 969 674 996 sua
705 953 852 1008 Capua
883 953 1135 1008 planissimo
1167 953 1213 993 in
1243 952 1338 993 loco
1370 966 1435 992 ex-

44 1026 77 1052 15
97 1015 257 1069 plicata
284 1029 332 1056 ac
356 1028 459 1068 prae
484 1013 572 1054 illis
592 1012 622 1064 ’ἶ-
643 1013 806 1054 semitis
831 1012 1070 1053 irridebunt
1096 1013 1224 1064 atque
1251 1012 1436 1052 contem-

96 1076 218 1127 nent3
266 1087 393 1128 agros
430 1086 531 1114 vero
570 1071 826 1113 Vaticanum
865 1073 908 1112 et
946 1070 1175 1124 Pupiniam
1213 1084 1309 1111 cum
1349 1069 1436 1109 suis

98 1132 252 1185 opimis
280 1135 408 1186 atque
434 1131 637 1172 uberibus
665 1130 828 1184 campis
855 1129 1133 1171 conferendos
1162 1128 1326 1170 scilicet
1350 1142 1437 1168 non

95 1191 327 1245 putabunt,
358 1190 611 1244 oppidorum
645 1193 786 1230 autem
812 1188 1095 1229 finitimorum
1119 1187 1240 1228 illam
1267 1186 1435 1241 copiam

96 1264 191 1290 cum
235 1249 315 1291 hac
357 1263 433 1303 per
476 1248 611 1289 risum
653 1262 701 1289 ac
743 1248 882 1288 iocum
925 1246 1200 1299 contendent3
1241 1244 1436 1298 Labicos,

43 1319 78 1345 20
96 1307 297 1362 Fidenas,
330 1306 574 1360 Collatiam,
603 1307 744 1361 ipsum
777 1306 919 1346 hercle
950 1304 1202 1357 Lanuvium,
1234 1303 1436 1356 Ariciam,

96 1365 329 1407 Tusculum
343 1381 438 1407 cum
454 1365 641 1418 Calibus,
660 1365 816 1416 Teano,
836 1363 1031 1417 Neapoli,
1051 1362 1258 1414 Puteolis,
1278 1360 1436 1411 Cumis,

96 1424 331 1478 Pompeiis,
373 1423 558 1465 Nuceria
602 1423 923 1477 comparabunt.
995 1420 1158 1469 Quibus
1201 1420 1267 1460 illi
1308 1420 1435 1461 rebus

99 1483 201 1523 elati
239 1485 282 1523 et
319 1482 459 1523 infiati
498 1481 681 1522 fortasse
720 1495 807 1521 11011
847 1480 1068 1532 continuo,
1113 1479 1186 1519 sed
1224 1480 1356 1531 certe,
1401 1477 1438 1518 si

97 1541 273 1595 paulum
305 1540 624 1594 adsumpserint
655 1538 885 1580 vetustatis
919 1553 967 1579 ac
998 1537 1185 1590 roboris,
1222 1551 1308 1577 non
1340 1550 1437 1577 con-

46 1612 79 1638 25
98 1600 364 1652 tincbuntur3
391 1598 718 1653 progredientur
744 1596 896 1649 cuncti,
923 1596 1160 1637 ecferentur
1186 1595 1438 1650 singulares.

97 1658 239 1699 Homo
283 1657 477 1712 privatus
521 1656 606 1696 11131
649 1670 807 1710 magna
851 1654 1063 1709 sapientia
1105 1654 1322 1709 praeditus
1365 1654 1437 1695 vix

97 1716 294 1759 cancellis
339 1718 381 1756 et
426 1715 672 1770 regionibus
711 1713 842 1755 officii
878 1713 1046 1767 magnis
1086 1712 1131 1753 in
1166 1711 1352 1753 fortunis
1395 1718 1438 1753 et

98 1775 232 1831 copiis
258 1774 516 1827 continetur,
552 1773 707 1814 nedum
738 1772 813 1813 isti
845 1772 897 1812 ab
930 1771 1058 1812 Rullo
1091 1773 1134 1812 et
1168 1770 1287 1812 Rulli
1319 1770 1438 1811 311111-

98 1835 211 1875 libus
248 1833 479 1887 conquisiti
518 1834 645 1886 atque
684 1830 809 1872 electi
846 1830 986 1871 coloni
1018 1828 1189 1884 Capuae
1227 1829 1273 1870 in
1305 1829 1436 1870 domi-

46 1903 81 1929 30
101 1892 198 1934 01110
246 1892 470 1946 superbiae
509 1893 636 1944 atque
674 1889 719 1930 in
757 1889 926 1930 sedibus
972 1888 1202 1929 luxuriosis
1241 1887 1438 1930 collocati

99 1965 186 1992 non
219 1951 366 1992 statim
399 1948 679 2004 conquisituri
706 1947 792 1988 sint
819 1946 980 2001 aliquid
1006 1946 1176 1988 sceleris
1203 1948 1246 1987 et
1269 1946 1439 2001 flagitii,

100 2009 230 2050 immo
268 2023 368 2050 vero
412 2008 541 2049 etiam
579 2007 660 2048 hoc
699 2005 838 2061 magis
877 2020 1005 2059 quam
1040 2005 1108 2046 illi
1139 2007 1304 2047 veteres
1344 2019 1437 2059 ger-

101 2067 299 2120 manique
332 2066 551 2120 Campani,
584 2065 697 2119 quod
728 2064 773 2104 in
804 2066 945 2105 vetere
976 2064 1150 2105 fortuna
1180 2063 1279 2104 illos
1311 2065 1437 2103 natos

103 2128 145 2167 et
187 2125 387 2166 educatos
426 2124 583 2165 nimiae
621 2126 767 2164 tamen
799 2137 942 2163 rerum
974 2122 1163 2163 omnium
1196 2122 1340 2175 copiae
1373 2120 1439 2160 de-

47 2194 81 2221 35
100 2184 358 2238 pravabant,
394 2182 440 2223 hi
477 2197 527 2224 ex
568 2196 733 2223 summa
771 2182 962 2235 egestate
1000 2181 1044 2221 in
1082 2180 1257 2222 eandem
1296 2193 1439 2220 rerum

102 2242 410 2284 abundantiam
445 2240 631 2282 traducti
662 2254 748 2280 non
781 2239 918 2280 solum
950 2239 1092 2294 copia,
1128 2252 1275 2280 verum
1309 2237 1439 2278 etiam

102 2300 335 2342 insolentia
367 2299 758 2341 commovebuntur.

1460 613 1504 644 96

1462 1431 1506 1463 97
