1619 2542
71 261 115 292 88

139 95 225 137 220
444 95 508 130 DE
534 94 658 129 LEGE
684 93 900 129 AGRARIA
927 92 1103 128 ORATIO
1131 92 1176 126 ΙΙ.

140 194 332 234 recreata
364 205 589 246 exsurgere
623 192 750 244 atque
783 190 945 244 erigere
979 203 1023 230 se
1054 191 1243 243 possent,
1273 187 1478 242 funditus,

141 253 190 292 ut
228 251 331 303 dixi,
370 250 647 291 sustulerunt.
714 248 778 289 De
818 246 965 302 Capua
1003 247 1186 288 multum
1225 249 1291 288 est
1328 249 1370 288 et
1407 246 1478 287 diu

142 310 402 363 consultum3
448 310 594 349 extant
638 307 828 360 litterae,
873 306 1075 359 Quirites,
1123 305 1336 360 publicae,
1381 307 1480 346 sunt

142 370 317 410 senatus
356 367 552 409 consulta
589 366 821 419 complura.
891 364 1145 406 Statuerunt
1182 364 1377 406 homines
1416 378 1478 405 sa-

141 427 326 482 pienteS,
366 426 401 467 si
434 426 584 479 agrum
618 423 848 478 Campanis
881 423 1155 475 ademissent,
1187 423 1514 478 magistratuS,5

145 488 354 537 senatum,
385 484 604 539 publicum
631 497 681 524 ex
706 483 784 523 illa
809 481 913 523 urbe
941 482 1167 523 consilium
1194 481 1480 534 sustulissent,

143 543 378 598 imaginem
409 542 470 583 rei
502 541 698 596 publicae
729 541 894 582 nullam
926 541 1211 594 reliquissent,
1242 539 1351 581 nihil
1376 538 1481 593 fore,

144 602 257 657 quod
288 601 480 656 Capuam
512 601 772 641 timeremus.
832 599 983 653 Itaque
1014 599 1095 640 hoc
1121 598 1406 653 perscriptum
1435 597 1481 638 in

144 660 432 702 monumentis
465 659 681 700 veteribus
713 658 952 713 reperietis,
990 660 1038 698 ut
1071 659 1183 698 esset
1215 657 1336 711 urbs,
1374 670 1481 710 quae

143 733 211 760 res
244 733 327 773 eas,
359 718 512 773 quibus
546 731 648 773 ager
680 716 923 772 Campanus
953 717 1176 770 coleretur,
1210 714 1481 770 suppeditare
1503 725 1536 750 10

143 780 302 832 posset,
333 780 382 818 ut
407 779 520 818 esset
546 776 664 818 locus
691 775 1008 830 comportandis
1034 774 1346 828 condendisque
1370 772 1483 814 fruc-

144 836 280 890 tibus,
319 838 368 877 ut
411 838 599 876 aratores
632 835 749 876 cultu
782 848 981 889 agrorum
1015 833 1170 874 defessi
1201 832 1318 874 urbis
1352 832 1483 873 domi—

146 895 256 936 ciliis
294 897 533 946 uterentur,
570 893 726 934 idcirco
765 892 839 933 illa
872 892 1062 933 aedificia
1092 906 1178 933 non
1209 905 1301 932 esse
1333 890 1483 932 deleta.

76 938 132 1020 ἓξ
146 952 315 1007 Videte,
366 955 572 1006 quantum
621 951 899 992 intervallum
950 950 1005 992 sit
1054 951 1323 991 interiectum
1372 949 1484 989 inter

82 1723 127 1753 90

147 1012 359 1053 maiorum
383 1013 631 1051 nostrorum
657 1010 836 1051 consilia
862 1013 904 1050 et
930 1010 1041 1050 inter
1062 1010 1242 1050 istorum
1262 1007 1484 1050 hominum
1506 1017 1538 1043 15

149 1070 417 1111 dementiam.
468 1068 540 1109 Illi
566 1067 758 1122 Capuam
784 1068 1097 1122 receptaculum
1125 1070 1356 1120 aratorum,
1381 1080 1485 1107 nun-

149 1128 270 1170 dinas
296 1127 567 1180 rusticorum,
598 1127 749 1168 cellam
777 1129 902 1179 atque
928 1126 1129 1167 horreum
1156 1124 1368 1179 Campani
1393 1124 1486 1179 agri

149 1201 242 1228 esse
274 1186 513 1239 voluerunt,
542 1185 588 1226 hi
620 1185 807 1238 expulsis
834 1184 1088 1237 aratoribus,
1121 1183 1265 1224 effusis
1292 1197 1340 1224 ac
1365 1182 1486 1223 dissi-

148 1245 262 1300 patis
302 1244 513 1285 fructibus
544 1243 699 1285 vestris
738 1243 914 1284 eandem
947 1241 1138 1296 Capuam
1178 1241 1319 1282 sedem
1350 1255 1484 1282 novae

149 1303 211 1345 rei
247 1303 443 1356 publicae
480 1303 763 1354 constituunt,
805 1301 961 1342 molem
1000 1304 1148 1342 contra
1178 1303 1364 1341 veterem
1395 1313 1484 1340 rem
1505 1310 1540 1335 20

149 1362 366 1417 publicam
411 1363 674 1415 comparant.
743 1359 901 1408 Quodsi
945 1359 1127 1401 maiores
1165 1358 1303 1400 nostri
1343 1357 1486 1399 existi-

151 1422 341 1462 massent
383 1434 640 1474 quemquam
680 1419 723 1460 in
763 1421 854 1460 tam
895 1417 1056 1459 illustri
1095 1417 1276 1472 imperio
1317 1419 1359 1457 et
1396 1418 1486 1457 tam

150 1479 371 1533 praeclara
408 1478 556 1532 populi
592 1477 775 1519 Romani
813 1476 1037 1531 disciplina
1073 1476 1135 1518 M.
1167 1474 1290 1516 Bruti
1329 1476 1403 1516 aut
1442 1474 1488 1517 P.

150 1537 271 1579 Rulli
316 1537 501 1577 similem
545 1536 736 1577 futurum
782 1534 879 1590 (hos
924 1535 1036 1576 enim
1079 1549 1156 1576 nos
1201 1534 1306 1575 duos
1351 1533 1487 1574 adhuc

151 1595 347 1649 vidimus,
380 1595 452 1649 qui
477 1595 587 1636 hanc
613 1609 702 1635 rem
727 1594 944 1648 publicam
971 1592 1161 1647 Capuam
1187 1595 1325 1634 totam
1351 1594 1486 1633 trans·
1507 1602 1540 1628 25

151 1653 262 1695 ferre
300 1651 495 1708 vellent),
536 1653 728 1708 profecto
765 1666 921 1693 nomen
957 1651 1074 1692 illius
1112 1651 1230 1692 urbis
1267 1665 1353 1692 non
1393 1649 1487 1690 reli-

155 1712 358 1766 quissent.
396 1711 556 1752 Verum
584 1711 906 1753 arbitrabantur
932 1709 1129 1752 Corinthi
1154 1712 1196 1750 et
1223 1707 1487 1762 Carthagini,

155 1770 323 1811 etiamsi
357 1774 550 1811 senatum
579 1773 621 1810 et
646 1770 928 1825 magistratus
955 1768 1228 1810 sustulissent
1254 1780 1487 1821 agrumque

154 1828 317 1869 civibus
350 1828 627 1881 ademissent,
665 1830 810 1869 tamen
841 1842 928 1869 non
959 1827 1118 1879 defore,
1157 1825 1229 1879 qui
1259 1825 1333 1865 illa
1363 1823 1487 1865 resti-

154 1888 323 1927 tuerent
355 1888 483 1940 atque
510 1886 581 1940 qui
609 1889 706 1927 ante
733 1886 876 1927 omnia
902 1885 1225 1933 commutarent,
1257 1897 1384 1937 quam
1410 1896 1486 1924 nos
1507 1893 1541 1919 30

156 1944 301 1986 audire
333 1958 573 1998 possemus,
605 1944 674 1986 hic
705 1959 805 1985 vero
830 1945 874 1984 in
901 1943 1032 1985 oculis
1059 1944 1230 1983 senatus
1256 1941 1488 1995 populique

153 2002 337 2044 Romani
374 2002 481 2043 nihil
514 2017 637 2055 posse
669 2002 867 2057 existere,
905 2001 1016 2055 quod
1045 2015 1131 2041 non
1165 2002 1262 2040 ante
1295 1999 1488 2054 extingui

155 2064 282 2115 atque
327 2060 511 2115 opprimi
554 2063 718 2114 posset,
764 2075 892 2114 quam
935 2059 1061 2113 plane
1106 2060 1217 2099 esset
1259 2060 1400 2099 ortum
1441 2071 1489 2098 ac

153 2125 316 2161 natum.
384 2118 532 2172 Neque
575 2133 674 2159 vero
719 2133 768 2159 ea
810 2133 877 2159 res
921 2117 1075 2158 fefellit
1112 2116 1304 2158 homines
1344 2115 1488 2157 divina

156 2180 298 2219 mente
337 2179 379 2218 et
417 2176 594 2218 consilio
633 2177 858 2230 praeditos.
918 2174 1031 2216 Nam
1068 2177 1168 2228 post
1206 2174 1253 2222 Q.
1290 2174 1485 2215 Fulvium
1505 2183 1539 2209 35

156 2235 202 2285 Q.
235 2235 415 2277 Fabium
448 2235 654 2287 consules,
687 2235 839 2288 quibus
872 2232 1116 2275 consulibus
1144 2231 1291 2287 Capua
1323 2232 1487 2273 devicta

157 2298 283 2349 atque
322 2296 448 2348 capta
486 2295 568 2347 est,
605 2292 713 2333 nihil
753 2295 818 2333 est
855 2292 899 2332 in
935 2291 1012 2332 illa
1049 2291 1153 2332 urbe
1193 2293 1341 2333 contra
1377 2289 1486 2331 hanc
