1619 2542
100 333 144 364 136

98 1010 154 1092 {4

97 1619 140 1651 58

97 2146 138 2178 69

171 110 227 150 60
535 109 629 146 PRO
655 109 697 144 A.
725 109 934 145 CAECINA
961 109 1149 147 ORATIO.

169 208 425 261 versutoque
457 206 548 248 iure
579 221 669 248 rem
695 206 874 248 iudicari
901 208 1116 261 oportere3
1148 206 1355 261 scriptum
1386 208 1507 262 sequi

169 264 493 306 calumniatoris
527 279 618 306 esse
651 265 866 319 †bonique
898 264 1048 306 iudicis
1082 264 1346 306 voluntatem
1377 267 1506 320 scrip-

169 323 278 364 toris
312 323 699 377 auctoritatemque
738 323 972 364 defendere.
1033 323 1083 364 In
1120 323 1206 365 ista
1236 338 1336 365 vero
1368 338 1507 378 causa,

170 395 265 423 cum
297 384 345 423 tu
377 382 436 423 sis
468 382 526 436 is,
559 382 630 436 qui
661 384 704 423 te
736 382 866 423 verbo
899 382 1127 436 litteraque
1159 381 1379 436 defendas,
1410 397 1506 424 cum

169 443 268 481 tuae
301 440 387 481 sint
411 440 493 482 hae
518 444 682 495 partes:
715 439 853 482 ‘Unde
883 440 1068 482 deiectus
1095 441 1168 482 es‘?
1202 455 1256 482 an
1280 441 1390 495 inde,
1422 456 1505 496 quo
1524 452 1541 478 5

169 498 414 553 prohibitus
455 513 498 540 es
549 499 774 541 accedere?
824 498 1004 541 reiectus
1048 514 1109 553 es,
1158 513 1245 541 non
1293 499 1505 554 deiectus,'

170 571 265 597 cum
291 560 366 598 tua
392 558 450 598 sit
474 557 579 600 haec
606 557 762 599 oratio:
795 557 964 600 ‘Fateor
989 572 1056 599 me
1080 558 1276 599 homines
1303 558 1505 613 coegisse,

170 615 307 656 fateor
345 630 553 669 armasse,
594 616 734 657 fateor
771 616 850 657 tibi
888 619 1072 658 mortem
1110 631 1201 658 esse
1246 616 1506 671 minitatum,

168 673 308 715 fateor
340 675 443 716 haec
475 675 702 716 interdicto
735 675 947 729 praetoris
979 675 1202 728 vindicari,
1235 675 1270 716 si
1301 676 1504 717 voluntas

170 735 212 773 et
244 732 437 787 aequitas
469 733 628 786 valeat3
663 733 735 774 sed
767 747 846 789 ego
879 733 1048 775 invenio
1080 734 1124 774 in
1154 733 1383 775 interdicto
1415 748 1506 775 ver·
1525 745 1560 772 ιο

168 791 270 832 bum
302 806 445 843 unum,
476 792 551 833 ubi
577 792 832 833 delitiscam:
864 791 978 833 ‘Non
1011 792 1141 834 deieci
1173 795 1215 833 te
1242 807 1292 833 ex
1323 807 1372 834 eo
1398 793 1505 844 loco,

170 864 295 903 quem
321 850 366 890 in
396 850 538 891 locum
563 850 764 904 prohibui
789 865 841 892 ne
867 850 1066 892 venires²⁹
1096 874 1145 880 —
1173 851 1218 892 in
1248 851 1334 892 ista
1365 850 1503 892 defen-

169 908 286 950 sione
325 923 500 950 accusas
538 923 627 963 eos,
673 909 745 964 qui
782 910 1079 963 consuluntur,
1123 909 1235 964 quod
1275 909 1503 964 aequitatis

168 969 370 1008 censeant
401 968 626 1021 rationem,
657 982 744 1009 non
775 968 894 1009 verbi
924 968 1074 1009 habeii
1107 968 1332 1022 oportere?

257 1025 315 1066 Et
352 1025 435 1069 hoc
473 1027 566 1068 loco
600 1001 848 1068 S'caevolam
881 1026 1025 1068 dixisti
1064 1041 1235 1067 causam
1268 1026 1380 1081 apud
1412 1041 1504 1068 cen·
1524 1038 1558 1065 15

123 1062 378 1125 7tuniviros
404 1099 490 1125 non
515 1085 722 1138 tenuisse,
753 1100 876 1139 quem
905 1099 984 1140 ego
1012 1087 1138 1126 antea
1163 1086 1505 1151 commemoravi,

168 1157 262 1183 cum
294 1142 402 1183 idem
437 1142 615 1197 faceret,
653 1144 764 1209 quod
796 1147 843 1184 tu
873 1158 1002 1196 nunc,
1040 1143 1213 1185 tametsi
1249 1144 1321 1185 ille
1352 1144 1397 1184 in
1429 1144 1503 1185 ali-

168 1215 251 1254 qua
283 1215 412 1242 causa
441 1201 639 1255 faciebat,
672 1204 719 1243 tu
750 1202 796 1242 in
824 1202 945 1243 nulla
975 1202 1093 1256 facis,
1125 1205 1270 1243 tamen
1297 1202 1503 1256 probasse

166 1259 336 1312 nemini,
369 1260 481 1313 quod
507 1260 771 1313 defendebat,
798 1260 898 1314 quia
923 1260 1063 1302 verbis
1090 1274 1337 1315 oppugnare
1365 1261 1503 1315 aequi-

166 1320 304 1358 tatem
340 1318 577 1359 videbatur.
651 1317 758 1360 Cum
796 1319 839 1359 id
877 1318 1026 1372 miror,
1071 1322 1113 1360 te
1151 1319 1232 1360 hoc
1267 1319 1312 1359 in
1346 1319 1426 1360 hac
1456 1333 1501 1360 re
1522 1331 1556 1356 20

169 1376 310 1418 alieno
342 1379 533 1431 tempore
566 1379 609 1417 et
647 1380 812 1431 contra,
853 1392 981 1431 quam
1012 1377 1097 1418 ista
1133 1391 1261 1419 causa
1292 1377 1503 1431 postulas·

168 1437 244 1488 set,
270 1434 521 1489 defendisse,
546 1438 639 1476 tum
659 1436 764 1477 illud
784 1436 914 1491 vulgo
940 1436 985 1477 in
1012 1436 1180 1477 iudiciis
1208 1439 1249 1477 et
1274 1450 1361 1477 non
1384 1451 1503 1477 num-

169 1507 297 1547 quam
336 1493 389 1535 ab
428 1494 663 1548 ingeniosis
708 1494 952 1536 hominibus
994 1494 1162 1535 defendi
1204 1494 1309 1535 mihi
1348 1495 1503 1536 mirum

166 1552 301 1593 videri
333 1552 455 1606 solet,
488 1567 565 1594 nec
596 1552 699 1594 iuris
733 1553 937 1595 consultis
969 1553 1141 1594 concedi
1172 1567 1250 1594 nec
1280 1553 1346 1594 ius
1379 1553 1501 1595 civile

165 1610 210 1651 in
242 1610 381 1652 causis
406 1625 582 1676 semper
613 1612 756 1653 valere
787 1614 995 1667 oportere.
1056 1610 1170 1652 Nam
1201 1611 1282 1653 hoc
1313 1611 1387 1666 qui
1417 1611 1501 1652 dis-
1521 1622 1555 1649 25

166 1671 341 1734 putant,
381 1669 417 1710 si
454 1669 497 1710 id
530 1670 692 1724 dicunt,
730 1685 816 1711 non
854 1672 968 1711 recte
1001 1670 1160 1724 aliquid
1199 1673 1385 1711 statuere
1416 1684 1501 1723 eos,

168 1726 239 1780 qui
271 1728 566 1781 consulantur,
596 1743 683 1770 non
713 1729 794 1770 hoc
827 1729 982 1769 debent
1014 1729 1167 1782 dicere,
1199 1729 1302 1769 iuris
1335 1728 1500 1769 consul-

166 1785 242 1838 tis,
281 1785 352 1826 sed
382 1785 629 1828 hominibus
663 1788 808 1828 stultis
845 1787 1132 1842 obtemperari
1167 1801 1254 1828 non
1286 1789 1500 1841 oportere,

167 1843 233 1884 sin
263 1843 362 1884 illos
396 1847 510 1885 recte
541 1846 797 1900 respondere
826 1845 1061 1887 concedunt
1093 1847 1136 1886 et
1167 1845 1292 1886 aliter
1323 1844 1500 1886 iudicari

167 1902 312 1943 dicunt
345 1905 558 1956 oportere,
591 1904 702 1945 male
734 1904 911 1946 iudicari
943 1906 1140 1958 oportere
1172 1903 1334 1956 dicunt3
1364 1917 1499 1958 neque
1518 1914 1554 1940 3⁰

166 1960 278 2002 enim
310 1960 402 2001 fieri
432 1964 593 2015 potest,
630 1964 678 2002 ut
710 1962 826 2003 aliud
855 1962 1032 2003 iudicari
1063 1962 1113 2002 de
1144 1962 1253 2015 iure,
1290 1961 1407 2002 aliud
1437 1975 1500 2003 re-

166 2018 363 2073 sponderi
379 2022 586 2073 oporteat,
605 2034 683 2061 nec
702 2023 750 2061 ut
770 2020 994 2074 quisquam
1008 2019 1112 2060 iuris
1125 2022 1371 2061 numeretur
1390 2020 1498 2075 peri—

165 2080 248 2130 tus,
277 2078 350 2132 qui
369 2077 413 2118 id
433 2079 597 2119 statuat
623 2092 713 2119 esse
738 2079 816 2132 ius,
841 2079 953 2133 quod
977 2092 1064 2119 non
1089 2081 1286 2132 oporteat
1310 2078 1499 2120 iudicari.

168 2136 243 2177 ‘At
269 2139 335 2177 est
367 2135 595 2190 aliquando
622 2140 771 2178 contra
807 2135 1067 2178 iudicatum?
1131 2136 1321 2178 Primum
1353 2139 1498 2178 utrum

165 2197 276 2235 recte
299 2209 353 2235 an
373 2193 623 2247 perperam?
658 2193 700 2235 Si
722 2198 847 2248 recte,
867 2195 909 2235 id
928 2195 1010 2235 fuit
1030 2195 1106 2248 ius,
1133 2195 1244 2248 quod
1264 2195 1498 2236 iudicatum
1517 2204 1550 2231 35

166 2255 248 2302 est3
282 2252 347 2294 sin
373 2253 510 2306 aliter,
534 2267 620 2294 non
646 2253 821 2294 dubium
848 2255 925 2306 est,
956 2256 1098 2294 utrum
1123 2253 1281 2295 iudices
1309 2267 1363 2294 an
1392 2253 1497 2294 iuris

165 2311 349 2353 consulti
374 2310 642 2366 vituperandi
670 2311 766 2352 sint.
807 2310 982 2366 Deinde,
1008 2311 1044 2352 si
1065 2311 1114 2352 de
1133 2312 1222 2353 iure
1243 2312 1359 2353 vario
1379 2311 1498 2366 quip-
