1619 2542
463 84 564 119 CAP.
592 87 730 119 66-68
756 88 776 127 ἓ
804 87 999 120 188-193.
1300 85 1383 125 173

41 179 200 221 minem
225 177 410 235 putavit,
442 180 528 221 nisi
555 180 627 234 qui
652 180 697 222 in
722 180 1046 222 matrimonium
1074 195 1266 223 sororem
1293 181 1383 222 eius

42 241 169 279 antea
194 238 395 280 duxisset.
458 238 600 280 Ceteri
629 239 751 280 novis
784 239 1079 281 adfinitatibus
1113 239 1285 281 adducti
1318 255 1384 281 ve-

41 300 153 338 teres
194 297 440 338 inimicitias
479 312 606 352 saepe
649 297 887 352 deponunt3
924 298 1001 339 illa
1033 298 1117 339 sibi
1148 298 1201 340 ad
1232 299 1383 340 confir-

42 355 218 397 mandas
261 356 510 397 inimicitias
559 356 792 398 adfinitatis
832 357 1175 399 coniunctionem
1211 357 1384 412 pignori

5 414 132 456 5f0re
176 415 357 468 putavit.
425 414 572 468 Neque
610 415 656 455 in
693 430 741 456 eo
782 415 922 456 solum
960 415 1142 471 diligens
1180 415 1281 469 fuit,
1324 419 1372 456 ut
1389 428 1451 458 191

43 476 336 514 accusatorem
367 473 456 514 filio
490 488 566 514 suo
593 477 874 527 compararet,
907 474 980 515 sed
1006 475 1138 515 etiam
1163 474 1383 529 cogitavit,

43 531 197 585 quibus
231 546 327 573 eum
360 532 486 573 rebus
520 535 719 573 armaret.
769 532 881 573 Hinc
914 533 1028 574 enim
1053 533 1153 574 illae
1181 533 1384 574 sollicita-

42 590 181 631 tiones
214 605 436 631 servorum
468 593 511 631 et
542 591 670 632 minis
705 593 747 632 et
778 591 1021 645 promissis,
1063 591 1162 633 hinc
1191 592 1292 633 illae
1323 594 1384 633 in-

41 648 188 690 finitae
228 649 628 704 crudelissimaeque
661 649 711 690 de
743 652 880 691 morte
914 649 1140 704 Oppianici
1171 651 1384 705 quaestio-

7 717 130 759 ones‚
163 708 315 761 quibus
347 708 476 749 finem
509 708 740 762 aliquando
772 723 856 749 non
891 709 1081 751 mulieris
1114 710 1277 763 modus,
1310 709 1384 750 sed

43 766 277 807 amicorum
327 766 561 808 auctoritas
609 766 729 820 fecit3
781 767 834 808 ab
887 767 1036 808 eodem
1080 768 1238 809 scelere
1281 768 1382 809 illae

42 824 227 867 triennio
281 827 380 879 post
428 825 602 866 habitae
656 825 799 867 Larini
848 826 1138 880 quaestiones,
1194 827 1382 868 eiusdem

45 884 257 925 amentiae
281 883 417 925 falsae
445 884 781 938 conscriptiones
808 885 1129 938 quaestionum3
1158 899 1208 926 ex
1234 886 1383 926 eodem

43 942 186 983 furore
218 942 348 984 etiam
379 943 455 983 illa
487 943 780 984 conscelerata
811 943 995 985 exsectio
1025 943 1216 998 linguae,
1247 944 1382 985 totius

7 1010 25 1036 5
45 1000 224 1054 denique
255 1001 380 1042 huius
413 1002 466 1042 ab
499 1002 577 1043 illa
604 1004 669 1043 est
696 1004 738 1042 et
764 1002 938 1043 inventa
964 1005 1007 1043 et
1034 1002 1242 1043 adornata
1269 1017 1382 1044 com-

43 1059 210 1113 paratio
255 1060 456 1101 criminis.
517 1060 660 1115 Atque
704 1060 771 1102 his
811 1061 937 1102 rebus
977 1075 1073 1102 cum
1111 1062 1451 1104 11131311101311111192

45 1121 338 1160 accusatorem
368 1119 458 1160 filio
492 1133 568 1160 suo
595 1119 779 1160 Romam
811 1119 1011 1174 misisset,
1043 1121 1138 1174 ipsa
1164 1120 1383 1175 paulisper

45 1177 429 1242 conquirendorum
461 1180 504 1218 et
535 1178 906 1220 conducendorum
937 1178 1116 1219 testium
1147 1193 1277 1232 causa
1301 1178 1382 1219 La-

44 1235 127 1275 rini
152 1238 216 1277 est
237 1239 520 1287 commorata·
547 1239 698 1291 postea
717 1239 862 1278 autem
883 1252 1011 1291 quam
1038 1239 1382 1292 appropinquare

9 1293 169 1335 ohuius
206 1294 408 1336 iudicium
444 1295 482 1336 ei
518 1295 766 1336 nuntiatum
803 1298 884 1349 est,
923 1296 1149 1337 confestim
1187 1296 1270 1337 huc
1312 1296 1381 1337 ad-

46 1353 222 1407 volavit,
265 1368 317 1394 ne
356 1356 431 1395 aut
474 1354 792 1395 accusatoribus
832 1329 1054 1408 diligentia
1092 1357 1166 1395 aut
1203 1354 1383 1408 pecunia

45 1411 229 1452 testibus
262 1412 444 1466 deesset,
476 1415 550 1453 aut
580 1427 632 1453 ne
663 1413 775 1453 forte
808 1416 946 1453 mater
976 1413 1057 1454 hoc
1090 1413 1174 1453 sibi
1206 1413 1382 1467 optatis-

47 1469 202 1510 simum
246 1471 536 1524 spectaculum
579 1471 705 1511 huius
749 1471 940 1512 sordium
983 1473 1109 1525 atque
1153 1472 1293 1512 luctus
1341 1474 1383 1512 et

45 1528 158 1568 tanti
190 1529 402 1582 squaloris
429 1530 658 1570 amitteret.
701 1528 794 1570 Iam
825 1543 925 1570 vero
953 1529 1065 1583 quod
1091 1529 1173 1570 iter
1198 1529 1382 1571 Romam
1399 1532 1451 1573 68

11 1586 136 1627 5eius
180 1587 372 1627 mulieris
415 1587 546 1628 fuisse
591 1587 878 1628 existimatis?
929 1587 1041 1641 quod
1083 1601 1162 1643 ego
1206 1592 1383 1642 propter

46 1645 312 1686 vicinitatem
350 1645 632 1700 Aquinatium
670 1649 712 1686 et
742 1645 1106 1687 Fabraternorum
1146 1661 1196 1687 ex
1234 1647 1382 1688 multis

48 1703 191 1745 audivi
240 1706 283 1745 et
327 1704 530 1758 comper13
581 1718 686 1758 quos
731 1718 961 1746 concursus
1005 1705 1049 1745 in
1091 1705 1158 1746 his
1203 1706 1383 1760 oppidis,

48 1765 228 1816 quantos
262 1765 305 1804 et
335 1763 526 1804 virorum
558 1765 601 1803 et
633 1763 859 1804 mulierum
892 1764 1077 1818 gemitus
1110 1778 1201 1805 esse
1233 1764 1382 1818 factos,

48 1821 268 1862 mulierem
301 1822 513 1875 quandam
539 1821 785 1862 Larinatem
816 1821 926 1862 illim
957 1835 1090 1876 usque
1123 1837 1148 1863 a
1180 1824 1290 1864 mari
1316 1838 1382 1864 su-

13 1888 30 1914 0
49 1893 150 1934 pero
170 1879 353 1921 Romam
378 1880 590 1934 proficisci
609 1894 704 1920 cum
724 1894 880 1934 magno
901 1880 1108 1922 comitatu
1128 1884 1170 1922 et
1188 1882 1382 1935 pecunia,

49 1952 132 1991 quo
168 1938 336 1979 facilius
369 1939 671 1980 circumvenire
703 1937 858 1979 iudicio
892 1939 1044 1992 capitis
1077 1941 1205 1993 atque
1238 1941 1381 1995 oppri-

49 2010 163 2037 mere
188 1997 322 2037 filium
347 1997 522 2051 posset?
565 1996 702 2038 Nemo
729 1999 822 2037 erat
847 1997 1031 2051 illorum,
1056 2012 1190 2051 paene
1219 1998 1367 2052 dicam,
1386 2010 1450 2040 193

50 2055 151 2108 quin
189 2055 445 2109 expiandum
481 2056 604 2096 illum
642 2055 783 2096 locum
822 2069 913 2096 esse
944 2057 1245 2106 arbitraretur,
1284 2072 1383 2111 qua-

49 2127 227 2167 cumque
263 2113 339 2154 illa
374 2114 455 2154 iter
490 2114 680 2166 fecisset,
720 2128 862 2167 nemo,
903 2115 1006 2168 quin
1042 2117 1204 2156 terram
1242 2115 1382 2168 ipsam

15 2179 33 2206 5
51 2171 215 2225 violari,
241 2186 347 2225 quae
373 2174 510 2213 mater
537 2174 602 2213 est
628 2172 830 2225 omnium,
854 2173 1049 2227 vestigiis
1070 2173 1383 2214 consceleratae

51 2230 202 2271 matris
248 2232 430 2283 putaret.
495 2229 643 2285 Itaque
690 2230 809 2271 nullo
847 2231 893 2271 in
929 2231 1084 2285 oppido
1123 2232 1383 2273 consistendi

49 2290 243 2341 potestas
276 2288 315 2329 ei
345 2288 437 2343 fuit,
468 2303 592 2330 nemo
626 2304 677 2330 ex
707 2291 773 2330 tot
803 2289 1045 2344 hospitibus
1077 2291 1275 2331 inventus
1308 2294 1384 2344 est,
