1687 2533
22 735 56 760 10

23 1027 56 1052 15

23 1320 58 1345 20

25 1612 58 1638 25

496 93 596 128 CAP.
623 97 762 128 42-44
789 97 807 136 g
832 98 1027 130 110—115.
1324 97 1410 137 499

73 190 272 245 sepulcri,
317 205 342 231 a
384 189 476 231 fure
520 190 753 244 sublatam,
797 205 822 231 a
860 190 1070 245 sacrilego
1110 192 1409 233 conlocatam?

72 249 176 290 haec
207 263 274 290 me
306 248 430 290 domo
464 263 558 290 mea
589 249 732 303 pellet,
762 249 866 290 haec
898 249 1051 290 victrix
1083 250 1278 292 adflictae
1312 251 1411 292 civi-

72 308 177 350 tatis
214 307 276 349 rei
313 308 509 362 publicae
548 307 697 362 spoliis
737 308 978 361 ornabitur,
1016 308 1120 350 haec
1158 310 1239 350 erit
1276 309 1322 351 in
1361 324 1410 351 eo

73 369 366 420 monumento,
399 366 512 421 quod
543 366 731 421 positum
764 370 846 417 est,
878 369 926 408 ut
959 370 1071 408 esset
1102 368 1306 410 indicium
1339 383 1411 422 op-

73 426 210 480 pressi
235 427 409 467 senatus
430 425 483 467 ad
503 425 752 466 memoriam
773 426 1078 480 sempiternam
1099 427 1410 482 turpitudinis?

74 484 108 525 Ο
153 483 198 532 Q.
232 483 398 525 Catule!
449 482 690 540 (patremne
740 485 955 539 appellem
1003 489 1097 526 ante
1147 501 1202 527 an
1244 486 1480 529 filium?113

73 543 284 585 recentior
321 543 432 584 enim
470 544 675 584 memoria
714 543 790 584 filii
828 547 893 585 est
932 546 974 584 et
1013 559 1108 585 cum
1145 545 1250 586 meis
1284 546 1411 586 rebus

75 602 208 657 gestis
259 601 542 656 coniunctior)
592 604 814 643 tantumne
858 605 901 643 te
945 602 1118 657 fefellit,
1168 619 1262 645 cum
1307 604 1412 646 mihi

75 676 242 702 summa
280 663 323 702 et
360 661 514 702 cotidie
547 661 711 702 maiora
742 661 933 715 praemia
964 661 1009 702 in
1040 676 1085 703 re
1117 663 1289 717 publica
1319 662 1412 704 fore

74 720 287 774 putabas?
337 718 540 775 Negabas
572 719 637 760 fas
671 734 762 760 esse
795 720 876 761 duo
910 721 1105 761 consules
1138 735 1230 762 esse
1262 721 1306 762 in
1331 722 1412 763 hac

75 779 249 820 civitate
269 778 463 819 inimicos
483 778 544 819 rei
563 779 775 833 publicae3
808 782 907 819 sunt
926 779 1100 834 inventi,
1122 780 1194 834 qui
1215 783 1412 822 senatum

74 837 247 878 tribuno
298 837 457 878 furenti
501 837 779 878 constrictum
824 838 1060 892 traderent,
1105 839 1177 892 qui
1222 854 1299 894 pro
1344 854 1412 880 me

75 898 220 950 patres
254 896 519 950 conscriptos
557 896 775 949 deprecari
807 898 849 937 et
880 897 1040 950 populo
1074 898 1286 951 supplices
1320 912 1412 939 esse

76 955 224 996 edictis
265 957 391 1009 atque
423 954 602 1008 imperio
635 957 847 1008 vetarent,
884 956 1038 1008 quibus
1071 956 1412 1010 inspectantibus

76 1013 226 1055 domus
276 1028 370 1055 mea
414 1013 744 1066 disturbaretur,
794 1013 1066 1068 diriperetur,
1119 1015 1191 1068 qui
1235 1015 1413 1069 denique

77 1073 295 1113 ambustas
338 1072 608 1113 fortunarum
655 1087 846 1113 mearum
884 1073 1087 1127 reliquias
1127 1087 1225 1114 suas
1263 1074 1413 1115 domos

76 1132 333 1185 comportari
364 1131 571 1172 iuberent.
620 1130 756 1172 Venio
789 1146 899 1173 nunc
932 1132 984 1172 ad
1015 1134 1195 1186 patrem.
1257 1132 1333 1186 Tu,
1365 1131 1483 1181 Q.114

77 1188 247 1243 Catule,
291 1189 347 1231 M.
384 1189 509 1231 Fulvi
553 1189 742 1243 domum,
786 1205 881 1231 cum
924 1190 961 1231 is
1006 1190 1154 1232 fratris
1193 1191 1256 1232 tui
1295 1206 1418 1233 socer

75 1247 245 1302 fuisset,
289 1251 611 1290 monumentum
654 1251 824 1289 tuarum
868 1249 1166 1290 manubiarum
1212 1264 1304 1291 esse
1341 1265 1416 1291 vo-

77 1307 215 1360 luisti,
258 1310 307 1348 ut
350 1307 457 1361 eius,
500 1307 572 1361 qui
614 1307 853 1360 perniciosa
894 1307 956 1348 rei
996 1307 1192 1361 publicae
1234 1309 1414 1350 consilia

77 1366 276 1420 cepisset,
316 1366 456 1406 omnis
488 1366 694 1406 memoria
724 1365 915 1406 funditus
949 1380 998 1406 ex
1031 1366 1162 1407 oculis
1193 1366 1413 1408 hominum

78 1438 127 1465 ac
164 1424 380 1465 mentibus
417 1424 651 1465 tolleretur.
713 1423 807 1466 Hoc
845 1424 882 1465 si
920 1425 1014 1478 quis
1052 1424 1133 1465 tibi
1172 1425 1414 1467 aedificanti

77 1482 198 1523 illam
242 1482 454 1537 porticum
498 1482 670 1536 diceret,
712 1481 803 1524 fore
844 1485 1034 1537 tempus,
1074 1497 1169 1524 cum
1207 1484 1243 1524 is
1281 1484 1414 1525 tribu-

76 1555 156 1582 nus
196 1541 266 1594 pl„
297 1541 369 1595 qui
407 1542 706 1582 auctoritatem
739 1544 931 1595 senatus,
969 1541 1172 1583 iudicium
1204 1542 1412 1584 bonorum

79 1602 267 1641 omnium
312 1599 588 1654 neglexisset,
630 1603 753 1641 tuum
797 1602 1119 1641 monumentum
1165 1601 1412 1642 consulibus

77 1672 163 1699 non
194 1658 320 1699 modo
352 1658 710 1712 inspectantibus,
748 1673 892 1700 verum
926 1659 1228 1700 adiuvantibus
1261 1659 1413 1701 distur-

77 1717 213 1770 baret,
239 1719 447 1758 everteret
471 1716 597 1770 idque
623 1731 716 1758 cum
743 1717 832 1758 eius
852 1718 968 1771 civis,
994 1718 1065 1772 qui
1085 1732 1175 1759 rem
1195 1718 1413 1772 publicam

79 1789 129 1816 ex
167 1778 339 1816 senatus
377 1776 632 1816 auctoritate
664 1776 811 1816 consul
844 1775 1122 1830 defendisset,
1160 1776 1285 1819 domo
1319 1792 1414 1819 con-

78 1833 293 1889 iungeret,
334 1848 473 1875 nonne
516 1833 792 1889 responderes
836 1834 878 1875 id
922 1835 1005 1876 nisi
1049 1849 1197 1876 eversa
1240 1836 1414 1878 civitate

25 1903 61 1929 30
80 1892 267 1934 accidere
298 1907 384 1934 non
414 1893 570 1948 posse?

27 2195 61 2220 35

167 1950 228 1992 At
276 1951 415 1992 videte
465 1951 649 1992 hominis
692 1951 1009 1992 intolerabilem
1053 1952 1274 1994 audaciam
1319 1939 1485 2021 cumei}

80 2009 270 2063 proiecta
301 2010 484 2063 quadam
510 2014 552 2051 et
577 2010 782 2051 effrenata
808 2010 1051 2064 cupiditate.
1101 2010 1414 2052 Monimentum

81 2069 163 2108 iste
188 2082 389 2122 umquam
417 2071 491 2110 aut
516 2068 767 2123 religionem
792 2069 926 2110 ullam
951 2069 1240 2125 excogitavit?
1285 2068 1416 2110 Habi-

81 2128 173 2166 tare
210 2126 305 2167 laxe
342 2129 385 2168 et
422 2127 646 2182 magnifice
684 2127 821 2168 voluit
860 2127 1047 2182 duasque
1086 2130 1128 2168 et
1160 2141 1339 2182 magnas
1372 2130 1415 2168 et

80 2183 245 2225 nobiles
284 2183 432 2226 domos
470 2186 734 2241 coniungere.
803 2185 965 2227 Eodem
1003 2188 1159 2240 puncto
1197 2187 1415 2239 temporis,

84 2256 166 2295 quo
203 2255 322 2283 meus
360 2243 568 2285 discessus
606 2244 680 2285 isti
719 2258 892 2286 causam
925 2245 1064 2286 caedis
1098 2244 1272 2298 eripuit,
1310 2258 1334 2285 a
1366 2243 1415 2293 Q.

82 2298 177 2341 Seio
217 2301 450 2355 contendit,
488 2304 536 2344 ut
568 2302 650 2343 sibi
683 2302 855 2344 domum
886 2303 1105 2357 venderet3
1143 2317 1237 2343 cum
1268 2302 1340 2343 ille
1371 2301 1415 2343 id

1130 2370 1201 2404 32ss
