1619 2542
519 77 622 113 CAP.
651 81 788 113 13—16
814 82 832 121 ξ
859 82 1009 114 30-036.
1382 81 1437 122 29

95 176 171 217 dos
192 173 436 228 moderatis,
458 173 770 216 mercennarios
791 174 1007 230 gratuitis,
1032 175 1189 229 impios
1209 176 1438 232 religiosis,

94 233 413 276 inimicissimos
445 233 544 276 huic
575 233 755 287 imperio
788 247 837 277 ac
868 233 1032 275 nomini
1064 234 1189 276 bonis
1224 249 1273 279 ac
1303 236 1438 277 fideli-

96 294 175 335 bus
208 296 250 334 et
282 292 408 334 sociis
442 294 484 332 et
516 291 680 334 civibus
714 293 956 334 anteferre?

185 353 271 404 [11.
305 352 365 403 ⁵23]
410 350 480 391 An
515 365 616 392 vero
657 350 883 404 dubitatis,
921 351 1101 406 iudices,
1141 352 1244 406 quin
1281 353 1436 395 insitas
1456 341 1508 406 105

60 409 343 453 §inimicitias
381 410 490 450 istae
529 411 678 464 gentes
717 424 864 452 omnes
897 413 940 452 et
979 410 1168 452 habeant
1206 413 1249 452 et
1286 416 1439 468 gerant

96 484 192 511 cum
222 468 368 523 populi
399 467 583 509 Romani
614 468 815 510 nomine?
872 467 942 512 Sic
974 470 1231 511 existimatis
1265 485 1337 512 eos
1370 472 1438 513 hic

97 530 272 582 sagatos
304 527 587 581 bracatosque
613 527 775 568 versari
808 528 950 569 animo
983 528 1169 570 demisso
1203 532 1330 584 atque
1363 530 1438 572 hu-

97 586 201 641 mili,
233 589 280 627 ut
305 586 445 627 solent
470 585 512 638 ii,
545 585 617 640 qui
644 585 801 627 adfecti
826 586 993 628 iniuriis
1020 587 1074 628 ad
1100 602 1224 643 opem
1250 588 1438 631 iudicum

97 645 308 700 supplices
339 644 645 699 inferioresque
677 644 960 700 confugiunt?
996 645 1119 687 Nihil
1151 661 1251 688 vero
1284 648 1438 690 minus.

47 716 78 742 ω
95 703 154 745 Hi
180 706 331 745 contra
356 706 569 758 vagantur
594 703 698 744 laeti
724 706 852 758 atque
879 705 1008 746 erecti
1034 705 1197 760 passim
1223 708 1317 747 toto
1342 707 1438 748 foro

96 778 191 805 cum
223 762 477 817 quibusdam
515 762 642 803 minis
675 764 719 803 et
756 763 942 804 barbaro
976 766 1105 818 atque
1145 764 1324 806 immani
1355 769 1438 806 ter·

95 836 191 864 rore
217 821 463 876 verborum3
498 821 610 875 quod
642 835 722 876 ego
754 821 949 876 profecto
980 837 1068 863 non
1097 823 1322 877 crederem,
1355 824 1440 865 nisi

97 880 355 935 aliquotiens
389 895 438 922 ex
470 880 575 934 ipsis
603 880 924 923 accusatoribus
951 881 1173 923 vobiscum
1206 882 1347 937 simul,
1378 883 1439 924 iu-

97 939 222 993 dices,
247 938 473 993 audissem,
499 954 595 981 cum
620 939 927 994 praeciperent,
953 942 1001 981 ut
1027 941 1249 995 caveretis,
1280 956 1333 983 ne
1359 941 1439 984 ]100

47 1009 79 1035 15
100 999 297 1040 absoluto
323 1012 483 1040 novum
509 998 683 1052 aliquod
710 998 871 1039 bellum
898 998 1113 1041 Gallicum
1139 1000 1439 1042 concitaretur.

99 1059 179 1109 [24]
237 1055 281 1098 Si
322 1057 379 1099 M.
418 1056 663 1110 Fonteium,
712 1057 893 1112 iudices,
945 1058 991 1099 in
1039 1072 1168 1100 causa
1213 1059 1440 1101 deficerent

99 1115 253 1168 omnia,
280 1115 317 1157 si
336 1116 452 1170 turpi
473 1115 773 1170 adulescentia,
799 1116 890 1158 vita
909 1116 1071 1171 infami,
1098 1117 1440 1173 magistratibus,

99 1189 205 1229 quos
231 1177 330 1216 ante
356 1175 502 1216 oculos
528 1177 695 1217 vestros
729 1175 875 1230 gessit,
907 1175 1112 1218 convictis
1147 1176 1337 1218 virorum
1369 1177 1441 1218 bo-

97 1248 251 1275 norum
287 1233 566 1288 testimoniis,
609 1234 899 1289 legationibus
937 1234 1154 1289 flagitiose
1193 1235 1343 1289 obitis,
1379 1236 1440 1277 in-

47 1304 81 1329 20
100 1292 216 1334 visus
255 1292 342 1334 suis
384 1293 581 1334 omnibus
620 1292 665 1334 in
708 1292 911 1334 iudicium
950 1296 1192 1347 vocaretur,
1236 1294 1273 1335 si
1309 1295 1354 1335 in
1392 1309 1440 1335 eo

98 1350 252 1393 iudicio
285 1351 535 1392 colonorum
562 1351 712 1406 populi
743 1352 926 1393 Romani
951 1352 1312 1406 Narbonensium,
1344 1353 1440 1393 fide-

99 1409 361 1451 lissimorum
383 1410 595 1452 sociorum
609 1410 955 1464 Massiliensium,
976 1411 1133 1452 civium
1147 1411 1441 1452 Romanorum

101 1467 289 1509 omnium
308 1468 567 1510 testimoniis
587 1469 832 1522 tabulisque
858 1471 1137 1523 premeretur,
1162 1472 1309 1510 tamen
1329 1473 1442 1511 esset

100 1526 221 1568 vobis
254 1540 513 1581 magnopere
545 1527 871 1581 providendum,
909 1542 980 1580 ne,
1016 1541 1121 1582 quos
1153 1527 1214 1569 ita
1247 1528 1440 1570 adflictos

47 1596 81 1622 25
102 1600 126 1626 a
157 1584 312 1626 vestris
344 1585 540 1638 patribus
579 1585 898 1639 maioribusque
937 1586 1229 1640 accepissetis,
1266 1590 1315 1628 ut
1347 1602 1442 1629 con-

100 1643 318 1684 temnendi
356 1646 515 1695 essent,
557 1658 628 1684 eos
660 1644 934 1698 pertimuisse
973 1647 1017 1686 et
1053 1659 1200 1686 eorum
1239 1645 1365 1687 minis
1400 1649 1442 1687 et

99 1706 263 1744 terrore
307 1702 512 1744 commoti
557 1716 648 1743 esse
692 1703 955 1744 videremini.
1024 1704 1105 1756 [25]
1162 1702 1287 1746 Nunc
1340 1719 1439 1746 vero

101 1775 195 1802 cum
232 1761 375 1802 laedat
411 1775 536 1802 nemo
574 1761 729 1811 bonus,
771 1761 946 1803 laudent
977 1776 1124 1804 omnes
1156 1763 1290 1804 vestri
1330 1763 1441 1805 cives

102 1822 230 1874 atque
262 1820 377 1874 socii,
409 1823 660 1875 oppugnent
690 1819 814 1873 idem,
848 1820 920 1874 qui
952 1821 1202 1876 saepissime
1231 1822 1341 1863 hanc
1373 1837 1442 1863 ur-

49 1879 200 1919 Sobem
237 1880 280 1920 et
316 1878 397 1920 hoc
434 1878 662 1933 imperium
700 1882 1020 1934 oppugnarunt,
1063 1894 1241 1934 cumque
1281 1880 1442 1922 inimici

101 1936 157 1978 M.
188 1936 340 1978 Fontei
377 1937 500 1978 vobis
533 1951 582 1979 ac
617 1938 778 1992 populo
817 1938 1010 1980 Romano
1043 1939 1277 1992 minentur,
1317 1939 1443 1980 amici

103 2009 152 2037 ac
181 1996 413 2050 propinqui
450 1996 693 2051 supplicent
724 1996 864 2049 vobis,
902 1996 1155 2038 dubitabitis
1188 2012 1275 2038 non
1314 1997 1441 2039 modo

102 2053 257 2095 vestris
289 2054 465 2108 civibus,
496 2055 567 2109 qui
600 2054 783 2095 maxime
816 2055 955 2109 gloria
987 2070 1035 2097 ac
1067 2056 1192 2097 laude
1219 2056 1443 2110 ducuntur,

103 2126 251 2153 verum
283 2112 413 2153 etiam
445 2114 602 2154 exteris
640 2113 888 2154 nationibus
920 2118 957 2155 et
986 2115 1186 2168 gentibus
1220 2114 1442 2155 ostendere

52 2180 84 2206 35
103 2183 180 2211 vos
223 2170 269 2212 in
313 2171 536 2212 sententiis
580 2171 766 2213 ferendis
811 2172 893 2213 civi
936 2187 1109 2227 parcere
1154 2187 1282 2227 quam
1325 2173 1443 2214 hosti

104 2228 249 2269 cedere
288 2229 521 2271 maluisse?
585 2231 672 2282 [12.
704 2232 768 2283 26]
812 2230 972 2286 Magna
1004 2231 1269 2273 mehercules
1302 2245 1442 2285 causa,

102 2287 281 2340 iudices,
319 2287 601 2330 absolutionis
640 2302 736 2330 cum
773 2291 926 2331 ceteris
964 2290 1103 2332 causis
1135 2290 1241 2331 haec
1273 2292 1355 2340 est,
1389 2304 1442 2331 ne

1466 407 1483 424 Ο

1466 1073 1485 1103 3

1491 1074 1509 1103 4

1469 1717 1510 1747 35

1462 2218 1479 2258 1

1471 2270 1486 2281 -Ἶ

1489 2218 1513 2277 (ἓ

1493 2274 1512 2299 b

1469 2281 1487 2299 O
1516 2306 1519 2307 1
