1619 2542
148 94 231 135 162
494 94 586 130 PRO
613 97 653 130 A.
683 95 920 130 CLUENTIO
948 95 1135 132 ORATIO.

146 206 191 231 m
224 191 473 245 quaestione
505 194 710 233 versetur.
767 190 874 233 Cum
906 191 1011 232 haec
1037 194 1138 232 sunt
1169 192 1360 247 videnda,
1390 195 1484 234 tum

145 264 245 290 vero
271 249 380 290 illud
413 254 479 291 est
504 250 690 291 hominis
719 250 876 305 magni,
906 250 1078 303 iudices,
1110 253 1237 304 atque
1264 251 1486 305 sapientis,

147 323 243 349 cum
274 308 395 349 illam
427 308 642 350 iudicandi
667 323 795 349 causa
820 308 1028 350 tabellam
1055 309 1297 363 sumpserit,
1327 324 1414 351 non
1440 325 1484 352 se

147 369 347 420 reputare
387 367 525 408 solum
564 381 655 407 esse
692 381 828 421 neque
867 367 965 421 sibi,
1003 367 1296 422 quodcumque
1336 383 1484 410 concu-

146 425 288 480 pierit,
321 425 458 478 licere,
486 426 558 466 sed
584 426 743 466 habere
769 426 814 466 in
840 426 1016 467 consilio
1043 427 1195 481 legem,
1220 426 1484 480 religionem,
1503 438 1520 464 5

148 484 427 538 aequitatem,
458 484 604 537 fidem3
638 484 861 525 libidinem
893 487 1049 538 autem,
1081 485 1236 539 odium,
1267 485 1484 529 invidiam.

147 546 311 583 metum
373 542 713 596 cupiditatesque
770 557 916 584 omnes
973 558 1169 584 amovere
1224 544 1484 598 maximique

148 601 376 642 aestimare
409 601 714 642 conscientiam
746 601 902 642 mentis
935 616 1047 656 suae,
1080 617 1207 656 quam
1240 602 1293 643 ab
1319 602 1384 643 dis
1409 603 1484 644 im-

147 660 402 701 mortalibus
430 660 681 714 accepimus,
707 675 814 714 quae
841 675 865 701 a
889 660 1013 701 nobis
1041 661 1187 701 divelli
1213 676 1300 702 non
1324 664 1483 716 potest3

147 733 254 772 quae
288 718 323 758 si
356 719 618 772 optimorum
651 719 926 759 consiliorum
959 722 1086 773 atque
1117 719 1329 761 factorum
1359 720 1484 761 testis
1505 731 1539 756 10

146 777 192 817 in
234 777 351 818 omni
390 777 480 818 vita
520 777 646 818 nobis
687 777 786 831 erit,
826 778 915 818 sine
956 778 1044 819 ullo
1085 780 1202 819 metu
1239 780 1282 819 et
1320 793 1486 819 summa

79 847 143 877 100
157 850 251 876 cum
288 835 514 877 honestate
551 836 755 878 vivemus,
815 835 933 877 Haec
965 837 1001 877 si
1033 836 1078 878 T.
1112 836 1265 878 Accius
1307 839 1381 878 aut
1420 852 1484 878 co-

148 894 368 949 gnovisset
406 897 480 935 aut
507 895 757 949 cogitasset,
794 895 987 949 profecto
1019 910 1072 936 ne
1105 898 1282 936 conatus
1315 896 1485 950 quidem

147 955 262 994 esset
294 953 442 1007 dicere,
473 953 516 993 id
543 953 655 1007 quod
681 953 828 994 multis
854 953 995 994 verbis
1023 954 1123 1008 egit,
1154 954 1347 1008 iudicem,
1373 955 1486 1009 quod

147 1012 185 1052 ei
222 1011 435 1065 videatur,
473 1014 660 1053 statuere
702 1014 744 1052 et
780 1026 867 1052 non
911 1012 1152 1053 devinctum
1192 1013 1360 1068 legibus
1393 1027 1485 1054 esse
1505 1024 1538 1049 15

148 1073 357 1124 oportere.
419 1069 582 1118 Quibus
624 1070 673 1111 de
711 1070 838 1111 rebus
878 1070 984 1111 mihi
1020 1086 1098 1125 pro
1131 1070 1301 1112 Cluenti
1337 1071 1485 1113 volun-

146 1131 236 1169 tate
267 1128 461 1182 nimium,
493 1143 570 1183 pro
598 1129 658 1169 rei
686 1129 896 1182 dignitate
922 1144 1085 1184 parum,
1117 1144 1193 1184 pro
1220 1133 1364 1171 vestra
1388 1145 1485 1185 pru-

147 1186 291 1227 dentia
324 1188 430 1227 satis
463 1187 619 1227 dixisse
652 1187 808 1228 videor.

235 1245 414 1299 Reliqua
456 1260 668 1300 perpauca
713 1248 829 1299 sunt,
874 1260 981 1300 quae
1020 1246 1119 1301 quia
1155 1249 1322 1288 vestrae
1361 1262 1484 1301 quae-

148 1303 300 1345 stionis
333 1306 467 1358 erant,
498 1304 654 1345 idcirco
688 1304 754 1345 illi
786 1307 1032 1345 statuerunt
1056 1305 1258 1360 fingenda
1283 1319 1375 1346 esse
1402 1305 1484 1347 sibi
1503 1317 1537 1342 20

148 1365 190 1403 et
220 1362 489 1417 proferenda,
527 1377 579 1403 ne
612 1364 802 1404 omnium
834 1363 1074 1417 turpissimi
1104 1364 1410 1418 reperirentur,
1447 1364 1484 1405 si

75 1421 192 1463 59111
224 1421 424 1462 iudicium
457 1421 566 1462 nihil
598 1424 770 1476 praeter
801 1422 1005 1462 invidiam
1039 1423 1295 1464 attulissent.
1340 1423 1484 1477 Atque

147 1482 196 1520 ut
227 1479 481 1521 existimetis
513 1480 754 1521 necessario
786 1495 853 1521 me
885 1480 935 1521 de
967 1480 1034 1521 his
1065 1481 1209 1534 rebus,
1246 1481 1296 1522 de
1329 1481 1483 1535 quibus

147 1538 233 1579 iam
267 1539 456 1591 dixerim,
489 1539 684 1592 pluribus
717 1539 854 1593 egisse
881 1539 1033 1593 verbis,
1066 1539 1275 1580 attendite
1303 1540 1482 1595 reliqua3

147 1597 339 1650 profecto
366 1597 626 1652 intellegetis
654 1612 714 1651 ea,
747 1612 853 1651 quae
880 1597 1026 1652 paucis
1054 1597 1337 1639 demonstrari
1361 1601 1484 1653 potu·
1503 1609 1536 1634 25

148 1655 269 1708 erint,
299 1655 551 1697 brevissime
583 1670 674 1697 esse
708 1656 890 1696 defensa.
1355 1688 1358 1689 γ

79 1724 143 1755 161
237 1713 311 1755 Cn.
344 1713 517 1755 Decidio
552 1712 753 1768 Samniti,
786 1715 834 1768 ei,
867 1715 939 1769 qui
970 1715 1232 1769 proscriptus
1265 1717 1346 1768 est,
1376 1713 1482 1755 iniu-

147 1772 256 1812 riam
287 1772 331 1812 in
364 1773 608 1813 calamitate
640 1773 729 1813 eius
742 1748 834 1814 ,7311)
847 1773 972 1814 huius
1003 1772 1169 1814 familia
1199 1773 1357 1814 factam
1389 1786 1481 1813 esse

147 1829 328 1871 dixistis.
394 1831 464 1881 Ab
508 1832 628 1872 nullo
672 1832 746 1873 ille
791 1831 1010 1873 liberalius
1049 1846 1175 1885 quam
1219 1846 1245 1871 a
1282 1829 1479 1872 Cluentio

147 1891 356 1929 tractatus
391 1892 467 1929 est.
518 1889 655 1930 Huius
686 1890 808 1930 illum
839 1904 940 1944 opes
972 1890 1016 1930 in
1046 1890 1172 1930 rebus
1206 1889 1293 1929 eius
1319 1888 1479 1930 incom-
1499 1901 1535 1926 30

148 1946 407 1988 modissimis
440 1948 731 2002 sublevarunt,
763 1951 889 2003 atque
915 1949 995 1989 hoc
1021 1962 1114 1988 cum
1138 1947 1242 2001 ipse,
1272 1950 1363 1988 tum
1390 1947 1480 1989 eius

149 2005 275 2046 amici
326 2006 636 2060 necessariique
687 2021 832 2047 omnes
883 2008 1132 2061 cognorunt.
1205 2005 1395 2047 Anchari
1437 2009 1480 2047 et

146 2063 302 2105 Paceni
338 2064 583 2118 pastoribus
620 2065 747 2105 huius
779 2065 953 2106 vilicum
983 2064 1069 2104 vim
1107 2067 1149 2105 et
1187 2079 1337 2106 manus
1370 2067 1479 2106 attu-

147 2123 260 2164 lisse.
309 2121 414 2163 Cum
441 2122 647 2175 quaedam
674 2124 718 2163 in
744 2123 934 2176 callibus,
965 2125 1013 2163 ut
1039 2123 1158 2176 solet,
1190 2123 1479 2164 controversia

146 2183 370 2234 pastorum
401 2183 514 2221 esset
546 2183 652 2234 orta,
682 2180 834 2222 Habiti
864 2181 980 2222 vilici
1011 2195 1100 2222 rem
1132 2181 1293 2222 domini
1324 2183 1366 2222 et
1396 2181 1476 2235 pri·
1497 2192 1531 2218 3⁵

145 2242 290 2280 vatam
316 2239 630 2294 possessionem
661 2239 949 2280 defenderunt.
999 2237 1104 2280 Cum
1138 2242 1250 2281 esset
1281 2243 1478 2294 expostu-

146 2297 252 2339 latio
291 2298 423 2352 facta,
461 2311 589 2338 causa
625 2297 712 2338 illis
746 2297 1038 2339 demonstrata
1070 2298 1159 2339 sine
1190 2297 1345 2339 iudicio
1378 2312 1475 2339 con-
