1619 2542
164 66 220 108 88
410 66 473 101 DE
505 66 702 102 IMPERIO
730 66 803 102 CN.
830 66 1008 102 POMPEI
1035 66 1224 104 ORATIO.

95 176 138 206 39
167 163 328 204 iudices
359 177 445 204 non
469 163 573 204 vult.
616 162 698 204 Hic
725 163 930 204 miramur
955 162 1067 204 hunc
1093 162 1311 204 hominem
1336 165 1506 204 tantum

167 222 372 263 excellere
404 222 568 274 ceteris,
594 222 713 263 cuius
746 221 936 275 legiones
969 222 1030 263 sic
1060 221 1105 262 in
1130 221 1283 263 Asiam
1306 236 1505 277 pervene-

164 280 271 333 rint,
314 282 362 321 ut
407 295 494 322 11011
544 281 668 321 modo
720 294 870 321 manus
913 281 1025 321 tanti
1067 280 1293 334 exercitus,
1337 280 1411 321 sed
1452 295 1505 321 ne

164 339 397 394 vestigium
442 339 612 394 quidem
650 339 846 393 cuiquam
884 341 1038 393 pacato
1076 339 1272 380 nocuisse
1311 338 1504 380 dicatur?

163 396 258 439 Iam
296 412 396 439 vero
437 412 562 452 quem
601 397 654 438 ad
684 397 857 439 modum
890 397 1050 439 milites
1081 397 1320 450 hibernent,
1351 397 1505 439 cotidie
1525 408 1541 433 5

167 471 384 497 sermones
419 471 467 497 ac
499 457 667 497 litterae
699 456 989 521 perferuntur,
1021 471 1108 497 non
1139 456 1265 497 modo
1291 459 1340 498 ut
1365 470 1505 510 sump-

165 518 259 556 tum
296 514 428 556 faciat
466 516 510 555 in
549 515 749 568 militem,
791 515 952 556 nemini
992 515 1054 556 vis
1094 515 1306 567 adfertur,
1344 515 1419 557 sed
1453 529 1505 556 110

166 574 355 627 cupienti
394 574 564 627 quidem
603 573 801 627 cuiquam
837 573 1115 639 permittitur.
1177 573 1343 615 Hiemis
1382 573 1506 627 enim,

165 647 252 673 non
290 632 496 673 avaritiae
537 632 782 687 perfugium
822 632 1003 673 maiores
1041 632 1180 674 nostri
1216 632 1260 673 in
1292 632 1505 674 sociorum

119 693 307 756 Oatque
335 691 570 733 amicorum
601 692 726 732 tectis
760 705 851 732 esse
883 691 1122 733 voluerunt.
1177 691 1271 747 Age
1297 705 1410 744 vero,
1442 702 1581 742 ‹ze-10,

119 721 270 790 O'teris
297 749 340 790 in
373 750 499 791 rebus
533 764 614 803 qua
648 750 704 790 sit
735 749 1034 804 temperantia,
1065 750 1343 791 considerate.
1384 749 1505 792 Unde

165 808 288 849 illam
326 810 494 849 tantam
526 808 790 850 celeritatem
822 811 864 849 et
896 811 986 849 tam
1018 809 1310 850 incredibilem
1336 822 1504 850 cursum

164 867 388 908 inventum
420 867 613 921 putatis?
668 866 768 909 Non
800 867 914 908 enim
945 867 1068 908 illum
1101 867 1256 908 eximia
1287 867 1351 908 vis
1383 867 1506 908 remi·

166 940 269 981 gum
309 930 383 967 aut
421 941 490 967 ars
521 926 715 967 inaudita
747 926 954 980 quaedam
986 926 1252 980 gubernandi
1283 929 1358 967 aut
1388 926 1506 967 venti

167 984 300 1038 aliqui
325 985 427 1025 novi
453 988 542 1026 tam
569 985 764 1026 celeriter
789 984 834 1025 in
859 984 1033 1026 ultimas
1060 987 1198 1026 terras
1222 984 1504 1040 pertulerunt,
1525 994 1558 1021 15

166 1043 238 1083 sed
272 1057 344 1084 eae
376 1057 462 1095 res,
496 1058 604 1097 quae
637 1047 800 1085 ceteros
832 1043 1039 1085 remorari
1071 1043 1224 1097 solent,
1254 1057 1341 1084 non
1371 1045 1502 1084 retar-

166 1101 339 1155 darunt,
377 1116 463 1143 non
507 1102 691 1143 avaritia
729 1102 782 1142 ab
821 1102 1021 1143 instituto
1060 1116 1185 1144 cursu
1218 1102 1271 1143 ad
1301 1101 1500 1156 praedam

165 1160 355 1213 aliquam
399 1160 649 1214 devocavit,
690 1175 777 1201 non
822 1160 955 1201 libido
1001 1160 1054 1202 ad
1091 1161 1376 1215 voluptatem,
1418 1175 1503 1202 non

166 1219 404 1259 amoenitas
443 1219 495 1259 ad
537 1219 883 1272 delectationem,
928 1233 1016 1260 non
1052 1219 1257 1260 nobilitas
1298 1219 1414 1260 urbis
1452 1219 1503 1260 ad

165 1278 473 1331 cognitionem,
506 1292 593 1318 non
625 1277 804 1331 denique
836 1278 959 1319 labor
989 1277 1080 1331 ipse
1112 1277 1165 1319 ad
1197 1277 1399 1331 quietem3
1431 1292 1503 1332 po·
1525 1288 1558 1313 20

166 1338 327 1377 stremo
376 1337 500 1391 signa
539 1338 582 1377 et
619 1337 789 1377 tabulas
828 1339 1050 1390 ceteraque
1088 1338 1340 1378 ornamenta
1377 1335 1504 1377 Grae-

165 1408 311 1435 corum
345 1395 616 1449 oppidorum,
650 1409 756 1450 quae
788 1395 919 1436 ceteri
948 1395 1141 1436 tollenda
1172 1409 1264 1436 esse
1296 1395 1504 1436 arbitran-

93 1469 138 1499 41
165 1455 247 1507 tur,
280 1467 329 1495 ea
361 1453 443 1494 sibi
473 1454 547 1494 ille
573 1468 625 1494 ne
651 1453 828 1494 visenda
853 1453 1023 1508 quidem
1049 1453 1323 1495 existimavit.
1354 1452 1504 1508 Itaque

166 1526 314 1553 omnes
346 1526 458 1553 nunc
490 1512 534 1552 111
565 1512 618 1553 113
651 1512 755 1553 locis
789 1511 863 1554 Cn.
893 1511 1145 1567 Pompeium
1178 1512 1286 1553 sicut
1318 1512 1503 1566 aliquem

164 1584 250 1611 non
292 1585 342 1611 ex
373 1570 454 1612 hac
486 1570 589 1612 urbe
622 1571 817 1623 missum,
855 1571 929 1611 sed
961 1571 1011 1612 de
1043 1572 1158 1612 caelo
1191 1571 1413 1625 delapsum
1444 1571 1503 1611 in·
1524 1581 1562 1607 25

165 1631 358 1682 tuentur;
384 1644 496 1670 nunc
523 1629 702 1683 denique
727 1629 938 1684 incipiunt
965 1630 1132 1670 credere
1157 1629 1290 1671 fuisse
1309 1629 1503 1672 homines

165 1687 382 1727 Romanos
414 1687 494 1730 hac
528 1688 740 1742 quondam
767 1688 1039 1740 continentia,
1073 1688 1186 1742 quod
1210 1688 1296 1729 iam
1319 1687 1503 1728 nationi-

164 1745 244 1785 bus
288 1746 443 1786 exteris
486 1746 734 1787 incredibile
779 1762 827 1788 ac
869 1747 979 1788 falso
1020 1746 1251 1788 memoriae
1287 1746 1500 1800 proditum

165 1803 408 1855 videbatur3
445 1818 556 1846 nunc
587 1805 757 1858 imperii
787 1806 920 1847 vestri
952 1805 1152 1858 splendor
1183 1805 1270 1845 illis
1303 1804 1502 1859 gentibus

165 1861 305 1903 lucem
338 1862 503 1904 adferre
537 1864 696 1918 coepit3
727 1878 838 1905 nunc
864 1864 1125 1918 intellegunt
1148 1877 1234 1904 non
1260 1863 1348 1903 sine
1375 1877 1500 1904 causa
1522 1874 1557 1899 30

166 1920 348 1961 maiores
389 1934 486 1962 suos
526 1923 636 1974 tum,
680 1937 774 1963 cum
814 1937 864 1963 ea
901 1921 1186 1976 temperantia
1222 1920 1502 1976 magistratus

164 1979 449 2031 habebamus,
493 1981 652 2020 servire
695 1981 854 2035 populo
893 1980 1088 2021 Romano
1130 1993 1256 2033 quam
1292 1979 1502 2034 imperare

96 2036 278 2080 (42)aliis
317 2037 531 2079 maluisse.
592 2037 685 2078 Iam
722 2053 822 2080 vero
854 2039 917 2080 ita
953 2039 1100 2079 faciles
1139 2038 1279 2078 aditus
1317 2039 1369 2079 ad
1407 2053 1503 2080 eum

166 2096 446 2150 privatorum,
472 2096 534 2137 ita
560 2096 718 2137 liberae
746 2096 1035 2150 querimoniae
1061 2096 1110 2137 de
1137 2096 1318 2137 aliorum
1337 2096 1502 2137 iniuriis

168 2169 261 2195 esse
294 2154 504 2207 dicuntur,
537 2157 584 2194 ut
616 2155 665 2208 is,
698 2155 769 2209 qui
797 2155 1007 2210 dignitate
1031 2154 1295 2209 principibus
1322 2155 1502 2207 excellit,
1523 2165 1556 2191 ³⁵

96 2223 140 2253 42
168 2212 377 2254 facilitate
421 2212 581 2254 infimis
625 2228 704 2267 par
750 2228 840 2255 esse
886 2213 1087 2254 videatur.
1162 2212 1254 2254 Iam
1298 2216 1503 2267 quantum

167 2271 365 2326 consilio,
411 2274 619 2326 quantum
658 2271 820 2312 dicendi
859 2271 1072 2327 gravitate
1111 2274 1154 2312 et-
1190 2271 1313 2325 copia
1349 2272 1503 2323 valeat,

97 668 151 709 14
