1687 2533
202 768 257 809 15

202 820 245 850 39

200 1495 245 1525 40

273 102 361 143 472
463 103 527 137 DE
553 102 689 137 DOMO
718 102 809 138 SUA
834 102 899 136 AD
924 102 1205 137 PONTIFICES
1232 102 1419 138 ORATIO.

272 213 350 240 nec
372 197 510 240 Salios
535 198 712 240 habebit
737 213 814 240 nec
841 213 890 240 ex
915 201 1038 252 parte
1064 198 1238 240 dimidia
1263 199 1448 254 reliquos
1475 214 1608 241 sacer-

275 257 396 298 dotes
444 272 581 311 neque
633 259 827 298 auctores
878 257 1214 299 centuriatorum
1263 260 1306 298 et
1348 257 1607 299 curiatorum

274 316 557 369 comitiorum,
584 315 856 370 auspiciaque
882 316 1030 369 populi
1049 315 1244 369 Romani,
1271 315 1307 356 si
1326 316 1606 370 magistratus

273 374 442 428 patricii
488 374 619 415 creati
657 388 744 415 non
782 374 886 426 sint,
928 374 1142 415 intereant
1176 388 1347 416 necesse
1386 377 1468 428 est,
1511 389 1606 416 cum

272 433 459 474 interrex
497 432 639 473 nullus
680 432 754 486 sit,
792 432 905 486 quod
937 434 979 473 et
1011 433 1151 486 ipsum
1182 433 1409 488 patricium
1441 447 1533 474 esse
1564 435 1606 473 et
1625 446 1642 471 5

274 506 299 532 a
338 491 531 546 patriciis
573 490 697 544 prodi
737 505 908 532 necesse
951 493 1025 533 est.
1093 491 1193 532 Dixi
1235 491 1347 545 apud
1385 491 1607 545 pontifices

272 549 402 591 istam
436 549 708 603 adoptionem
740 549 860 590 nullo
893 549 1062 591 decreto
1094 549 1220 591 huius
1252 549 1425 605 collegii
1453 550 1607 603 proba-

271 611 380 661 tam,
418 611 567 649 contra
611 622 734 649 omne
772 608 1019 662 pontificum
1057 608 1122 649 ius
1160 608 1320 650 factam
1357 623 1434 663 pro
1471 607 1606 649 nihilo

273 681 364 707 esse
402 666 656 708 habendam.
719 666 812 714 Qua
850 667 1019 708 sublata
1055 666 1271 722 intellegis
1303 669 1443 708 totum
1474 667 1607 708 tribu-

270 727 419 766 natum
450 727 573 766 tuum
605 724 849 766 concidisse.
1626 738 1660 763 ιο

361 783 497 824 Venio
531 783 583 824 ad
615 797 810 838 augures,
842 798 1021 837 quorum
1053 798 1132 839 ego
1164 784 1311 837 libros,
1343 783 1379 824 si
1410 784 1483 838 qui
1508 787 1608 824 sunt

272 842 499 896 reconditi,
536 856 624 883 non
661 845 847 895 scrutor;
883 857 970 884 non
1008 857 1101 883 sum
1139 842 1184 883 in
1223 842 1478 896 exquirendo
1516 842 1607 883 iure

272 915 483 955 augurum
516 901 726 953 curiosus3
756 901 873 955 haec,
905 915 1012 955 quae
1042 916 1127 942 una
1159 916 1253 942 cum
1284 901 1444 954 populo
1471 900 1608 953 didici,

272 974 379 1013 quae
406 974 533 1014 saepe
558 959 603 999 in
629 959 898 1000 contionibus
918 974 1124 1013 responsa
1144 962 1255 1012 sunt,
1279 959 1390 1000 novi.
1434 958 1607 1015 Negant

271 1018 336 1059 fas
370 1032 461 1058 esse
494 1019 565 1072 agi
596 1032 691 1058 cum
723 1018 900 1072 populo,
932 1033 1026 1059 cum
1059 1018 1108 1058 de
1141 1018 1258 1059 caelo
1291 1021 1506 1058 servatum
1539 1017 1606 1058 sit.
1627 1029 1660 1054 15

271 1075 363 1124 Quo
409 1076 474 1116 die
514 1076 563 1116 de
602 1079 643 1116 te
682 1076 751 1116 lex
788 1076 951 1117 curiata
991 1077 1081 1117 lata
1122 1090 1214 1117 esse
1253 1076 1434 1129 dicatur,
1477 1075 1605 1117 audes

269 1148 428 1189 negare
467 1134 516 1175 de
554 1134 670 1175 caelo
709 1148 800 1175 esse
834 1134 1082 1175 servatum?
1144 1134 1278 1174 Adest
1310 1148 1511 1188 praesens
1543 1135 1607 1175 vir

271 1192 480 1247 singulari
516 1192 693 1242 virtute,
731 1193 991 1246 constantia,
1030 1193 1242 1247 gravitate
1279 1193 1513 1246 praeditus,
1550 1191 1606 1233 M.

269 1249 468 1304 Bibulus3
509 1251 621 1291 hunc
662 1251 880 1292 consulem
921 1251 998 1292 illo
1036 1251 1130 1304 ipso
1171 1251 1237 1291 die
1275 1251 1485 1292 contendo
1525 1265 1606 1292 ser-

270 1324 393 1350 vasse
432 1309 483 1350 de
515 1309 644 1350 caelo.
708 1308 919 1350 ‘Infirmas
951 1309 1083 1364 igitur
1113 1311 1162 1350 tu
1194 1311 1290 1350 acta
1322 1307 1366 1351 C.
1398 1308 1606 1363 Caesaris,
1626 1322 1660 1346 20

270 1368 351 1409 viri
388 1366 662 1409 fortissimi?
694 1367 887 1421 Minime3
927 1382 1063 1422 neque
1101 1367 1215 1408 enim
1251 1382 1347 1408 mea
1376 1367 1463 1408 iam
1495 1367 1607 1422 quic-

271 1441 399 1481 quam
440 1426 622 1467 interest
654 1426 839 1481 exceptis
871 1426 923 1467 iis
955 1426 1072 1480 telis,
1111 1440 1218 1480 quae
1250 1440 1299 1467 ex
1330 1426 1446 1467 issius
1479 1426 1607 1468 actio-

270 1485 397 1526 nibus
442 1485 486 1525 in
533 1499 673 1525 meum
713 1499 865 1538 corpus
902 1485 1082 1526 inmissa
1119 1487 1228 1526 sunt.
1297 1483 1378 1525 Sed
1414 1484 1519 1526 haec
1557 1484 1606 1526 de

272 1543 491 1596 auspiciis,
543 1557 649 1597 quae
694 1557 773 1598 ego
817 1558 929 1585 nunc
972 1543 1235 1597 perbreviter
1279 1543 1468 1597 attingo,
1511 1545 1607 1584 acta

272 1604 371 1642 sunt
415 1617 439 1642 a
482 1604 541 1642 te:
587 1600 652 1642 Tu
696 1604 771 1642 tuo
816 1602 1124 1655 praecipitante
1167 1602 1251 1642 iam
1296 1605 1338 1642 et
1381 1601 1605 1643 debilitato
1626 1612 1660 1639 25

271 1660 493 1700 tribunatu
527 1659 814 1713 auspiciorum
845 1663 1050 1714 patronus
1084 1660 1226 1701 subito
1253 1659 1447 1713 extitisti,
1477 1662 1524 1701 tu
1549 1659 1608 1701 M.

270 1716 473 1758 Bibulum
514 1718 558 1759 in
596 1719 859 1772 contionem,
897 1722 945 1760 tu
984 1732 1164 1773 augures
1203 1718 1463 1772 produxisti,
1501 1732 1529 1758 a
1563 1720 1607 1759 te

271 1776 529 1831 interrogati
567 1791 748 1831 augures
787 1777 1114 1831 responderunt,
1152 1791 1245 1818 cum
1285 1776 1335 1817 de
1373 1776 1491 1817 caelo
1524 1790 1607 1817 ser-

271 1836 417 1875 vatum
450 1835 518 1884 sit,
551 1850 645 1876 cum
677 1835 837 1889 populo
870 1836 941 1890 agi
966 1850 1051 1876 non
1076 1849 1214 1889 posse,
1244 1834 1325 1875 tibi
1350 1834 1406 1875 M.
1425 1834 1606 1876 Bibulus

273 1893 493 1947 quaerenti
531 1907 574 1933 se
614 1893 664 1934 de
703 1894 820 1935 caelo
860 1908 1052 1935 servasse
1085 1893 1304 1947 respondit
1335 1892 1530 1946 idemque
1561 1893 1606 1934 in
1625 1904 1660 1930 30

273 1950 468 1992 contione
501 1950 608 1991 dixit
640 1952 693 1992 ab
721 1951 875 2006 Appio,
907 1954 982 1993 tuo
1014 1951 1161 2005 fratre,
1191 1950 1420 2005 productus
1453 1954 1494 1992 te
1521 1966 1607 1993 om-

270 2009 386 2063 nino,
421 2009 533 2063 quod
565 2012 714 2050 contra
746 2011 936 2064 auspicia
968 2010 1196 2064 adoptatus
1229 2023 1354 2063 esseS,
1384 2009 1607 2050 tribunum

270 2082 357 2109 non
398 2067 543 2108 fuisse.
611 2067 702 2108 Tua
745 2068 924 2122 denique
969 2069 1106 2110 omnis
1145 2067 1256 2109 actio
1296 2068 1604 2121 posterioribus

270 2126 486 2167 mensibus
524 2125 623 2178 fuit,
662 2126 822 2179 omnia,
861 2141 969 2180 quae
1007 2125 1052 2168 C.
1085 2124 1241 2167 Caesar
1279 2125 1456 2181 egisset,
1493 2126 1605 2180 quod

271 2186 421 2225 contra
472 2183 661 2238 auspicia
711 2187 853 2225 essent
903 2187 1016 2237 acta,
1064 2198 1140 2238 per
1185 2187 1378 2225 senatum
1422 2184 1605 2226 rescindi
1623 2195 1657 2221 35

271 2244 486 2296 oportere3
531 2242 641 2296 quod
680 2242 716 2282 si
753 2242 892 2296 fieret,
931 2242 1101 2284 dicebas
1138 2244 1181 2283 te
1219 2242 1304 2283 tuis
1344 2242 1500 2283 umeris
1538 2257 1605 2283 me

270 2300 491 2342 custodem
523 2300 640 2341 urbis
673 2300 718 2340 in
749 2300 898 2341 urbem
930 2301 1178 2342 relaturum.
1234 2300 1386 2341 Videte
1418 2300 1604 2342 hominis
