1619 2542
593 128 694 165 CAP.
724 133 813 164 1—4
839 132 981 172 §3—8.
1371 128 1453 169 251

117 241 170 270 ne
208 241 474 269 commovere
511 229 555 268 te
586 229 736 268 contra
767 240 856 267 rem
886 225 1103 281 publicam
1135 225 1288 280 possis.
1350 224 1458 265 Mul-

117 290 259 328 torum
297 289 340 327 te
379 287 507 327 etiam
546 285 657 327 oculi
689 288 732 326 et
763 299 886 326 aures
917 299 1003 325 non
1035 285 1306 336 sentientem,
1349 284 1458 325 sicut

119 345 257 387 adhuc
287 345 498 397 fecerunt,
531 344 865 399 speculabuntur
897 346 1024 398 atque
1058 343 1310 385 custodient.

207 404 380 445 Etenim
413 403 512 458 quid
545 407 626 456 est,
664 401 869 456 Catilina,
908 402 1020 456 quod
1053 403 1139 443 iam
1172 402 1355 456 amplius
1389 415 1455 442 ex·
1477 403 1503 444 3

84 474 100 500 5
120 465 276 518 pectes,
308 464 344 505 si
375 477 511 517 neque
542 476 627 503 nox
658 462 848 518 tenebris
881 461 1109 502 obscurare
1141 464 1317 516 coeptus
1343 459 1458 501 nefa-

120 522 206 563 rios
237 536 314 563 nec
339 522 508 576 privata
533 521 681 562 domus
707 520 941 575 parietibus
968 520 1185 561 continere
1210 533 1335 561 voces
1363 533 1458 560 con·

119 580 344 622 iurationis
388 583 487 621 tuae
530 582 693 635 pot-est,
737 579 773 620 si
817 579 1109 632 illustrantur,
1154 579 1190 620 si
1229 580 1458 632 erumpunt

120 639 292 680 omnia?
343 639 466 680 Muta
495 638 582 679 iam
613 638 743 679 istam
776 640 974 692 mentem,
1007 637 1112 678 mihi
1144 637 1276 691 crede,
1309 636 1457 678 oblivi-

121 713 237 739 scere
287 698 426 740 caedis
477 699 603 752 atque
652 696 957 738 incendiorum.
1029 696 1204 737 Teneris
1253 695 1457 750 undique3

68 768 102 794 10
120 757 212 798 luce
247 759 346 799 sunt
377 756 559 798 clariora
588 755 713 798 nobis
739 758 815 797 tua
841 755 1019 797 consilia
1046 755 1207 809 omnia3
1239 769 1346 809 quae
1371 755 1458 795 iam

122 830 288 858 mecum
320 816 421 857 licet
452 828 746 870 recognoscas.
794 813 1082 855 Meministine
1116 828 1182 854 me
1215 816 1314 854 ante
1348 813 1458 854 diem
1486 825 1506 857 7

122 887 191 916 XII
223 874 438 916 Kalendas
470 872 727 915 Novembris
767 873 904 914 dicere
936 873 979 914 in
1012 875 1162 913 senatu
1193 872 1285 914 fore
1316 872 1360 913 in
1393 886 1460 912 ar-

121 934 202 975 mis
241 935 356 975 certo
400 933 482 985 die,
523 932 596 988 qui
634 932 722 973 dies
763 932 931 973 futurus
971 934 1083 972 esset
1121 934 1219 972 ante
1261 931 1371 972 diem
1412 942 1459 971 VI

120 991 216 1033 Kal.
237 991 507 1045 Novembris,
539 990 583 1032 O.
603 991 822 1044 Manlium,
848 990 1049 1032 audaciae
1076 990 1307 1031 satellitem
1332 992 1459 1043 atque

69 1061 103 1086 15
124 1050 422 1092 administrum
459 1050 588 1092 tuae?
655 1049 772 1091 Num
810 1064 878 1090 me
914 1049 1088 1103 fefellit,
1127 1048 1331 1101 Catilina,
1373 1063 1461 1089 non

121 1109 247 1151 modo
272 1124 340 1151 res
365 1112 500 1163 tanta,
531 1112 620 1151 tam
647 1111 772 1150 atrox
797 1111 970 1162 tamque
995 1107 1268 1162 incredibilis,
1299 1121 1460 1158 verum,

121 1168 165 1209 id
212 1168 324 1223 quod
361 1168 498 1210 multo
539 1168 679 1223 magis
717 1170 783 1208 est
821 1166 1135 1221 admirandum,
1176 1166 1293 1207 dies?
1360 1165 1460 1207 Dixi

122 1240 201 1281 ego
233 1227 345 1268 idem
377 1228 422 1268 in
454 1229 604 1268 senatu
636 1227 806 1268 caedem
838 1229 881 1267 te
913 1226 1200 1280 optumatium
1226 1224 1460 1267 contulisse

121 1286 167 1326 in
198 1288 296 1327 ante
329 1285 440 1327 diem
471 1298 502 1327 v
532 1284 750 1326 Kalendas
782 1284 1051 1338 Novembris,
1082 1286 1176 1325 tum
1207 1299 1302 1325 cum
1333 1283 1460 1324 multi

69 1354 103 1379 20
122 1344 335 1399 principes
385 1344 571 1386 civitatis
613 1343 754 1385 Roma
802 1358 886 1385 non
934 1346 1025 1384 tam
1069 1343 1135 1383 sui
1178 1341 1460 1384 conservandi

124 1417 250 1456 quam
287 1406 459 1444 tuorum
499 1403 776 1444 consiliorum
807 1400 1174 1456 reprimendorum
1206 1415 1334 1442 causa
1364 1414 1460 1454 pro·

122 1460 338 1516 fugerunt.
399 1460 514 1502 Num
550 1461 728 1502 infitiari
767 1463 890 1514 potes
927 1463 970 1501 te
1007 1459 1083 1500 illo
1122 1459 1216 1514 ipso
1258 1459 1324 1499 die
1355 1458 1461 1499 meis

123 1519 359 1574 praesidiis,
390 1534 486 1560 mea
517 1518 741 1572 diligentia
772 1518 1098 1559 circumclusum
1125 1531 1392 1558 commovere
1418 1520 1460 1558 te

124 1580 274 1619 contra
312 1592 402 1618 rem
440 1577 654 1631 publicam
687 1591 773 1618 non
809 1576 1019 1631 potuisse,
1060 1591 1156 1617 cum
1193 1579 1241 1617 tu
1274 1575 1461 1617 discessu

72 1646 106 1672 25
126 1639 365 1678 ceterorum
395 1639 545 1677 nostra
577 1638 733 1689 tamen,
765 1636 836 1689 qui
868 1634 1235 1687 remansissemus,
1267 1634 1392 1676 caede
1418 1637 1460 1675 te

125 1697 374 1736 contentum
419 1709 510 1735 esse
555 1693 753 1736 dicebas?
826 1691 964 1741 Quid?
1007 1707 1103 1735 cum
1145 1695 1189 1734 te
1231 1691 1462 1734 Praeneste
1488 1705 1509 1736 8

124 1753 331 1794 Kalendis
380 1753 486 1808 ipsis
530 1751 845 1794 Novembribus
895 1755 1203 1806 occupaturum
1252 1754 1461 1793 nocturno

124 1812 287 1866 impetu
320 1826 411 1853 esse
442 1811 695 1865 confideres,
731 1810 934 1851 sensistin
963 1810 1086 1852 illam
1119 1810 1334 1852 coloniam
1366 1825 1461 1851 meo

127 1871 243 1911 iussu
269 1871 375 1912 meis
401 1870 637 1926 praesidiis,
671 1868 888 1922 custodiis,
914 1868 1074 1922 vigiliis
1101 1883 1193 1910 esse
1219 1869 1462 1910 munitam?

73 1939 108 1964 30
128 1927 247 1970 Nihil
279 1929 388 1983 agis,
420 1928 529 1970 nihil
562 1928 745 1981 moliris,
776 1927 884 1968 nihil
917 1927 1094 1983 cogitas,
1126 1927 1239 1982 quod
1269 1942 1351 1969 ozon
1383 1941 1462 1982 ego

127 2001 215 2028 non
240 1987 366 2029 modo
393 1987 575 2041 audiam,
601 1986 674 2028 sed
701 1986 829 2028 etiam
851 1985 1018 2027 videam
1037 1987 1248 2041 planeque
1269 1986 1461 2028 sentiam.

127 2045 400 2100 Recognosce
431 2046 604 2087 tandem
636 2059 800 2086 mecum
831 2046 1002 2086 noctem
1032 2045 1155 2086 illam
1181 2045 1462 2098 superiorem3
1483 2044 1510 2085 4

127 2104 214 2144 iam
256 2104 481 2159 intelleges
522 2105 658 2146 multo
698 2117 765 2144 me
802 2103 983 2158 vigilare
1022 2103 1159 2145 acrius
1197 2103 1249 2144 ad
1281 2103 1463 2144 salutem

129 2176 256 2216 quam
293 2164 335 2203 te
373 2163 427 2204 ad
462 2162 692 2218 perniciem
730 2161 793 2202 rei
829 2161 1037 2216 publicae.
1096 2161 1204 2203 Dico
1241 2163 1285 2201 te
1323 2161 1463 2214 priore
1522 2157 1525 2159 ’

76 2231 109 2256 35
129 2222 255 2262 nocte
286 2220 451 2262 venisse
488 2221 600 2262 inter
636 2219 838 2262 falcarios
875 2217 982 2276 (non
1020 2233 1146 2275 agam
1184 2216 1381 2271 obscure>
1419 2218 1463 2259 in

129 2278 184 2320 M.
211 2277 372 2320 Laecae
405 2278 593 2332 domum3
626 2278 873 2321 convenisse
905 2278 1051 2320 eodem
1084 2278 1323 2332 complures
1356 2277 1463 2317 eius-

129 2337 226 2378 dem
259 2337 470 2379 amentiae
495 2337 748 2392 scelerisque
782 2337 931 2379 socios.
979 2336 1095 2378 Num
1120 2350 1279 2391 negare
1305 2334 1464 2377 audes?
