<?xml version="1.0" encoding="UTF-8"?>
<!DOCTYPE html PUBLIC "-//W3C//DTD XHTML 1.0 Transitional//EN"
    "http://www.w3.org/TR/xhtml1/DTD/xhtml1-transitional.dtd">
<html xmlns="http://www.w3.org/1999/xhtml" xml:lang="en" lang="en">
 <head>
  <title>
</title>
<meta http-equiv="Content-Type" content="text/html;charset=utf-8" />
  <meta name='ocr-system' content='tesseract 3.04.00' />
  <meta name='ocr-capabilities' content='ocr_page ocr_carea ocr_par ocr_line ocrx_word'/>
</head>
<body>
  <div class='ocr_page' id='page_1' title='image "./p2scriptaquaemanse02ciceuoft_0571.png"; bbox 0 0 1687 2533; ppageno 0'>
   <div class='ocr_carea' id='block_1_1' title="bbox 537 90 1457 132">
    <p class='ocr_par' dir='ltr' id='par_1_1' title="bbox 537 90 1457 132">
     <span class='ocr_line' id='line_1_1' title="bbox 537 90 1457 132; baseline -0.004 -7"><span class='ocrx_word' id='word_1_1' title='bbox 537 90 636 125; x_wconf 77' lang='lat' dir='ltr'><strong>CAP.</strong></span> <span class='ocrx_word' id='word_1_2' title='bbox 665 94 802 124; x_wconf 82' lang='lat'><strong>31—33</strong></span> <span class='ocrx_word' id='word_1_3' title='bbox 830 93 849 131; x_wconf 64' lang='grc' dir='ltr'>ξ</span> <span class='ocrx_word' id='word_1_4' title='bbox 879 92 1027 124; x_wconf 74' lang='lat'><strong>70-82.</strong></span> <span class='ocrx_word' id='word_1_5' title='bbox 1369 91 1457 132; x_wconf 72' lang='lat'>419</span> 
     </span>
    </p>
   </div>
   <div class='ocr_carea' id='block_1_2' title="bbox 109 186 1458 301">
    <p class='ocr_par' dir='ltr' id='par_1_2' title="bbox 109 186 1458 301">
     <span class='ocr_line' id='line_1_2' title="bbox 111 186 1458 242; baseline 0 -14"><span class='ocrx_word' id='word_1_6' title='bbox 111 201 288 242; x_wconf 82' lang='lat' dir='ltr'>quaero,</span> <span class='ocrx_word' id='word_1_7' title='bbox 327 187 467 228; x_wconf 87' lang='lat' dir='ltr'>sintne</span> <span class='ocrx_word' id='word_1_8' title='bbox 498 186 585 228; x_wconf 88' lang='lat' dir='ltr'>ista</span> <span class='ocrx_word' id='word_1_9' title='bbox 615 186 791 241; x_wconf 88' lang='lat' dir='ltr'>praedia</span> <span class='ocrx_word' id='word_1_10' title='bbox 823 187 968 228; x_wconf 87' lang='lat' dir='ltr'>censui</span> <span class='ocrx_word' id='word_1_11' title='bbox 1001 186 1230 241; x_wconf 88' lang='lat' dir='ltr'>censendo,</span> <span class='ocrx_word' id='word_1_12' title='bbox 1268 186 1458 229; x_wconf 88' lang='lat' dir='ltr'>habeant</span> 
     </span>
     <span class='ocr_line' id='line_1_3' title="bbox 109 245 1458 301; baseline -0.001 -14"><span class='ocrx_word' id='word_1_13' title='bbox 109 246 175 287; x_wconf 88' lang='lat' dir='ltr'>ius</span> <span class='ocrx_word' id='word_1_14' title='bbox 215 245 357 299; x_wconf 88' lang='lat' dir='ltr'>civile,</span> <span class='ocrx_word' id='word_1_15' title='bbox 396 246 484 287; x_wconf 90' lang='lat' dir='ltr'>sint</span> <span class='ocrx_word' id='word_1_16' title='bbox 520 260 651 287; x_wconf 90' lang='lat' dir='ltr'>necne</span> <span class='ocrx_word' id='word_1_17' title='bbox 690 245 777 286; x_wconf 90' lang='lat' dir='ltr'>sint</span> <span class='ocrx_word' id='word_1_18' title='bbox 815 245 1018 300; x_wconf 79' lang='lat' dir='ltr'>mancipi,</span> <span class='ocrx_word' id='word_1_19' title='bbox 1058 245 1304 301; x_wconf 82' lang='lat' dir='ltr'>subsignari</span> <span class='ocrx_word' id='word_1_20' title='bbox 1345 246 1458 301; x_wconf 87' lang='lat' dir='ltr'>apud</span> 
     </span>
    </p>
   </div>
   <div class='ocr_carea' id='block_1_3' title="bbox 111 304 1527 362">
    <p class='ocr_par' dir='ltr' id='par_1_3' title="bbox 111 304 1527 362">
     <span class='ocr_line' id='line_1_4' title="bbox 111 304 1527 362; baseline 0.001 -16"><span class='ocrx_word' id='word_1_21' title='bbox 111 304 326 346; x_wconf 86' lang='lat' dir='ltr'>aerarium</span> <span class='ocrx_word' id='word_1_22' title='bbox 365 307 439 346; x_wconf 91' lang='lat' dir='ltr'>aut</span> <span class='ocrx_word' id='word_1_23' title='bbox 476 304 589 359; x_wconf 90' lang='lat' dir='ltr'>apud</span> <span class='ocrx_word' id='word_1_24' title='bbox 621 319 840 346; x_wconf 82' lang='lat' dir='ltr'>censorem</span> <span class='ocrx_word' id='word_1_25' title='bbox 871 304 1051 359; x_wconf 87' lang='lat' dir='ltr'>possint.</span> <span class='ocrx_word' id='word_1_26' title='bbox 1111 304 1163 345; x_wconf 88' lang='lat' dir='ltr'>In</span> <span class='ocrx_word' id='word_1_27' title='bbox 1195 319 1279 358; x_wconf 88' lang='lat' dir='ltr'>qua</span> <span class='ocrx_word' id='word_1_28' title='bbox 1310 305 1428 346; x_wconf 81' lang='lat' dir='ltr'>tribu</span> <span class='ocrx_word' id='word_1_29' title='bbox 1445 304 1527 362; x_wconf 78' lang='lat'>(80)</span> 
     </span>
    </p>
   </div>
   <div class='ocr_carea' id='block_1_4' title="bbox 58 362 1459 1124">
    <p class='ocr_par' dir='ltr' id='par_1_4' title="bbox 58 362 1459 1124">
     <span class='ocr_line' id='line_1_5' title="bbox 112 362 1457 419; baseline 0.001 -15"><span class='ocrx_word' id='word_1_30' title='bbox 112 363 291 418; x_wconf 87' lang='lat' dir='ltr'>denique</span> <span class='ocrx_word' id='word_1_31' title='bbox 322 364 408 405; x_wconf 78' lang='lat' dir='ltr'>ista</span> <span class='ocrx_word' id='word_1_32' title='bbox 432 363 608 418; x_wconf 87' lang='lat' dir='ltr'>praedia</span> <span class='ocrx_word' id='word_1_33' title='bbox 634 363 868 405; x_wconf 79' lang='lat' dir='ltr'>censuisti?</span> <span class='ocrx_word' id='word_1_34' title='bbox 914 362 1192 418; x_wconf 86' lang='lat' dir='ltr'>Commisisti,</span> <span class='ocrx_word' id='word_1_35' title='bbox 1224 363 1261 404; x_wconf 90' lang='lat' dir='ltr'>si</span> <span class='ocrx_word' id='word_1_36' title='bbox 1286 366 1457 419; x_wconf 88' lang='lat' dir='ltr'>tempus</span> 
     </span>
     <span class='ocr_line' id='line_1_6' title="bbox 75 422 1458 477; baseline 0.001 -15"><span class='ocrx_word' id='word_1_37' title='bbox 75 422 286 477; x_wconf 71' lang='lat' dir='ltr'>saliquod</span> <span class='ocrx_word' id='word_1_38' title='bbox 329 422 503 477; x_wconf 82' lang='lat' dir='ltr'>gravius</span> <span class='ocrx_word' id='word_1_39' title='bbox 549 422 791 475; x_wconf 90' lang='lat' dir='ltr'>accidisset,</span> <span class='ocrx_word' id='word_1_40' title='bbox 834 425 883 463; x_wconf 89' lang='lat' dir='ltr'>ut</span> <span class='ocrx_word' id='word_1_41' title='bbox 927 437 978 463; x_wconf 84' lang='lat' dir='ltr'>ex</span> <span class='ocrx_word' id='word_1_42' title='bbox 1015 422 1151 463; x_wconf 80' lang='lat' dir='ltr'>isdem</span> <span class='ocrx_word' id='word_1_43' title='bbox 1190 422 1375 477; x_wconf 88' lang='lat' dir='ltr'>praediis</span> <span class='ocrx_word' id='word_1_44' title='bbox 1416 425 1458 464; x_wconf 89' lang='lat' dir='ltr'>et</span> 
     </span>
     <span class='ocr_line' id='line_1_7' title="bbox 111 480 1458 535; baseline 0 -13"><span class='ocrx_word' id='word_1_45' title='bbox 111 481 374 535; x_wconf 82' lang='lat' dir='ltr'>Apollonide</span> <span class='ocrx_word' id='word_1_46' title='bbox 430 484 473 523; x_wconf 90' lang='lat' dir='ltr'>et</span> <span class='ocrx_word' id='word_1_47' title='bbox 530 480 694 522; x_wconf 88' lang='lat' dir='ltr'>Romae</span> <span class='ocrx_word' id='word_1_48' title='bbox 749 482 1009 535; x_wconf 86' lang='lat' dir='ltr'>imperatum</span> <span class='ocrx_word' id='word_1_49' title='bbox 1066 483 1180 522; x_wconf 86' lang='lat' dir='ltr'>esset</span> <span class='ocrx_word' id='word_1_50' title='bbox 1234 481 1458 523; x_wconf 87' lang='lat' dir='ltr'>tributum.</span> 
     </span>
     <span class='ocr_line' id='line_1_8' title="bbox 110 539 1459 596; baseline 0.001 -15"><span class='ocrx_word' id='word_1_51' title='bbox 110 539 274 581; x_wconf 88' lang='lat' dir='ltr'>Verum</span> <span class='ocrx_word' id='word_1_52' title='bbox 316 543 426 593; x_wconf 79' lang='lat' dir='ltr'>esto,</span> <span class='ocrx_word' id='word_1_53' title='bbox 465 540 679 595; x_wconf 87' lang='lat' dir='ltr'>gloriosus</span> <span class='ocrx_word' id='word_1_54' title='bbox 717 539 857 591; x_wconf 81' lang='lat' dir='ltr'>fuisti,</span> <span class='ocrx_word' id='word_1_55' title='bbox 896 540 1076 582; x_wconf 84' lang='lat' dir='ltr'>voluisti</span> <span class='ocrx_word' id='word_1_56' title='bbox 1114 554 1321 596; x_wconf 82' lang='lat' dir='ltr'>magnum</span> <span class='ocrx_word' id='word_1_57' title='bbox 1364 541 1459 595; x_wconf 82' lang='lat' dir='ltr'>agri</span> 
     </span>
     <span class='ocr_line' id='line_1_9' title="bbox 111 598 1458 654; baseline 0 -14"><span class='ocrx_word' id='word_1_58' title='bbox 111 599 286 641; x_wconf 87' lang='lat' dir='ltr'>modum</span> <span class='ocrx_word' id='word_1_59' title='bbox 313 614 491 653; x_wconf 84' lang='lat' dir='ltr'>censeri,</span> <span class='ocrx_word' id='word_1_60' title='bbox 522 601 564 640; x_wconf 88' lang='lat' dir='ltr'>et</span> <span class='ocrx_word' id='word_1_61' title='bbox 590 599 679 640; x_wconf 88' lang='lat' dir='ltr'>eius</span> <span class='ocrx_word' id='word_1_62' title='bbox 707 599 813 654; x_wconf 82' lang='lat' dir='ltr'>agri,</span> <span class='ocrx_word' id='word_1_63' title='bbox 840 599 912 654; x_wconf 89' lang='lat' dir='ltr'>qui</span> <span class='ocrx_word' id='word_1_64' title='bbox 938 598 1070 640; x_wconf 84' lang='lat' dir='ltr'>dividi</span> <span class='ocrx_word' id='word_1_65' title='bbox 1096 599 1211 653; x_wconf 90' lang='lat' dir='ltr'>plebi</span> <span class='ocrx_word' id='word_1_66' title='bbox 1236 598 1458 641; x_wconf 79' lang='lat' dir='ltr'>Romanae</span> 
     </span>
     <span class='ocr_line' id='line_1_10' title="bbox 111 657 1457 713; baseline -0.001 -14"><span class='ocrx_word' id='word_1_67' title='bbox 111 672 198 699; x_wconf 92' lang='lat' dir='ltr'>non</span> <span class='ocrx_word' id='word_1_68' title='bbox 228 661 385 713; x_wconf 88' lang='lat' dir='ltr'>potest.</span> <span class='ocrx_word' id='word_1_69' title='bbox 442 657 605 699; x_wconf 85' lang='lat' dir='ltr'>Census</span> <span class='ocrx_word' id='word_1_70' title='bbox 638 673 681 699; x_wconf 90' lang='lat' dir='ltr'>es</span> <span class='ocrx_word' id='word_1_71' title='bbox 716 660 938 712; x_wconf 87' lang='lat' dir='ltr'>praeterea</span> <span class='ocrx_word' id='word_1_72' title='bbox 970 661 1220 700; x_wconf 75' lang='lat' dir='ltr'>numeratae</span> <span class='ocrx_word' id='word_1_73' title='bbox 1252 658 1457 712; x_wconf 87' lang='lat' dir='ltr'>pecuniae</span> 
     </span>
     <span class='ocr_line' id='line_1_11' title="bbox 58 717 1458 772; baseline 0.001 -16"><span class='ocrx_word' id='word_1_74' title='bbox 58 732 92 757; x_wconf 85' lang='grc' dir='ltr'>1ο</span> <span class='ocrx_word' id='word_1_75' title='bbox 110 719 252 760; x_wconf 69' lang='lat' dir='ltr'>bxxx.</span> <span class='ocrx_word' id='word_1_76' title='bbox 307 717 417 759; x_wconf 86' lang='lat' dir='ltr'>Eam</span> <span class='ocrx_word' id='word_1_77' title='bbox 450 718 602 772; x_wconf 84' lang='lat' dir='ltr'>opinor</span> <span class='ocrx_word' id='word_1_78' title='bbox 633 717 714 758; x_wconf 87' lang='lat' dir='ltr'>tibi</span> <span class='ocrx_word' id='word_1_79' title='bbox 745 720 1018 758; x_wconf 87' lang='lat' dir='ltr'>numeratam</span> <span class='ocrx_word' id='word_1_80' title='bbox 1050 731 1138 759; x_wconf 89' lang='lat' dir='ltr'>non</span> <span class='ocrx_word' id='word_1_81' title='bbox 1169 731 1261 758; x_wconf 89' lang='lat' dir='ltr'>esse</span> <span class='ocrx_word' id='word_1_82' title='bbox 1294 717 1369 758; x_wconf 86' lang='lat' dir='ltr'>abs</span> <span class='ocrx_word' id='word_1_83' title='bbox 1402 720 1458 759; x_wconf 89' lang='lat' dir='ltr'>te.</span> 
     </span>
     <span class='ocr_line' id='line_1_12' title="bbox 112 775 1458 831; baseline -0.001 -13"><span class='ocrx_word' id='word_1_84' title='bbox 112 776 194 819; x_wconf 92' lang='lat' dir='ltr'>Sed</span> <span class='ocrx_word' id='word_1_85' title='bbox 225 777 331 818; x_wconf 87' lang='lat' dir='ltr'>haec</span> <span class='ocrx_word' id='word_1_86' title='bbox 357 776 523 818; x_wconf 85' lang='lat' dir='ltr'>omitto.</span> <span class='ocrx_word' id='word_1_87' title='bbox 574 775 736 818; x_wconf 83' lang='lat' dir='ltr'>Census</span> <span class='ocrx_word' id='word_1_88' title='bbox 764 791 807 817; x_wconf 87' lang='lat' dir='ltr'>es</span> <span class='ocrx_word' id='word_1_89' title='bbox 834 776 1050 830; x_wconf 88' lang='lat' dir='ltr'>mancipia</span> <span class='ocrx_word' id='word_1_90' title='bbox 1076 777 1293 830; x_wconf 85' lang='lat' dir='ltr'>Amyntae</span> <span class='ocrx_word' id='word_1_91' title='bbox 1319 790 1458 831; x_wconf 84' lang='lat' dir='ltr'>neque</span> 
     </span>
     <span class='ocr_line' id='line_1_13' title="bbox 111 835 1458 878; baseline -0.001 0"><span class='ocrx_word' id='word_1_92' title='bbox 111 836 212 878; x_wconf 89' lang='lat' dir='ltr'>huic</span> <span class='ocrx_word' id='word_1_93' title='bbox 249 836 384 877; x_wconf 90' lang='lat' dir='ltr'>ullam</span> <span class='ocrx_word' id='word_1_94' title='bbox 421 835 465 876; x_wconf 90' lang='lat' dir='ltr'>in</span> <span class='ocrx_word' id='word_1_95' title='bbox 504 849 552 876; x_wconf 90' lang='lat' dir='ltr'>eo</span> <span class='ocrx_word' id='word_1_96' title='bbox 584 835 725 876; x_wconf 75' lang='lat' dir='ltr'>fecisti</span> <span class='ocrx_word' id='word_1_97' title='bbox 757 835 969 876; x_wconf 89' lang='lat' dir='ltr'>iniuriam.</span> <span class='ocrx_word' id='word_1_98' title='bbox 1034 835 1230 877; x_wconf 90' lang='lat' dir='ltr'>Possidet</span> <span class='ocrx_word' id='word_1_99' title='bbox 1263 835 1376 876; x_wconf 91' lang='lat' dir='ltr'>enim</span> <span class='ocrx_word' id='word_1_100' title='bbox 1409 850 1458 876; x_wconf 82' lang='lat' dir='ltr'>ea</span> 
     </span>
     <span class='ocr_line' id='line_1_14' title="bbox 111 893 1458 949; baseline -0.002 -12"><span class='ocrx_word' id='word_1_101' title='bbox 111 894 324 948; x_wconf 88' lang='lat' dir='ltr'>mancipia</span> <span class='ocrx_word' id='word_1_102' title='bbox 355 894 578 948; x_wconf 85' lang='lat' dir='ltr'>Amyntas.</span> <span class='ocrx_word' id='word_1_103' title='bbox 627 893 690 936; x_wconf 89' lang='lat' dir='ltr'>Ac</span> <span class='ocrx_word' id='word_1_104' title='bbox 721 894 862 949; x_wconf 88' lang='lat' dir='ltr'>primo</span> <span class='ocrx_word' id='word_1_105' title='bbox 896 894 1067 948; x_wconf 86' lang='lat' dir='ltr'>quidem</span> <span class='ocrx_word' id='word_1_106' title='bbox 1092 893 1329 949; x_wconf 82' lang='lat' dir='ltr'>pertimuit,</span> <span class='ocrx_word' id='word_1_107' title='bbox 1362 908 1458 935; x_wconf 91' lang='lat' dir='ltr'>cum</span> 
     </span>
     <span class='ocr_line' id='line_1_15' title="bbox 110 952 1456 1006; baseline -0.001 -11"><span class='ocrx_word' id='word_1_108' title='bbox 110 956 154 995; x_wconf 89' lang='lat' dir='ltr'>te</span> <span class='ocrx_word' id='word_1_109' title='bbox 187 954 377 995; x_wconf 88' lang='lat' dir='ltr'>audisset</span> <span class='ocrx_word' id='word_1_110' title='bbox 408 968 554 995; x_wconf 87' lang='lat' dir='ltr'>servos</span> <span class='ocrx_word' id='word_1_111' title='bbox 587 967 687 994; x_wconf 90' lang='lat' dir='ltr'>suos</span> <span class='ocrx_word' id='word_1_112' title='bbox 720 967 811 994; x_wconf 88' lang='lat' dir='ltr'>esse</span> <span class='ocrx_word' id='word_1_113' title='bbox 844 967 1038 1006; x_wconf 82' lang='lat' dir='ltr'>censum3</span> <span class='ocrx_word' id='word_1_114' title='bbox 1069 954 1240 994; x_wconf 87' lang='lat' dir='ltr'>rettulit</span> <span class='ocrx_word' id='word_1_115' title='bbox 1271 952 1325 994; x_wconf 87' lang='lat' dir='ltr'>ad</span> <span class='ocrx_word' id='word_1_116' title='bbox 1350 952 1456 994; x_wconf 86' lang='lat' dir='ltr'>iuris</span> 
     </span>
     <span class='ocr_line' id='line_1_16' title="bbox 59 1010 1456 1066; baseline 0.001 -15"><span class='ocrx_word' id='word_1_117' title='bbox 59 1025 91 1052; x_wconf 86' lang='lat'>15</span> <span class='ocrx_word' id='word_1_118' title='bbox 112 1013 344 1054; x_wconf 62' lang='lat' dir='ltr'>consultos</span> <span class='ocrx_word' id='word_1_119' title='bbox 405 1010 646 1054; x_wconf 73' lang='lat' dir='ltr'>Constabat</span> <span class='ocrx_word' id='word_1_120' title='bbox 677 1013 789 1053; x_wconf 87' lang='lat' dir='ltr'>inter</span> <span class='ocrx_word' id='word_1_121' title='bbox 822 1026 982 1066; x_wconf 89' lang='lat' dir='ltr'>omnes,</span> <span class='ocrx_word' id='word_1_122' title='bbox 1015 1011 1051 1053; x_wconf 88' lang='lat' dir='ltr'>si</span> <span class='ocrx_word' id='word_1_123' title='bbox 1079 1012 1220 1053; x_wconf 88' lang='lat' dir='ltr'>aliena</span> <span class='ocrx_word' id='word_1_124' title='bbox 1246 1012 1456 1053; x_wconf 87' lang='lat' dir='ltr'>censendo</span> 
     </span>
     <span class='ocr_line' id='line_1_17' title="bbox 110 1070 1457 1124; baseline -0.001 -12"><span class='ocrx_word' id='word_1_125' title='bbox 110 1071 322 1113; x_wconf 83' lang='lat' dir='ltr'>Decianus</span> <span class='ocrx_word' id='word_1_126' title='bbox 362 1085 438 1112; x_wconf 91' lang='lat' dir='ltr'>sua</span> <span class='ocrx_word' id='word_1_127' title='bbox 474 1070 616 1113; x_wconf 87' lang='lat' dir='ltr'>facere</span> <span class='ocrx_word' id='word_1_128' title='bbox 653 1073 818 1124; x_wconf 89' lang='lat' dir='ltr'>posset,</span> <span class='ocrx_word' id='word_1_129' title='bbox 860 1085 955 1112; x_wconf 90' lang='lat' dir='ltr'>eum</span> <span class='ocrx_word' id='word_1_130' title='bbox 989 1071 1176 1111; x_wconf 83' lang='lat' dir='ltr'>maxima</span> <span class='ocrx_word' id='word_1_131' title='bbox 1207 1070 1457 1112; x_wconf 87' lang='lat' dir='ltr'>habiturum</span> 
     </span>
    </p>
   </div>
   <div class='ocr_carea' id='block_1_5' title="bbox 126 718 240 722">
    <p class='ocr_par' dir='ltr' id='par_1_5' title="bbox 126 718 240 722">
     <span class='ocr_line' id='line_1_18' title="bbox 126 718 240 722; baseline 0 0"><span class='ocrx_word' id='word_1_132' title='bbox 126 718 240 722; x_wconf 95' lang='lat' dir='ltr'> </span> 
     </span>
    </p>
   </div>
   <div class='ocr_carea' id='block_1_6' title="bbox 112 1128 1527 1188">
    <p class='ocr_par' dir='ltr' id='par_1_6' title="bbox 112 1128 1527 1188">
     <span class='ocr_line' id='line_1_19' title="bbox 112 1128 1527 1188; baseline -0.001 -16"><span class='ocrx_word' id='word_1_133' title='bbox 112 1128 322 1172; x_wconf 68' lang='lat' dir='ltr'>esse***</span> <span class='ocrx_word' id='word_1_134' title='bbox 388 1129 573 1171; x_wconf 88' lang='lat' dir='ltr'>Habetis</span> <span class='ocrx_word' id='word_1_135' title='bbox 611 1144 785 1171; x_wconf 86' lang='lat' dir='ltr'>causam</span> <span class='ocrx_word' id='word_1_136' title='bbox 824 1129 1166 1183; x_wconf 66' lang='lat' dir='ltr'>inimicitiarum,</span> <span class='ocrx_word' id='word_1_137' title='bbox 1206 1144 1290 1184; x_wconf 90' lang='lat' dir='ltr'>qua</span> <span class='ocrx_word' id='word_1_138' title='bbox 1329 1144 1458 1171; x_wconf 88' lang='lat' dir='ltr'>causa</span> <span class='ocrx_word' id='word_1_139' title='bbox 1485 1157 1527 1188; x_wconf 83' lang='lat'>81</span> 
     </span>
    </p>
   </div>
   <div class='ocr_carea' id='block_1_7' title="bbox 58 1188 1459 2300">
    <p class='ocr_par' dir='ltr' id='par_1_7' title="bbox 58 1188 1459 2300">
     <span class='ocr_line' id='line_1_20' title="bbox 111 1188 1458 1242; baseline 0 -12"><span class='ocrx_word' id='word_1_140' title='bbox 111 1189 406 1230; x_wconf 88' lang='lat' dir='ltr'>inflammatus</span> <span class='ocrx_word' id='word_1_141' title='bbox 438 1189 652 1230; x_wconf 87' lang='lat' dir='ltr'>Decianus</span> <span class='ocrx_word' id='word_1_142' title='bbox 685 1189 739 1230; x_wconf 87' lang='lat' dir='ltr'>ad</span> <span class='ocrx_word' id='word_1_143' title='bbox 765 1188 958 1230; x_wconf 89' lang='lat' dir='ltr'>Laelium</span> <span class='ocrx_word' id='word_1_144' title='bbox 991 1188 1193 1229; x_wconf 86' lang='lat' dir='ltr'>detulerit</span> <span class='ocrx_word' id='word_1_145' title='bbox 1225 1189 1335 1230; x_wconf 87' lang='lat' dir='ltr'>hanc</span> <span class='ocrx_word' id='word_1_146' title='bbox 1369 1189 1458 1242; x_wconf 86' lang='lat' dir='ltr'>opi-</span> 
     </span>
     <span class='ocr_line' id='line_1_21' title="bbox 111 1246 1459 1302; baseline -0.001 -12"><span class='ocrx_word' id='word_1_147' title='bbox 111 1263 228 1290; x_wconf 86' lang='lat' dir='ltr'>mam</span> <span class='ocrx_word' id='word_1_148' title='bbox 254 1248 580 1289; x_wconf 87' lang='lat' dir='ltr'>accusationem.</span> <span class='ocrx_word' id='word_1_149' title='bbox 625 1246 740 1288; x_wconf 88' lang='lat' dir='ltr'>Nam</span> <span class='ocrx_word' id='word_1_150' title='bbox 765 1247 828 1288; x_wconf 87' lang='lat' dir='ltr'>ita</span> <span class='ocrx_word' id='word_1_151' title='bbox 855 1251 1030 1302; x_wconf 86' lang='lat' dir='ltr'>questus</span> <span class='ocrx_word' id='word_1_152' title='bbox 1057 1250 1122 1288; x_wconf 90' lang='lat' dir='ltr'>est</span> <span class='ocrx_word' id='word_1_153' title='bbox 1146 1246 1330 1302; x_wconf 87' lang='lat' dir='ltr'>Laelius,</span> <span class='ocrx_word' id='word_1_154' title='bbox 1362 1262 1459 1288; x_wconf 91' lang='lat' dir='ltr'>cum</span> 
     </span>
     <span class='ocr_line' id='line_1_22' title="bbox 58 1304 1458 1362; baseline -0.001 -14"><span class='ocrx_word' id='word_1_155' title='bbox 58 1316 92 1340; x_wconf 83' lang='lat'>20</span> <span class='ocrx_word' id='word_1_156' title='bbox 112 1307 162 1348; x_wconf 88' lang='lat' dir='ltr'>de</span> <span class='ocrx_word' id='word_1_157' title='bbox 193 1307 373 1362; x_wconf 88' lang='lat' dir='ltr'>perfidia</span> <span class='ocrx_word' id='word_1_158' title='bbox 404 1306 583 1348; x_wconf 88' lang='lat' dir='ltr'>Deciani</span> <span class='ocrx_word' id='word_1_159' title='bbox 614 1306 789 1347; x_wconf 84' lang='lat' dir='ltr'>diceret:</span> <span class='ocrx_word' id='word_1_160' title='bbox 823 1304 937 1354; x_wconf 70' lang='lat' dir='ltr'>eQui</span> <span class='ocrx_word' id='word_1_161' title='bbox 969 1305 1093 1347; x_wconf 86' lang='lat' dir='ltr'>mihi</span> <span class='ocrx_word' id='word_1_162' title='bbox 1126 1308 1308 1347; x_wconf 89' lang='lat' dir='ltr'>auctor</span> <span class='ocrx_word' id='word_1_163' title='bbox 1338 1306 1458 1361; x_wconf 82' lang='lat' dir='ltr'>fuit,</span> 
     </span>
     <span class='ocr_line' id='line_1_23' title="bbox 113 1364 1458 1419; baseline -0.001 -13"><span class='ocrx_word' id='word_1_164' title='bbox 113 1365 199 1419; x_wconf 89' lang='lat' dir='ltr'>qui</span> <span class='ocrx_word' id='word_1_165' title='bbox 240 1380 442 1407; x_wconf 86' lang='lat' dir='ltr'>causam</span> <span class='ocrx_word' id='word_1_166' title='bbox 481 1365 542 1406; x_wconf 89' lang='lat' dir='ltr'>ad</span> <span class='ocrx_word' id='word_1_167' title='bbox 579 1379 653 1406; x_wconf 88' lang='lat' dir='ltr'>me</span> <span class='ocrx_word' id='word_1_168' title='bbox 692 1364 900 1417; x_wconf 90' lang='lat' dir='ltr'>detulit,</span> <span class='ocrx_word' id='word_1_169' title='bbox 938 1379 1081 1419; x_wconf 90' lang='lat' dir='ltr'>quem</span> <span class='ocrx_word' id='word_1_170' title='bbox 1120 1378 1212 1419; x_wconf 78' lang='lat' dir='ltr'>ego</span> <span class='ocrx_word' id='word_1_171' title='bbox 1245 1378 1352 1405; x_wconf 84' lang='lat' dir='ltr'>sum</span> <span class='ocrx_word' id='word_1_172' title='bbox 1385 1379 1458 1406; x_wconf 89' lang='lat' dir='ltr'>se-</span> 
     </span>
     <span class='ocr_line' id='line_1_24' title="bbox 112 1423 1458 1477; baseline 0 -12"><span class='ocrx_word' id='word_1_173' title='bbox 112 1426 277 1477; x_wconf 89' lang='lat' dir='ltr'>cutus,</span> <span class='ocrx_word' id='word_1_174' title='bbox 316 1423 360 1464; x_wconf 87' lang='lat' dir='ltr'>is</span> <span class='ocrx_word' id='word_1_175' title='bbox 399 1438 424 1464; x_wconf 91' lang='lat' dir='ltr'>a</span> <span class='ocrx_word' id='word_1_176' title='bbox 461 1423 642 1464; x_wconf 88' lang='lat' dir='ltr'>Flacco</span> <span class='ocrx_word' id='word_1_177' title='bbox 682 1425 957 1477; x_wconf 87' lang='lat' dir='ltr'>corruptus</span> <span class='ocrx_word' id='word_1_178' title='bbox 1000 1425 1094 1476; x_wconf 90' lang='lat' dir='ltr'>est,</span> <span class='ocrx_word' id='word_1_179' title='bbox 1133 1424 1175 1463; x_wconf 89' lang='lat' dir='ltr'>is</span> <span class='ocrx_word' id='word_1_180' title='bbox 1207 1437 1280 1464; x_wconf 91' lang='lat' dir='ltr'>me</span> <span class='ocrx_word' id='word_1_181' title='bbox 1319 1423 1458 1465; x_wconf 88' lang='lat' dir='ltr'>dese-</span> 
     </span>
     <span class='ocr_line' id='line_1_25' title="bbox 111 1480 1457 1537; baseline -0.001 -14"><span class='ocrx_word' id='word_1_182' title='bbox 111 1482 220 1523; x_wconf 78' lang='lat' dir='ltr'>luit</span> <span class='ocrx_word' id='word_1_183' title='bbox 260 1496 314 1523; x_wconf 90' lang='lat' dir='ltr'>ac</span> <span class='ocrx_word' id='word_1_184' title='bbox 355 1481 618 1537; x_wconf 87' lang='lat' dir='ltr'>prodidit&#39;</span> <span class='ocrx_word' id='word_1_185' title='bbox 682 1480 820 1523; x_wconf 82' lang='lat' dir='ltr'>Sicine</span> <span class='ocrx_word' id='word_1_186' title='bbox 861 1485 909 1522; x_wconf 89' lang='lat' dir='ltr'>tu</span> <span class='ocrx_word' id='word_1_187' title='bbox 947 1484 1097 1523; x_wconf 87' lang='lat' dir='ltr'>auctor</span> <span class='ocrx_word' id='word_1_188' title='bbox 1135 1481 1310 1522; x_wconf 89' lang='lat' dir='ltr'>tandem</span> <span class='ocrx_word' id='word_1_189' title='bbox 1349 1497 1457 1535; x_wconf 86' lang='lat' dir='ltr'>eum,</span> 
     </span>
     <span class='ocr_line' id='line_1_26' title="bbox 112 1540 1456 1596; baseline -0.001 -14"><span class='ocrx_word' id='word_1_190' title='bbox 112 1541 179 1583; x_wconf 88' lang='lat' dir='ltr'>cui</span> <span class='ocrx_word' id='word_1_191' title='bbox 215 1543 264 1582; x_wconf 90' lang='lat' dir='ltr'>tu</span> <span class='ocrx_word' id='word_1_192' title='bbox 301 1540 347 1581; x_wconf 88' lang='lat' dir='ltr'>in</span> <span class='ocrx_word' id='word_1_193' title='bbox 384 1540 562 1582; x_wconf 90' lang='lat' dir='ltr'>consilio</span> <span class='ocrx_word' id='word_1_194' title='bbox 600 1540 773 1594; x_wconf 84' lang='lat' dir='ltr'>fuisses,</span> <span class='ocrx_word' id='word_1_195' title='bbox 813 1540 926 1595; x_wconf 87' lang='lat' dir='ltr'>apud</span> <span class='ocrx_word' id='word_1_196' title='bbox 958 1554 1083 1594; x_wconf 88' lang='lat' dir='ltr'>quem</span> <span class='ocrx_word' id='word_1_197' title='bbox 1117 1554 1264 1581; x_wconf 91' lang='lat' dir='ltr'>omnes</span> <span class='ocrx_word' id='word_1_198' title='bbox 1297 1541 1456 1596; x_wconf 82' lang='lat' dir='ltr'>gradus</span> 
     </span>
     <span class='ocr_line' id='line_1_27' title="bbox 61 1598 1456 1655; baseline 0.001 -16"><span class='ocrx_word' id='word_1_199' title='bbox 61 1609 94 1637; x_wconf 80' lang='lat'>25</span> <span class='ocrx_word' id='word_1_200' title='bbox 114 1599 341 1655; x_wconf 83' lang='lat' dir='ltr'>dignitatis</span> <span class='ocrx_word' id='word_1_201' title='bbox 379 1601 480 1640; x_wconf 90' lang='lat' dir='ltr'>tuae</span> <span class='ocrx_word' id='word_1_202' title='bbox 518 1598 786 1649; x_wconf 86' lang='lat' dir='ltr'>retinuisses‚</span> <span class='ocrx_word' id='word_1_203' title='bbox 830 1598 1189 1653; x_wconf 83' lang='lat' dir='ltr'>pudentissimum</span> <span class='ocrx_word' id='word_1_204' title='bbox 1226 1599 1456 1654; x_wconf 86' lang='lat' dir='ltr'>hominem,</span> 
     </span>
     <span class='ocr_line' id='line_1_28' title="bbox 111 1657 1457 1713; baseline 0.001 -15"><span class='ocrx_word' id='word_1_205' title='bbox 111 1658 386 1699; x_wconf 86' lang='lat' dir='ltr'>nobilissima</span> <span class='ocrx_word' id='word_1_206' title='bbox 439 1657 606 1699; x_wconf 86' lang='lat' dir='ltr'>familia</span> <span class='ocrx_word' id='word_1_207' title='bbox 654 1661 821 1711; x_wconf 85' lang='lat' dir='ltr'>natum,</span> <span class='ocrx_word' id='word_1_208' title='bbox 878 1657 1039 1712; x_wconf 87' lang='lat' dir='ltr'>optime</span> <span class='ocrx_word' id='word_1_209' title='bbox 1090 1657 1140 1699; x_wconf 90' lang='lat' dir='ltr'>de</span> <span class='ocrx_word' id='word_1_210' title='bbox 1189 1672 1235 1699; x_wconf 89' lang='lat' dir='ltr'>re</span> <span class='ocrx_word' id='word_1_211' title='bbox 1284 1658 1457 1713; x_wconf 90' lang='lat' dir='ltr'>publica</span> 
     </span>
     <span class='ocr_line' id='line_1_29' title="bbox 112 1715 1456 1759; baseline 0.001 -1"><span class='ocrx_word' id='word_1_212' title='bbox 112 1717 312 1758; x_wconf 86' lang='lat' dir='ltr'>meritum</span> <span class='ocrx_word' id='word_1_213' title='bbox 349 1716 394 1757; x_wconf 91' lang='lat' dir='ltr'>in</span> <span class='ocrx_word' id='word_1_214' title='bbox 427 1716 655 1758; x_wconf 88' lang='lat' dir='ltr'>discrimen</span> <span class='ocrx_word' id='word_1_215' title='bbox 687 1716 878 1758; x_wconf 88' lang='lat' dir='ltr'>omnium</span> <span class='ocrx_word' id='word_1_216' title='bbox 909 1715 1182 1758; x_wconf 85' lang='lat' dir='ltr'>fortunarum</span> <span class='ocrx_word' id='word_1_217' title='bbox 1213 1717 1456 1759; x_wconf 75' lang='lat' dir='ltr'>vocavisti?</span> 
     </span>
     <span class='ocr_line' id='line_1_30' title="bbox 112 1774 1455 1830; baseline 0 -13"><span class='ocrx_word' id='word_1_218' title='bbox 112 1774 283 1817; x_wconf 84' lang='lat' dir='ltr'>Scilicet</span> <span class='ocrx_word' id='word_1_219' title='bbox 320 1775 544 1816; x_wconf 88' lang='lat' dir='ltr'>defendam</span> <span class='ocrx_word' id='word_1_220' title='bbox 576 1775 830 1829; x_wconf 86' lang='lat' dir='ltr'>Decianum,</span> <span class='ocrx_word' id='word_1_221' title='bbox 869 1775 941 1830; x_wconf 86' lang='lat' dir='ltr'>qui</span> <span class='ocrx_word' id='word_1_222' title='bbox 981 1775 1062 1816; x_wconf 83' lang='lat' dir='ltr'>tibi</span> <span class='ocrx_word' id='word_1_223' title='bbox 1092 1775 1137 1816; x_wconf 86' lang='lat' dir='ltr'>in</span> <span class='ocrx_word' id='word_1_224' title='bbox 1169 1775 1455 1829; x_wconf 87' lang='lat' dir='ltr'>suspicionem</span> 
     </span>
     <span class='ocr_line' id='line_1_31' title="bbox 110 1833 1454 1889; baseline 0.001 -14"><span class='ocrx_word' id='word_1_225' title='bbox 110 1834 230 1877; x_wconf 90' lang='lat' dir='ltr'>nullo</span> <span class='ocrx_word' id='word_1_226' title='bbox 257 1848 334 1875; x_wconf 92' lang='lat' dir='ltr'>suo</span> <span class='ocrx_word' id='word_1_227' title='bbox 355 1834 510 1876; x_wconf 88' lang='lat' dir='ltr'>delicto</span> <span class='ocrx_word' id='word_1_228' title='bbox 531 1834 660 1875; x_wconf 87' lang='lat' dir='ltr'>venit.</span> <span class='ocrx_word' id='word_1_229' title='bbox 704 1833 804 1875; x_wconf 91' lang='lat' dir='ltr'>Non</span> <span class='ocrx_word' id='word_1_230' title='bbox 824 1836 902 1888; x_wconf 88' lang='lat' dir='ltr'>est,</span> <span class='ocrx_word' id='word_1_231' title='bbox 927 1833 1033 1875; x_wconf 89' lang='lat' dir='ltr'>mihi</span> <span class='ocrx_word' id='word_1_232' title='bbox 1055 1834 1188 1889; x_wconf 84' lang='lat' dir='ltr'>crede,</span> <span class='ocrx_word' id='word_1_233' title='bbox 1215 1838 1454 1889; x_wconf 77' lang='lat' dir='ltr'>corruptus.</span> 
     </span>
     <span class='ocr_line' id='line_1_32' title="bbox 59 1892 1457 1948; baseline 0.001 -14"><span class='ocrx_word' id='word_1_234' title='bbox 59 1904 94 1929; x_wconf 77' lang='lat'>30</span> <span class='ocrx_word' id='word_1_235' title='bbox 113 1892 222 1941; x_wconf 82' lang='lat' dir='ltr'>Quid</span> <span class='ocrx_word' id='word_1_236' title='bbox 264 1893 377 1934; x_wconf 91' lang='lat' dir='ltr'>enim</span> <span class='ocrx_word' id='word_1_237' title='bbox 407 1892 507 1945; x_wconf 84' lang='lat' dir='ltr'>fuit,</span> <span class='ocrx_word' id='word_1_238' title='bbox 547 1892 660 1948; x_wconf 89' lang='lat' dir='ltr'>quod</span> <span class='ocrx_word' id='word_1_239' title='bbox 692 1893 746 1933; x_wconf 90' lang='lat' dir='ltr'>ab</span> <span class='ocrx_word' id='word_1_240' title='bbox 779 1907 827 1934; x_wconf 93' lang='lat' dir='ltr'>eo</span> <span class='ocrx_word' id='word_1_241' title='bbox 860 1892 1167 1935; x_wconf 79' lang='lat' dir='ltr'>redimeretur‘.·&gt;</span> <span class='ocrx_word' id='word_1_242' title='bbox 1205 1896 1254 1934; x_wconf 92' lang='lat' dir='ltr'>ut</span> <span class='ocrx_word' id='word_1_243' title='bbox 1285 1894 1457 1935; x_wconf 81' lang='lat' dir='ltr'>duceret</span> 
     </span>
     <span class='ocr_line' id='line_1_33' title="bbox 112 1950 1456 2007; baseline 0.001 -15"><span class='ocrx_word' id='word_1_244' title='bbox 112 1951 344 1993; x_wconf 79' lang='lat' dir='ltr'>iudicium?</span> <span class='ocrx_word' id='word_1_245' title='bbox 407 1950 485 1993; x_wconf 90' lang='lat' dir='ltr'>Cui</span> <span class='ocrx_word' id='word_1_246' title='bbox 517 1966 590 1992; x_wconf 83' lang='lat' dir='ltr'>sex</span> <span class='ocrx_word' id='word_1_247' title='bbox 622 1951 750 1992; x_wconf 89' lang='lat' dir='ltr'>horas</span> <span class='ocrx_word' id='word_1_248' title='bbox 783 1951 956 1993; x_wconf 88' lang='lat' dir='ltr'>omnino</span> <span class='ocrx_word' id='word_1_249' title='bbox 988 1952 1055 1993; x_wconf 85' lang='lat' dir='ltr'>lex</span> <span class='ocrx_word' id='word_1_250' title='bbox 1088 1951 1215 2007; x_wconf 88' lang='lat' dir='ltr'>dedit,</span> <span class='ocrx_word' id='word_1_251' title='bbox 1247 1955 1456 2006; x_wconf 84' lang='lat' dir='ltr'>quantum</span> 
     </span>
     <span class='ocr_line' id='line_1_34' title="bbox 113 2010 1455 2065; baseline 0.001 -15"><span class='ocrx_word' id='word_1_252' title='bbox 113 2010 286 2051; x_wconf 87' lang='lat' dir='ltr'>tandem</span> <span class='ocrx_word' id='word_1_253' title='bbox 318 2025 369 2051; x_wconf 82' lang='lat' dir='ltr'>ex</span> <span class='ocrx_word' id='word_1_254' title='bbox 399 2010 466 2051; x_wconf 92' lang='lat' dir='ltr'>his</span> <span class='ocrx_word' id='word_1_255' title='bbox 498 2010 617 2051; x_wconf 91' lang='lat' dir='ltr'>horis</span> <span class='ocrx_word' id='word_1_256' title='bbox 650 2010 906 2064; x_wconf 85' lang='lat' dir='ltr'>detraheret,</span> <span class='ocrx_word' id='word_1_257' title='bbox 937 2011 974 2052; x_wconf 86' lang='lat' dir='ltr'>si</span> <span class='ocrx_word' id='word_1_258' title='bbox 1004 2010 1084 2052; x_wconf 87' lang='lat' dir='ltr'>tibi</span> <span class='ocrx_word' id='word_1_259' title='bbox 1117 2025 1280 2052; x_wconf 88' lang='lat' dir='ltr'>morem</span> <span class='ocrx_word' id='word_1_260' title='bbox 1307 2024 1455 2065; x_wconf 81' lang='lat' dir='ltr'>gerere</span> 
     </span>
     <span class='ocr_line' id='line_1_35' title="bbox 112 2068 1456 2124; baseline 0.002 -16"><span class='ocrx_word' id='word_1_261' title='bbox 112 2068 349 2110; x_wconf 83' lang='lat' dir='ltr'>voluisset?</span> <span class='ocrx_word' id='word_1_262' title='bbox 410 2068 624 2110; x_wconf 88' lang='lat' dir='ltr'>Nimirum</span> <span class='ocrx_word' id='word_1_263' title='bbox 661 2068 768 2110; x_wconf 90' lang='lat' dir='ltr'>illud</span> <span class='ocrx_word' id='word_1_264' title='bbox 806 2072 888 2123; x_wconf 89' lang='lat' dir='ltr'>est,</span> <span class='ocrx_word' id='word_1_265' title='bbox 925 2069 1038 2124; x_wconf 89' lang='lat' dir='ltr'>quod</span> <span class='ocrx_word' id='word_1_266' title='bbox 1075 2070 1165 2124; x_wconf 88' lang='lat' dir='ltr'>ipse</span> <span class='ocrx_word' id='word_1_267' title='bbox 1200 2070 1456 2123; x_wconf 84' lang='lat' dir='ltr'>suspicatur.</span> 
     </span>
     <span class='ocr_line' id='line_1_36' title="bbox 114 2126 1455 2182; baseline 0.001 -15"><span class='ocrx_word' id='word_1_268' title='bbox 114 2126 313 2168; x_wconf 84' lang='lat' dir='ltr'>Invidisti</span> <span class='ocrx_word' id='word_1_269' title='bbox 338 2126 511 2182; x_wconf 84' lang='lat' dir='ltr'>ingenio</span> <span class='ocrx_word' id='word_1_270' title='bbox 539 2127 845 2181; x_wconf 83' lang='lat' dir='ltr'>subscriptoris</span> <span class='ocrx_word' id='word_1_271' title='bbox 870 2127 954 2182; x_wconf 82' lang='lat' dir='ltr'>tui3</span> <span class='ocrx_word' id='word_1_272' title='bbox 981 2128 1094 2182; x_wconf 87' lang='lat' dir='ltr'>quod</span> <span class='ocrx_word' id='word_1_273' title='bbox 1116 2128 1299 2169; x_wconf 88' lang='lat' dir='ltr'>ornabat</span> <span class='ocrx_word' id='word_1_274' title='bbox 1317 2127 1455 2169; x_wconf 87' lang='lat' dir='ltr'>facete</span> 
     </span>
     <span class='ocr_line' id='line_1_37' title="bbox 59 2185 1455 2241; baseline 0.001 -15"><span class='ocrx_word' id='word_1_275' title='bbox 59 2195 94 2222; x_wconf 78' lang='lat'>35</span> <span class='ocrx_word' id='word_1_276' title='bbox 113 2185 272 2238; x_wconf 89' lang='lat' dir='ltr'>locum,</span> <span class='ocrx_word' id='word_1_277' title='bbox 312 2200 436 2240; x_wconf 86' lang='lat' dir='ltr'>quem</span> <span class='ocrx_word' id='word_1_278' title='bbox 473 2186 721 2241; x_wconf 88' lang='lat' dir='ltr'>prenderat,</span> <span class='ocrx_word' id='word_1_279' title='bbox 759 2189 802 2227; x_wconf 91' lang='lat' dir='ltr'>et</span> <span class='ocrx_word' id='word_1_280' title='bbox 839 2190 960 2227; x_wconf 89' lang='lat' dir='ltr'>acute</span> <span class='ocrx_word' id='word_1_281' title='bbox 992 2189 1125 2228; x_wconf 86' lang='lat' dir='ltr'>testes</span> <span class='ocrx_word' id='word_1_282' title='bbox 1157 2186 1455 2240; x_wconf 78' lang='lat' dir='ltr'>interrogabat</span> 
     </span>
     <span class='ocr_line' id='line_1_38' title="bbox 115 2243 1454 2300; baseline 0.001 -17"><span class='ocrx_word' id='word_1_283' title='bbox 115 2245 188 2284; x_wconf 91' lang='lat' dir='ltr'>aut</span> <span class='ocrx_word' id='word_1_284' title='bbox 212 2243 397 2284; x_wconf 87' lang='lat' dir='ltr'>fortasse</span> <span class='ocrx_word' id='word_1_285' title='bbox 422 2243 605 2299; x_wconf 88' lang='lat' dir='ltr'>fecisset,</span> <span class='ocrx_word' id='word_1_286' title='bbox 630 2247 678 2285; x_wconf 91' lang='lat' dir='ltr'>ut</span> <span class='ocrx_word' id='word_1_287' title='bbox 704 2247 752 2286; x_wconf 90' lang='lat' dir='ltr'>tu</span> <span class='ocrx_word' id='word_1_288' title='bbox 774 2259 823 2285; x_wconf 84' lang='lat' dir='ltr'>ex</span> <span class='ocrx_word' id='word_1_289' title='bbox 843 2245 991 2300; x_wconf 89' lang='lat' dir='ltr'>populi</span> <span class='ocrx_word' id='word_1_290' title='bbox 1012 2259 1207 2287; x_wconf 88' lang='lat' dir='ltr'>sermone</span> <span class='ocrx_word' id='word_1_291' title='bbox 1229 2244 1454 2297; x_wconf 86' lang='lat' dir='ltr'>excideres,</span> 
     </span>
    </p>
   </div>
   <div class='ocr_carea' id='block_1_8' title="bbox 112 2301 1454 2403">
    <p class='ocr_par' dir='ltr' id='par_1_8' title="bbox 112 2301 1454 2403">
     <span class='ocr_line' id='line_1_39' title="bbox 112 2301 1454 2358; baseline 0.001 -16"><span class='ocrx_word' id='word_1_292' title='bbox 112 2301 269 2344; x_wconf 85' lang='lat' dir='ltr'>idcirco</span> <span class='ocrx_word' id='word_1_293' title='bbox 301 2301 536 2344; x_wconf 88' lang='lat' dir='ltr'>Decianum</span> <span class='ocrx_word' id='word_1_294' title='bbox 567 2317 700 2358; x_wconf 82' lang='lat' dir='ltr'>usque</span> <span class='ocrx_word' id='word_1_295' title='bbox 734 2303 786 2344; x_wconf 90' lang='lat' dir='ltr'>ad</span> <span class='ocrx_word' id='word_1_296' title='bbox 818 2318 1018 2346; x_wconf 88' lang='lat' dir='ltr'>coronam</span> <span class='ocrx_word' id='word_1_297' title='bbox 1052 2303 1308 2358; x_wconf 86' lang='lat' dir='ltr'>applicuisti.</span> <span class='ocrx_word' id='word_1_298' title='bbox 1362 2301 1454 2356; x_wconf 86' lang='lat' dir='ltr'>Sed,</span> 
     </span>
     <span class='ocr_line' id='line_1_40' title="bbox 1170 2371 1242 2403; baseline 0 0"><span class='ocrx_word' id='word_1_299' title='bbox 1170 2371 1242 2403; x_wconf 70' lang='lat'>⁶27*</span> 
     </span>
    </p>
   </div>
   <div class='ocr_carea' id='block_1_9' title="bbox 1473 1106 1528 1147">
    <p class='ocr_par' dir='ltr' id='par_1_9' title="bbox 1473 1106 1528 1147">
     <span class='ocr_line' id='line_1_41' title="bbox 1473 1106 1528 1147; baseline 0 0"><span class='ocrx_word' id='word_1_300' title='bbox 1473 1106 1528 1147; x_wconf 86' lang='lat'>33</span> 
     </span>
    </p>
   </div>
   <div class='ocr_carea' id='block_1_10' title="bbox 1482 1846 1527 1878">
    <p class='ocr_par' dir='ltr' id='par_1_10' title="bbox 1482 1846 1527 1878">
     <span class='ocr_line' id='line_1_42' title="bbox 1482 1846 1527 1878; baseline 0 0"><span class='ocrx_word' id='word_1_301' title='bbox 1482 1846 1527 1878; x_wconf 84' lang='lat'>82</span> 
     </span>
    </p>
   </div>
  </div>
 </body>
</html>
