1619 2542
102 1431 130 1521 κζ·Ν>

143 128 198 170 38
511 127 603 163 PRO
631 129 672 161 A.
701 126 912 162 CAECINA
939 126 1132 162 ORATIO.

142 224 281 266 cinam
315 239 409 266 cum
442 224 588 266 amicis
623 227 741 266 metu
772 223 1049 278 perterritum
1080 223 1344 280 profugisse,
1375 236 1487 266 nune

144 298 310 338 quoque
342 285 385 324 in
417 283 570 325 iudicio
604 284 641 324 si
673 297 801 324 causa
827 297 945 324 more
978 282 1262 336 institutoque
1295 283 1486 324 omnium

143 341 406 394 defendatur,
438 356 517 383 nos
550 342 775 383 inferiores
806 341 851 382 in
883 341 1048 397 agendo
1081 356 1167 382 non
1198 341 1387 395 futuros,
1419 342 1487 382 sin

144 416 170 443 a
201 401 505 442 consuetudine
537 400 776 450 recedatur,
810 414 866 454 se,
899 414 982 454 quo
1014 399 1305 455 impudentius
1339 401 1487 453 egerit,

143 460 226 501 hoc
269 460 528 514 superiorem
576 459 875 501 discessurum.
937 457 1068 507 Quasi
1111 473 1211 500 vero
1257 461 1331 500 aut
1373 458 1486 500 idem

144 519 282 573 possit
318 519 363 559 in
404 518 558 559 iudicio
591 518 865 572 improbitas,
905 518 1016 573 quod
1054 518 1098 559 in
1135 518 1177 559 vi
1218 517 1487 571 confidentia,

147 579 221 619 aut
261 591 337 618 nos
378 591 465 618 non
505 590 554 618 eo
597 576 802 618 libentius
842 580 936 618 tum
977 576 1178 618 audaciae
1223 577 1487 630 cesserimus,

147 650 230 690 quo
274 650 383 677 nunc
425 635 700 689 inpudentiae
742 635 911 677 facilius
956 635 1274 677 obsisteremus.
1335 633 1487 689 Itaque
1543 631 1546 635 ’

147 695 274 749 longe
307 694 391 735 alia
414 695 594 747 ratione,
625 697 958 748 recuperatores,
991 694 1044 735 ad
1077 694 1286 749 agendam
1313 708 1486 735 causam

146 754 226 795 hac
259 753 426 794 actione
457 753 600 805 venio,
644 755 773 807 atque
804 753 927 795 initio
960 767 1171 795 veneram.
1232 752 1341 794 Tum
1373 753 1485 794 enim

146 815 320 853 nostrae
361 826 514 853 causae
558 826 653 865 spes
697 816 788 853 erat
827 813 969 866 posita
1010 812 1055 853 in
1097 811 1340 852 defensione
1382 826 1487 866 mea,

147 885 259 911 nunc
296 872 340 911 in
371 870 637 912 confessione
669 871 918 924 adversarii,
956 874 1049 912 tum
1080 871 1124 911 in
1155 870 1336 924 nostris,
1378 885 1489 912 nunc

148 944 246 971 vero
273 929 319 970 in
345 930 517 971 illorum
548 929 750 983 testibus,
782 929 832 971 de
865 930 1019 984 quibus
1052 942 1132 983 ego
1165 931 1291 970 antea
1322 929 1488 971 labora-

148 989 266 1041 bam,
298 1003 372 1041 ne,
405 989 440 1030 si
472 988 658 1043 improbi
693 992 854 1042 essent,
885 989 985 1030 falsi
1018 987 1179 1042 aliquid
1211 988 1415 1042 dicerent,
1454 988 1489 1030 si

148 1047 273 1101 probi
304 1047 662 1101 existimarentur,
694 1047 806 1102 quod
839 1047 1066 1100 dixissent,
1097 1047 1348 1102 probarent,
1378 1061 1489 1088 nune

151 1120 243 1147 sum
275 1105 418 1147 animo
452 1106 719 1160 aequissimo.
782 1105 827 1147 Si
859 1107 971 1147 enim
1009 1110 1108 1147 sunt
1144 1106 1225 1147 viri
1262 1106 1382 1159 boni,
1423 1120 1489 1146 me

150 1164 371 1218 adiuvant,
412 1179 507 1206 cum
549 1164 591 1204 id
634 1165 762 1206 iurati
802 1165 965 1218 dicunt,
1008 1164 1120 1219 quod
1161 1177 1241 1218 ego
1280 1165 1488 1206 iniuratus

149 1223 374 1276 insimulo,
414 1223 479 1264 sin
517 1225 660 1263 autem
700 1224 838 1264 minus
876 1223 1035 1277 idonei,
1074 1237 1140 1264 me
1177 1237 1264 1264 non
1302 1223 1489 1277 laedunt,

150 1296 245 1323 cum
278 1282 341 1335 iis,
379 1282 467 1322 sive
498 1282 685 1335 creditur,
724 1281 910 1323 creditur
942 1282 1022 1323 hoc
1060 1282 1220 1335 ipsum,
1261 1281 1371 1336 quod
1410 1295 1488 1322 nos

150 1340 383 1395 arguimus,
410 1341 499 1381 sive
528 1340 627 1381 fides
654 1354 740 1382 non
764 1340 958 1390 habetur,
984 1339 1035 1381 de
1062 1339 1292 1381 adversarii
1313 1340 1488 1381 testium

149 1399 231 1439 fide
269 1399 511 1454 derogatur.

239 1457 399 1499 Verum
436 1460 582 1499 tamen
624 1472 718 1499 cum
756 1458 930 1500 illorum
963 1457 1175 1499 actionem
1207 1472 1358 1499 causae
1391 1471 1490 1500 con-

151 1516 307 1569 sidero,
344 1530 431 1558 non
462 1516 602 1571 video,
642 1516 742 1572 quid
774 1516 1047 1572 inpudentius
1081 1516 1161 1558 dici
1200 1516 1356 1571 possit,
1395 1530 1491 1558 cum

150 1578 294 1616 autem
326 1578 513 1616 vestram
545 1575 589 1616 in
621 1575 844 1617 iudicando
878 1575 1213 1629 dubitationem,
1246 1589 1408 1628 vereor,
1438 1589 1490 1616 ne

150 1633 204 1686 id,
237 1633 347 1688 quod
380 1633 578 1675 videntur
608 1634 863 1689 inpudenter
895 1634 1056 1687 fecisse,
1088 1637 1228 1675 astute
1261 1636 1303 1675 et
1335 1633 1486 1675 callide

150 1691 338 1733 fecerint.
400 1691 531 1742 Nam,
569 1693 606 1733 si
643 1695 876 1748 negassent
914 1693 1000 1734 vim
1032 1693 1276 1734 hominibus
1310 1692 1489 1733 armatis

152 1764 243 1792 esse
281 1750 457 1804 factam,
493 1751 618 1793 facile
655 1752 972 1793 honestissimis
1011 1751 1194 1793 testibus
1232 1751 1276 1792 in
1312 1764 1358 1790 re
1398 1764 1489 1804 per-

152 1808 298 1863 spicua
324 1812 587 1863 tenerentur,
616 1810 682 1851 sin
707 1810 891 1851 confessi
918 1813 1059 1852 essent
1085 1813 1127 1851 et
1152 1809 1207 1863 id,
1233 1808 1345 1864 quod.
1370 1808 1489 1849 nullo

149 1870 341 1922 tempore
373 1868 462 1909 iure
495 1868 585 1909 fieri
616 1871 772 1923 potest,
804 1872 897 1910 tum
931 1869 984 1910 ab
1017 1883 1061 1909 se
1092 1868 1182 1909 iure
1208 1867 1370 1908 factum
1398 1881 1490 1908 esse

151 1925 439 1978 defenderent,
478 1930 720 1981 sperarunt,
758 1927 801 1968 id
839 1927 951 1982 quod
984 1926 1167 1968 assecuti
1199 1928 1315 1979 sunt,
1355 1940 1398 1966 se
1430 1925 1490 1966 'm-

150 1983 334 2026 iecturos
362 1984 483 2026 vobis
517 1999 688 2027 causam
722 1985 984 2027 deliberandi
1017 1988 1059 2026 et
1090 1984 1304 2025 iudicandi
1330 1985 1489 2025 iustam

150 2057 315 2084 moram
348 2058 395 2085 ac
432 2043 695 2098 religionem.
758 2043 893 2085 Simul
931 2043 1055 2096 illud,
1094 2043 1205 2097 quod
1244 2042 1487 2096 indignissi-

151 2116 267 2143 mum
300 2105 375 2155 est,
405 2101 596 2142 futurum
629 2103 828 2143 arbitrati
856 2105 967 2156 sunt,
997 2104 1047 2142 ut
1071 2101 1115 2142 in
1141 2101 1220 2143 hac
1247 2116 1375 2143 causa
1404 2115 1490 2142 non

151 2160 200 2201 de
232 2160 494 2215 inprobitate
528 2159 620 2200 Sex.
646 2161 818 2213 Aebuti,
851 2160 924 2201 sed
949 2160 999 2200 de
1026 2160 1116 2200 iure
1143 2160 1259 2201 civili
1286 2159 1490 2201 iudicium

1509 763 1542 788 10

1510 1056 1543 1082 15

1507 1643 1541 1669 ⁴25

1512 1937 1545 1962 30

106 2228 125 2258 5
150 2218 243 2259 fieri
270 2219 492 2260 videretur.
543 2217 635 2266 Qua
660 2219 704 2259 in
729 2233 785 2270 re,
818 2219 854 2259 si
879 2218 985 2259 mihi
1017 2221 1129 2259 esset
1161 2219 1286 2259 unius
1315 2218 1365 2259 A.
1387 2216 1489 2259 Cae·
1511 2228 1545 2253 35

151 2276 269 2317 cinae
302 2291 430 2318 eausa
461 2276 643 2332 agenda,
676 2277 899 2330 profiterer
931 2277 1037 2317 satis
1069 2276 1267 2318 idoneum
1300 2290 1391 2318 esse
1425 2290 1492 2317 me

151 2334 432 2390 defensorem,
472 2339 701 2390 propterea
735 2335 845 2389 quod
877 2334 1003 2376 fidem
1037 2349 1176 2376 meam
1209 2334 1493 2388 diligentiam-
