1687 2533
233 94 320 136 364
630 94 725 130 PRO
745 95 784 131 P.
813 95 965 130 SULLA
991 94 1183 130 ORATIO.

235 191 308 232 sed
346 205 394 232 ex
427 191 618 232 moribus
652 191 759 245 eius,
799 190 872 244 qui
904 190 1115 244 arguitur,
1148 192 1212 232 est
1244 189 1578 244 ponderandum.

233 249 384 304 Neque
428 250 543 291 enim
586 252 731 303 potest
775 249 1002 303 quisquam
1049 252 1246 290 nostrum
1291 248 1433 290 subito
1471 249 1578 305 fingi

233 322 370 362 neque
402 308 652 363 cuiusquam
685 310 859 362 repente
891 307 983 349 vita
1014 309 1172 348 mutari
1200 309 1274 349 aut
1299 310 1455 349 natura
1480 322 1577 349 con-

164 377 207 408 70
235 368 352 408 verti.
423 366 746 422 Circumspicite
790 365 1007 421 paulisper
1053 366 1268 408 mentibus
1313 366 1486 420 vestris,
1529 369 1577 408 ut

235 425 321 466 alia
352 425 756 479 mittamusfhosce
787 425 904 480 ipsos
936 424 1150 478 homines,
1183 424 1255 479 qui
1285 423 1385 467 huic
1417 425 1575 466 adfines
1595 436 1612 462 5

234 484 382 525 sceleri
427 484 611 525 fuerunt.
679 483 867 525 Catilina
911 486 1061 525 contra
1097 498 1189 524 rem
1225 483 1444 539 publicam
1482 498 1577 525 con—

233 542 403 583 iuravit.
467 542 596 584 Cuius
635 557 758 583 aures
790 556 994 596 umquam
1026 542 1132 584 haec
1163 545 1418 596 respuerunt
1447 541 1478 596 †
1509 556 1576 584 co—

232 604 382 642 natum
422 616 513 643 esse
556 601 757 642 audacter
795 601 1013 642 hominem
1046 616 1070 642 a
1102 601 1287 654 pueritia
1320 615 1405 642 non
1439 601 1576 642 solum

233 660 567 714 intemperantia
613 663 656 701 et
694 659 868 711 scelere,
913 659 987 701 secl
1025 659 1156 700 etiam
1194 659 1495 701 consuetudine
1534 662 1576 701 et

234 719 374 760 studio
400 719 445 759 in
472 719 588 759 omni
614 719 795 773 flagitio,
829 721 990 773 stupro,
1023 718 1148 759 caede
1175 718 1422 760 versatum?
1472 717 1574 766 Quis
1596 730 1630 755 1⁰

234 792 327 818 eum
356 780 506 819 contra
531 778 718 832 patriam
744 779 1012 832 pugnantem
1037 778 1198 831 perisse
1224 776 1418 829 miratur,
1450 791 1576 832 quem

234 851 400 891 semper
427 851 573 878 omnes
601 836 654 878 ad
680 836 803 877 civile
824 835 1097 877 latrocinium
1116 838 1266 876 natum
1287 836 1576 890 putaverunt?

233 893 335 943 Quis
369 894 541 936 Lentuli
583 895 811 936 societates
843 909 939 935 cum
970 893 1200 948 indicibus,
1239 894 1332 948 quis
1364 894 1577 936 insaniam

231 953 477 1007 libidinum,
523 953 616 1008 quis
661 967 904 1007 perversam
943 956 1070 1007 atque
1107 953 1285 1007 impiam
1323 953 1575 1007 religionem

232 1012 497 1065 recordatur,
530 1012 603 1066 qui
633 1012 757 1052 illum
791 1014 864 1052 aut
895 1011 1056 1052 nefarie
1089 1012 1301 1066 cogitasse
1334 1014 1408 1052 aut
1443 1011 1574 1053 stulte
1594 1022 1628 1047 15

233 1084 428 1124 sperasse
461 1070 672 1111 miretur?
735 1069 840 1118 Quis
866 1070 916 1110 de
950 1068 995 1111 C.
1022 1068 1213 1125 Cethego
1248 1072 1376 1123 atque
1409 1070 1498 1111 eius
1531 1070 1576 1111 in

231 1128 489 1183 Hispaniam
533 1128 798 1183 profectione
844 1143 893 1170 ac
930 1128 979 1169 de
1018 1129 1190 1169 vulnere
1230 1127 1276 1176 Q.
1308 1128 1472 1169 Metelli
1509 1128 1576 1170 Pii

233 1188 414 1242 cogitat,
454 1187 521 1228 cui
557 1202 645 1228 non
684 1187 736 1228 ad
773 1187 890 1227 illius
931 1201 1115 1242 poenam
1152 1201 1296 1228 carcer
1328 1186 1575 1228 aedificatus

161 1243 245 1301 (71)
263 1260 353 1286 esse
402 1246 627 1287 videatur?
703 1244 867 1288 Omitto
913 1248 1096 1300 ceteros,
1145 1259 1198 1286 ne
1243 1245 1300 1286 sit
1343 1245 1574 1299 infinitum3

162 1315 203 1345 71
231 1307 403 1345 tantum
436 1319 461 1345 a
492 1304 615 1345 vobis
647 1308 761 1359 peto,
793 1307 841 1344 ut
872 1305 994 1345 taciti
1026 1304 1076 1344 de
1102 1303 1312 1357 omnibus,
1346 1318 1450 1358 quos
1477 1318 1574 1346 con·
1595 1315 1629 1339 20

231 1363 393 1404 iurasse
450 1363 670 1417 cognitum
723 1365 805 1416 est,
861 1363 1078 1418 cogitetis3
1134 1363 1394 1417 intellegetis
1443 1377 1575 1404 unum

233 1436 442 1476 quemque
482 1436 628 1463 eorum
666 1421 784 1476 prius
825 1421 878 1462 ab
918 1436 995 1462 sua
1032 1421 1121 1462 vita
1159 1435 1286 1475 quam
1324 1423 1469 1462 vestra
1507 1435 1574 1463 su-

233 1480 421 1535 spicione
472 1494 563 1522 esse
614 1480 876 1521 damnatum.
947 1480 1094 1534 Ipsum
1139 1479 1258 1521 illum
1305 1479 1575 1534 Autronium,

233 1539 434 1593 quoniam
462 1539 550 1580 eius
576 1553 732 1580 nomen
756 1538 985 1579 finitimum
1013 1538 1197 1579 maxime
1224 1541 1289 1578 est
1312 1537 1439 1579 huius
1464 1539 1574 1593 peri—

232 1598 326 1638 culo
372 1601 413 1638 et
456 1597 643 1651 crimini,
686 1611 773 1639 non
816 1612 894 1638 sua
937 1597 1027 1638 vita
1071 1611 1118 1638 ac
1161 1599 1317 1638 natura
1360 1596 1572 1638 convicit?
1592 1607 1626 1633 2⁵

233 1654 411 1710 Semper
443 1656 597 1709 audax,
629 1657 840 1710 petulans,
870 1655 1144 1709 libidinosus3
1176 1669 1301 1709 quem
1333 1657 1377 1696 in
1408 1657 1574 1709 stupro-

233 1729 328 1754 rum
362 1713 679 1755 defensionibus
706 1729 792 1755 non
819 1715 957 1755 solum
983 1713 1126 1755 verbis
1152 1715 1215 1754 uti
1239 1713 1572 1767 improbissimis

233 1772 411 1814 solitum
445 1787 537 1814 esse
570 1773 739 1823 scimus,
771 1787 918 1814 verum
950 1773 1080 1813 etiam
1111 1772 1268 1827 pugnis
1301 1775 1344 1812 et
1374 1771 1573 1826 calcibus,

234 1845 358 1884 quem
405 1830 630 1871 exturbare
673 1830 870 1872 homines
909 1846 958 1872 ex
995 1830 1356 1885 possessionibus,
1402 1830 1571 1871 caedem

232 1889 372 1930 facere
398 1889 649 1942 vicinorum,
676 1889 862 1945 spoliare
887 1889 989 1930 fana
1015 1888 1239 1942 sociorum,
1265 1889 1307 1929 vi
1334 1889 1569 1942 [conatum]
1591 1900 1626 1924 3⁰
1672 1899 1673 1902 ’

235 1950 278 1988 et
310 1947 439 1988 armis
474 1947 713 1988 disturbare
739 1948 909 2002 iudicia,
940 1949 984 1988 111
1009 1947 1132 1988 bonis
1159 1947 1286 1988 rebus
1313 1946 1451 1988 omnis
1477 1961 1572 1989 con·
1671 1915 1673 1982 1

232 2009 441 2057 temnere,
473 2006 518 2046 in
549 2006 673 2047 malis
705 2020 899 2061 pugnare
931 2008 1080 2047 contra
1109 2005 1260 2059 bonos,
1289 2019 1377 2047 non
1407 2005 1469 2046 rei
1497 2020 1572 2061 pu-

233 2065 369 2106 blicae
409 2063 575 2117 cedere,
612 2079 699 2104 non
736 2065 934 2106 fortunae
970 2064 1054 2119 ipsi
1086 2064 1371 2105 succumbere.
1431 2062 1571 2105 Huius

234 2124 271 2164 si
311 2137 439 2164 causa
474 2137 561 2163 non
599 2122 963 2164 manifestissimis
1000 2122 1125 2163 rebus
1156 2124 1390 2176 teneretur,
1426 2125 1572 2163 tamen

235 2197 329 2223 eum
363 2195 502 2223 mores
533 2180 669 2235 ipsius
701 2195 750 2222 ac
780 2181 872 2222 vita
903 2180 1183 2223 convinceret.
1589 2191 1622 2217 311

163 2226 218 2267 26
324 2240 537 2295 Agedum,
575 2238 765 2281 conferte
803 2253 915 2281 nunc
952 2253 1048 2281 cum
1079 2238 1196 2280 illius
1228 2239 1319 2280 vita
1349 2237 1394 2279 P.
1427 2237 1570 2280 Sullae

164 2278 206 2308 72
234 2298 354 2340 vobis
387 2298 632 2354 populoque
664 2296 858 2338 Romano
890 2297 1171 2352 notissimam,
1201 2297 1371 2351 iudices,
1403 2299 1445 2338 et
1477 2311 1570 2338 eam
