1687 2533
238 114 326 156 470
427 115 490 149 DE
516 114 653 150 DOMO
680 114 771 150 SUA
798 114 861 149 AD
888 114 1167 151 PONTIFICES
1194 116 1384 153 ORATIO.

240 210 353 251 enim
392 212 466 252 aut
495 213 585 252 tam
618 211 831 265 adrogans
864 226 991 266 quam
1022 211 1073 253 de
1104 212 1329 267 religione,
1367 213 1418 254 de
1449 213 1575 255 rebus

239 269 406 323 divinis,
432 269 714 322 caerimoniis,
742 269 873 311 sacris
899 270 1153 324 pontificum
1178 271 1408 326 collegium
1428 271 1576 313 docere

239 328 383 368 conari
415 330 489 368 aut
520 330 611 368 tam
645 327 825 368 stultum
853 343 994 382 quam,
1026 328 1062 369 si
1094 329 1188 382 quis
1221 329 1322 382 quid
1352 330 1397 370 in
1421 330 1576 371 vestris

239 385 361 427 libris
400 386 629 440 invenerit,
666 386 709 426 id
746 401 919 428 narrare
956 386 1079 428 vobis
1119 390 1193 428 aut
1229 391 1319 429 tam
1362 388 1572 430 curiosum

240 459 368 499 quam
413 459 463 485 ea
503 445 609 485 scire
653 445 780 498 velle,
825 445 874 485 de
913 445 1066 499 quibus
1104 446 1288 487 maiores
1326 447 1464 488 nostri
1500 461 1576 488 vos

173 502 224 544 13
241 503 355 544 solos
393 506 436 544 et
474 503 639 544 consuli
677 505 720 543 et
758 503 865 544 scire
902 504 1157 545 voluerunt?
1223 503 1347 559 Nego
1384 505 1576 560 potuisse

169 982 213 1013 34

239 562 329 603 iure
366 561 558 616 publico,
596 561 764 616 legibus
802 562 874 615 iis,
911 562 1063 616 quibus
1102 562 1207 604 11666
1245 563 1396 604 civitas
1428 563 1576 617 utitur,

239 634 496 674 quemquam
527 619 662 661 civem
693 620 783 661 ulla
808 620 897 661 eius
924 621 1039 662 modi
1065 621 1309 662 calamitate
1336 622 1460 663 adfici
1487 623 1576 663 sine

239 678 413 732 iudicio3
457 678 538 719 hoc
581 678 686 719 iuris
730 678 774 719 in
817 679 897 720 1166
940 679 1113 721 civitate
1158 680 1286 721 etiam
1325 683 1436 733 tum,
1480 695 1575 722 cum

239 751 361 792 reges
395 739 554 790 6336111,
587 737 679 778 dico
710 737 861 790 fuisse,
893 737 974 779 hoc
1004 738 1129 779 nobis
1162 752 1254 779 esse
1287 753 1312 779 a
1342 739 1575 780 maioribus

238 796 458 849 traditum,
490 795 571 837 hoc
602 809 695 836 esse
727 795 907 850 denique
939 797 1158 850 proprium
1190 797 1350 838 liberae
1375 797 1576 851 civitatis,

239 856 286 895 ut
317 854 424 895 nihil
456 854 506 895 de
539 854 677 908 capite
704 854 807 895 civis
835 857 908 895 aut
934 855 984 895 de
1010 855 1134 895 bonis
1162 855 1252 896 sine
1277 855 1432 896 iudicio
1460 870 1576 897 sena-

238 915 307 953 tus
342 916 415 954 aut
444 913 595 967 populi
621 916 695 953 aut
722 927 881 965 eorum,
914 913 985 966 qui
1012 913 1061 953 de
1089 928 1256 967 quaque
1281 928 1325 954 re
1351 914 1577 955 constituti

239 971 398 1012 iudices
431 971 530 1025 sint,
563 971 729 1012 detrahi
760 971 908 1025 possit.
958 970 1141 1012 Videsne
1169 986 1236 1012 me
1261 986 1346 1013 non
1372 972 1576 1014 radicitus

239 1030 418 1071 evellere
454 1029 594 1070 omnis
627 1029 815 1070 actiones
846 1032 942 1070 tuas
973 1043 1109 1083 neque
1141 1030 1248 1071 illud
1281 1045 1425 1085 agere,
1464 1030 1577 1084 quod

240 1091 436 1143 apertum
468 1090 545 1137 est,
576 1090 619 1128 te
652 1087 824 1128 omnino
856 1087 962 1128 nihil
990 1088 1173 1141 gessisse
1200 1089 1302 1142 iure,
1334 1103 1420 1130 non
1444 1089 1577 1130 fuisse

238 1147 460 1187 tribunum
489 1146 559 1199 pl,
589 1145 714 1186 hodie
741 1160 831 1186 esse
857 1146 1117 1200 patricium?
1167 1146 1273 1188 Dico
1303 1147 1414 1201 apud
1439 1147 1577 1201 ponti-

238 1205 356 1257 fices,
394 1218 576 1258 augures
615 1204 786 1256 adsunt3
825 1218 970 1246 versor
1010 1205 1051 1245 in
1090 1205 1230 1246 medio
1268 1205 1358 1246 iure
1394 1205 1576 1259 publico.

327 1262 448 1311 Quod
480 1265 555 1315 est,
586 1263 821 1317 pontifices,
852 1262 917 1303 ius
951 1262 1221 1315 adoptionis?
1271 1262 1436 1318 Nempe
1467 1266 1515 1304 ut
1541 1264 1576 1304 13

239 1321 434 1376 adoptet,
481 1321 552 1374 qui
590 1335 726 1375 neque
764 1335 989 1374 procreare
1027 1321 1112 1362 iam
1151 1321 1310 1362 liberos
1348 1322 1485 1376 possit
1523 1324 1612 1375 et,‘-‘

238 1395 334 1421 cum
365 1380 569 1434 potuerit,
602 1380 659 1420 sit
692 1381 901 1434 expertus.
951 1379 1067 1427 Quae
1099 1379 1248 1420 deinde
1274 1394 1402 1421 661136
1427 1380 1577 1434 cuique

240 1439 296 1480 sit
327 1438 582 1492 adoptionis,
615 1452 722 1492 quae
754 1438 866 1479 ratio
894 1452 1099 1492 generum
1125 1452 1173 1479 66
1199 1438 1437 1492 dignitatis,
1469 1453 1576 1492 quae

240 1511 476 1550 sacrorum,
514 1496 661 1551 quaeri
702 1511 727 1537 a
763 1496 1013 1550 pontificum
1051 1496 1235 1551 collegio
1274 1497 1394 1538 solet.
1468 1496 1578 1545 Quid

240 1558 305 1596 est
348 1556 503 1596 horum
547 1555 591 1595 111
635 1555 720 1596 1316
764 1555 994 1608 adoptione
1039 1555 1309 1608 quaesitum?
1383 1555 1577 1609 Adoptat

240 1628 373 1655 6111103
407 1613 562 1668 viginti
593 1616 734 1667 natus,
767 1613 895 1654 etiam
923 1613 1075 1665 minor,
1108 1615 1361 1654 senatorem.
1405 1612 1576 1654 Libero·
1597 1642 1610 1649 -

238 1686 388 1713 rumne
426 1671 583 1713 causa?
652 1672 712 1712 At
750 1685 974 1726 procreare
1012 1674 1172 1724 potest3
1218 1671 1350 1712 habet
1390 1686 1576 1724 uxorem,

240 1730 444 1784 suscipiet
470 1744 520 1770 ex
546 1745 595 1771 ea
620 1730 797 1784 liberos3
824 1729 1099 1770 exheredabit
1124 1729 1257 1784 igitur
1282 1733 1405 1784 pater
1430 1729 1575 1770 filium.

170 1786 252 1844 (35)
268 1787 406 1836 Quid?
440 1802 559 1829 sacra
585 1786 760 1829 Clodiae
793 1788 934 1843 gentis
967 1803 1041 1829 cur
1066 1788 1294 1841 intereunt,
1326 1787 1437 1841 quod
1463 1788 1506 1828 in
1532 1789 1576 1828 te

169 1916 214 1947 35

241 1847 334 1888 est?
379 1861 486 1901 quae
530 1846 668 1887 omnis
712 1848 830 1888 notio
869 1846 1136 1900 pontificum,
1180 1861 1273 1887 cum
1313 1846 1576 1900 adoptarere,

242 1919 333 1947 esse
366 1904 523 1945 debuit.
578 1904 676 1945 Nisi
709 1905 819 1946 forte
852 1919 901 1945 ex
933 1907 975 1945 te
1006 1905 1069 1945 ita
1101 1905 1340 1958 quaesitum
1367 1906 1444 1957 est,
1474 1919 1576 1945 num
1596 1915 1611 1939 3

240 1964 492 2019 perturbare
541 1977 631 2004 rem
674 1963 891 2017 publicam
936 1962 1216 2003 seditionibus
1260 1962 1391 2003 velles
1436 1964 1478 2002 et
1521 1962 1576 2003 ob

241 2037 333 2064 eam
377 2035 549 2063 causam
587 2020 802 2076 adoptari,
844 2036 927 2062 non
967 2023 1015 2061 ut
1053 2020 1141 2061 eius
1178 2020 1290 2060 filius
1329 2034 1460 2073 esses,
1503 2020 1577 2062 sed

240 2083 288 2122 ut
324 2080 522 2121 tribunus
555 2079 610 2133 pl.
645 2079 768 2120 fieres
808 2082 850 2120 et
880 2079 1070 2120 funditus
1103 2080 1313 2119 everteres
1346 2078 1576 2120 civitatem.

240 2137 535 2193 Respondisti,
578 2137 720 2190 credo,
764 2140 806 2178 te
850 2139 912 2178 ita
949 2137 1071 2178 velle.
1139 2136 1417 2178 Pontificibus
1462 2136 1576 2178 bona

1597 751 1630 775 10

1597 1041 1630 1066 15

242 2212 369 2239 causa
406 2197 498 2237 visa
536 2198 618 2248 est3
657 2195 1014 2249 adprobaverunt.
1075 2193 1174 2235 Non
1206 2197 1324 2235 aetas
1356 2195 1464 2245 eius,
1502 2195 1574 2248 qui
1594 2204 1628 2230 35

241 2255 493 2310 adoptabat,
525 2256 590 2295 est
622 2253 834 2307 quaesita,
866 2257 913 2294 ut
944 2254 989 2294 in
1019 2251 1095 2294 Cn.
1128 2252 1310 2306 Aufidio,
1341 2247 1398 2293 Μ’.
1429 2252 1576 2306 Pupio,

241 2328 421 2368 quorum
476 2315 655 2366 uterque
701 2314 849 2352 nostra
897 2310 1101 2352 memoria
1148 2325 1314 2351 summa
1360 2313 1576 2352 senectute
