1619 2542
538 171 638 206 CAP.
668 175 802 206 10-12
830 175 848 214 s
874 175 1024 207 27—33.
1364 172 1449 214 245

106 282 184 323 pro
229 267 404 309 illorum
448 267 572 309 laude
610 268 716 309 mihi
755 283 874 309 arma
911 268 1115 323 capienda
1154 271 1315 323 essent,
1362 284 1450 310 non

107 327 247 368 minus
280 329 450 367 strenue
483 341 689 381 caperem,
721 341 849 382 quam
873 327 938 368 illi
962 342 1040 381 pro
1068 328 1283 369 communi
1309 328 1449 369 salute

108 388 322 440 ceperunt.
399 384 591 439 Etenim,
642 385 851 440 Quirites,
907 387 1109 441 exiguum
1157 387 1284 428 nobis
1333 388 1449 428 vitae

108 445 364 486 curriculum
401 446 557 485 natura
596 444 947 499 circumscripsit,
985 446 1240 486 immensum
1274 446 1447 501 gloriae.

71 514 88 539 5
109 503 259 557 Quare,
292 503 328 544 si
354 517 439 555 eos,
471 503 542 556 qui
568 503 655 544 iam
682 503 731 544 de
757 504 847 544 vita
873 503 1156 558 decesserunt,
1189 505 1449 557 ornabimus‚
1467 506 1517 547 11

107 563 332 604 iustiorem
364 561 488 603 nobis
521 562 673 603 mortis
700 562 992 604 condicionem
1017 563 1318 618 relinquemus.
1368 562 1450 605 Sed

108 622 144 662 si
194 621 309 675 illos,
358 620 564 674 Labiene,
615 635 720 674 quos
763 621 850 662 iam
894 621 1036 662 videre
1080 636 1167 663 non
1208 637 1449 677 possumus,

106 680 321 736 neglegis,
363 694 416 720 ne
453 679 519 720 his
562 679 749 734 quidem,
794 694 900 733 quos
936 680 1073 734 vides,
1117 681 1283 722 consuli
1320 684 1448 737 putas

109 739 335 793 oportere?
396 737 623 779 Neminem
664 753 756 780 esse
794 738 886 780 dico
925 754 976 780 ex
1014 739 1081 781 his
1120 740 1337 794 omnibus,
1376 741 1449 795 qui
1475 751 1517 782 31

58 809 89 834 10
107 798 184 838 illo
213 797 278 838 die
304 797 464 838 Romae
489 797 632 851 fuerit,
659 811 784 851 quem
809 799 858 838 tu
886 797 997 839 diem
1023 799 1068 838 in
1086 798 1289 840 iudicium
1308 814 1448 853 vocas,

107 857 324 911 pubesque
356 858 448 897 tum
472 855 613 910 fuerit,
646 857 749 910 quin
774 871 894 897 arma
919 857 1092 911 ceperit,
1123 858 1226 912 quin
1252 858 1448 899 consules

110 918 279 957 secutus
323 915 389 956 sit.
463 914 620 956 Omnes
664 915 712 969 ii,
757 930 938 969 quorum
981 919 1029 957 tu
1073 930 1123 956 ex
1168 919 1309 957 aetate
1354 931 1449 959 con—

107 974 313 1016 iecturam
350 973 489 1015 facere
525 977 667 1028 potes,
707 974 808 1028 quid
845 977 937 1015 tum
968 973 1166 1029 fecerint,
1204 976 1281 1016 abs
1312 978 1356 1016 te
1387 976 1448 1017 rei

109 1033 260 1088 capitis
294 1032 338 1075 C.
369 1032 518 1074 Rabiri
554 1032 726 1074 nomine
765 1033 963 1074 citantur.
1024 1035 1086 1074 At
1118 1034 1273 1075 occidit
1305 1032 1448 1076 Satur-

56 1104 88 1128 15
108 1093 256 1133 ninum
299 1091 514 1133 Rabirius.
586 1090 765 1133 Utinam
815 1091 1006 1133 fecisset!
1057 1093 1145 1133 non'
1189 1093 1446 1147 supplicium

109 1151 373 1206 deprecarer,
423 1150 497 1192 sed
539 1150 777 1204 praemium
820 1151 1098 1205 postularem.
1170 1151 1361 1205 Etenim,
1413 1153 1448 1193 si

109 1208 304 1264 Scaevae,
337 1224 458 1251 servo
491 1208 537 1258 Q.
558 1207 770 1264 Crotonis,
803 1209 875 1263 qui
908 1209 1062 1251 occidit
1086 1209 1133 1251 L.
1154 1209 1449 1263 Saturninum,

107 1268 284 1310 libertas
317 1268 418 1309 data
448 1270 525 1321 est,
558 1268 667 1322 quod
702 1268 835 1322 equiti
861 1268 1057 1310 Romano
1089 1269 1330 1323 praemium
1358 1269 1449 1310 dari

107 1342 186 1382 par
223 1327 402 1368 fuisset?
444 1330 502 1380 et,
548 1327 584 1367 si
623 1325 667 1368 O.
703 1325 882 1380 Marius,
921 1327 1033 1381 quod
1070 1327 1257 1381 fistulas,
1295 1328 1447 1382 quibus

56 1398 89 1422 20
110 1401 220 1441 aqua
258 1385 611 1440 suppeditabatur
646 1384 762 1426 Iovis
801 1385 953 1440 optimi
985 1386 1162 1427 maximi
1194 1387 1366 1440 templis
1400 1401 1448 1428 ac

111 1445 298 1498 sedibus,
335 1444 523 1498 praecidi
554 1444 808 1497 imperarat,
846 1444 957 1497 quod
989 1445 1034 1485 in
1060 1445 1169 1485 clivo
1203 1443 1447 1499 Capitolino

109 1503 403 1557 improborum
436 1503 591 1543 civium
604 1500 682 1526 ²³35*

542 1769 1010 1812 FRAGMENTA.

196 1853 287 1881 *³⁸³³*
320 1857 424 1896 aret.
471 1853 623 1906 ltaque
653 1867 741 1894 non
773 1854 944 1893 senatus
977 1852 1022 1893 in
1054 1866 1102 1893 ca
1134 1867 1262 1894 causa
1294 1867 1447 1909 cogno·
1465 1841 1517 1922 135}

58 1925 91 1949 2¹5
112 1914 265 1955 scenda
308 1928 375 1954 me
421 1915 574 1967 agente
623 1911 870 1966 diligentior
914 1913 988 1951 aut
1027 1910 1325 1953 inclementior
1364 1912 1448 1953 fuit
1499 1913 1516 1922 ”

111 1987 238 2026 quam
274 1986 350 2013 vos
387 1970 592 2023 universi,
632 1984 726 2011 cum
768 1969 883 2010 orbis
921 1971 1061 2010 terrae
1101 1970 1447 2012 distributionem

112 2034 237 2084 atque
262 2031 382 2071 illum
407 2030 548 2085 ipsum
575 2043 726 2083 agrum
753 2026 1018 2081 Campanum
1044 2028 1210 2083 animis,
1236 2029 1446 2083 manibus,

111 2089 288 2130 vocibus
319 2089 617 2141 repudiaviste's.

198 2146 315 2188 Idem
355 2161 453 2201 ego,
491 2146 603 2201 quod
639 2146 695 2199 is,
735 2146 806 2199 qui
845 2147 993 2186 auctor
1032 2145 1158 2186 huius
1196 2145 1341 2186 iudicii
1377 2149 1444 2198 est,
1473 2155 1533 2188 33‘

57 2217 92 2241 30
112 2206 267 2258 clamo,
314 2205 530 2259 praedico,
574 2204 793 2245 denuntio:
836 2201 992 2245 Nullus
1030 2207 1098 2245 est
1134 2203 1322 2257 reliquus
1360 2218 1446 2256 rex,

110 2264 229 2305 nulla
262 2277 384 2318 gens,
420 2264 540 2304 nulla
571 2263 709 2316 natio,
747 2275 875 2315 quam
906 2262 1239 2316 pertimescatis,
1280 2261 1446 2302 nullum

111 2322 406 2374 adventicium,
435 2322 602 2363 nullum
634 2324 881 2362 extraneum
913 2321 1074 2362 malum
1109 2324 1184 2373 est,
1217 2320 1325 2373 quod
1347 2320 1446 2361 insi-

108 2395 240 2422 nuare
283 2381 329 2421 in
370 2380 477 2421 hanc
512 2393 596 2421 rem
625 2379 835 2432 publicam
869 2380 1011 2432 possit.
1080 2378 1124 2420 Si
1162 2378 1446 2419 immortalem
