1619 2542
90 1114 155 1145 128

153 100 235 141 148
511 99 605 135 PRO
631 100 674 136 A.
702 98 941 134 CLUENTIO
970 97 1159 134 ORATIO.

150 196 360 238 aerarium
398 196 625 250 reliquisse
664 208 705 237 se
747 194 1103 248 subscripserunt.
1153 193 1260 236 Cum
1303 195 1415 236 enim
1451 193 1497 236 in

148 255 321 297 homine
361 255 482 296 nulla
521 255 645 309 culpa
682 253 963 306 inveniretur,
1008 253 1110 307 quid
1147 253 1220 294 ille
1259 253 1495 306 meruisset,

151 329 239 355 non
290 313 392 368 quid
444 314 493 354 de
538 328 586 354 eo
633 315 845 353 statutum
890 314 1021 366 esset,
1072 312 1360 366 quaerendum
1404 326 1496 353 esse

83 384 147 414 127
164 373 387 413 duxerunt.
430 371 545 413 Nam
571 372 676 412 11300
703 371 885 425 quidem,
912 385 1020 424 quae
1047 370 1096 411 de
1116 370 1272 412 iudicio
1293 373 1495 425 corrupto

153 431 519 484 subscripserunt,
553 430 648 484 quis
682 432 766 483 est,
799 429 872 483 qui
905 431 958 470 ab
990 429 1076 470 illis
1110 429 1216 470 satis
1249 429 1422 484 cognita
1455 431 1496 470 et

153 490 383 544 diligenter
414 489 604 530 iudicata
637 488 899 529 arbitretur?
949 486 1001 528 In
1031 487 1099 528 Μ’.
1131 487 1354 541 Aquilium
1386 490 1428 529 et
1452 487 1497 528 in

152 549 215 590 Ti.
254 548 433 589 Guttam
470 547 592 588 video
632 561 723 588 esse
763 547 1065 601 subscriptum.
1134 545 1244 595 Quid
1283 549 1348 588 est
1384 546 1496 587 110οἷ>

154 608 258 648 duos
286 621 376 648 esse
404 609 629 660 corruptos
657 606 772 646 solos
799 606 979 660 pecunia
1003 605 1210 658 iudicant,
1237 605 1365 646 ceteri
1381 604 1497 646 vide-

153 666 254 707 licet
300 665 435 720 gratis
481 664 829 706 condemnarunt.
897 663 997 706 Non
1040 666 1105 705 est
1146 664 1282 719 igitur
1322 663 1498 705 circum-

153 727 319 777 ventus,
344 738 431 765 non
452 738 681 778 oppressus
701 722 892 778 pecunia,
911 737 1008 775 non,
1029 726 1077 764 ut
1096 723 1198 763 illae
1219 721 1498 771 Quinctianae

154 783 376 825 contiones
402 782 684 835 habebantur,
712 796 871 834 omnes,
898 782 969 835 qui
996 780 1280 836 Oppianicum
1307 781 1500 822 condem-

153 844 331 895 narunt,
367 841 413 882 111
452 841 578 895 culpa
617 843 716 881 sunt
754 855 801 881 ac
841 840 1080 893 suspicione
1122 840 1318 894 ponendi.
1379 839 1498 881 Duos

156 901 270 941 solos
297 900 420 941 video
455 900 711 941 auctoritate
747 913 971 940 censorum
999 899 1149 940 adfinis
1177 899 1215 940 ei
1241 898 1500 953 turpitudini

156 959 353 1012 iudicari,
387 961 460 999 aut
492 958 599 999 illud
633 958 841 1011 adferant,
874 957 1035 1011 aliquid
1067 971 1170 1011 sese,
1204 957 1316 1012 quod
1348 956 1399 998 de
1430 957 1498 998 his

159 1018 323 1059 duobus
345 1016 575 1058 habuerint
594 1019 872 1071 compertum,
892 1016 942 1056 de
964 1017 1116 1057 ceteris
1130 1030 1212 1057 non
1228 1015 1499 1070 comperisse.

86 1063 142 1103 45
170 1076 284 1117 Nam
315 1076 423 1116 illud
457 1075 626 1129 quidem
664 1075 838 1115 minime
870 1075 1142 1129 probandum
1174 1077 1256 1127 est,
1297 1074 1350 1115 ad
1380 1076 1500 1115 nota-

166 1135 309 1176 tiones
356 1134 741 1186 auctoritatemque
786 1133 1024 1175 censoriam
1070 1133 1312 1188 exemplum
1346 1133 1444 1174 illos
1482 1146 1502 1174 e

159 1193 464 1235 consuetudine
509 1192 688 1232 militari
731 1191 1017 1232 transtulisse.
1092 1189 1344 1233 Statuerunt
1387 1191 1500 1232 enim

158 1253 222 1293 ita
253 1251 436 1292 maiores
469 1251 620 1303 nostri,
650 1252 710 1303 ut,
743 1250 779 1291 si
811 1265 836 1291 3
867 1250 1014 1291 multis
1047 1252 1160 1291 esset
1191 1249 1406 1304 flagitium
1437 1250 1500 1290 rei

160 1309 360 1351 militaris
402 1309 653 1360 admissum,
692 1308 845 1350 sortito
876 1307 921 1349 111
954 1308 1161 1362 quosdam
1193 1308 1501 1349 animadverte-

160 1373 295 1421 retur,
335 1371 383 1409 ut
415 1370 552 1409 metus
585 1367 782 1408 videlicet
821 1367 874 1407 ad
905 1367 1055 1419 omnis,
1086 1381 1225 1421 poena
1257 1366 1311 1408 ad
1341 1381 1500 1421 paucos

160 1427 414 1483 perveniret.
483 1425 605 1474 Quod
653 1426 765 1466 idem
814 1425 954 1467 facere
1002 1439 1198 1467 censores
1246 1425 1291 1466 in
1335 1425 1502 1467 delectu

162 1486 387 1540 dignitatis
427 1488 470 1526 et
505 1485 551 1525 in
588 1484 742 1526 iudicio
782 1484 938 1526 civium
977 1487 1019 1524 et
1059 1484 1104 1525 in
1135 1483 1502 1526 animadversione

160 1545 365 1586 vitiorum
405 1544 477 1597 qui
514 1543 741 1584 convenit?
798 1542 912 1584 Nam
950 1542 1091 1596 miles,
1130 1543 1203 1597 qui
1239 1543 1379 1584 locum
1416 1557 1503 1584 non

161 1603 313 1656 tenuit,
346 1602 418 1656 qui
443 1602 633 1644 hostium
660 1602 870 1655 impetum
895 1601 1066 1656 vimque
1092 1601 1327 1655 pertimuit,
1357 1603 1503 1656 potest

162 1662 275 1702 idem
319 1663 471 1715 postea
515 1664 557 1701 et
601 1661 724 1702 miles
769 1674 861 1701 esse
905 1660 1058 1701 melior
1102 1663 1144 1701 et
1181 1661 1247 1701 vir
1284 1660 1421 1701 bonus
1460 1662 1503 1700 et

164 1720 268 1761 civis
313 1719 447 1760 utilis.
521 1718 680 1772 Quare,
730 1718 803 1773 qui
845 1719 889 1759 in
932 1718 1047 1759 bello
1091 1721 1269 1773 propter
1310 1718 1501 1760 hostium

165 1780 326 1819 metum
355 1777 604 1831 deliquerat,
631 1778 814 1832 amplior
840 1777 878 1818 ei
903 1777 1054 1818 mortis
1076 1779 1119 1818 et
1139 1775 1338 1831 supplicii
1362 1778 1501 1817 metus

166 1839 231 1878 est
270 1851 295 1877 a
325 1836 558 1876 maioribus
591 1836 867 1889 constitutus3
905 1850 958 1876 ne
991 1838 1134 1877 autem
1165 1835 1346 1875 nimium
1378 1835 1503 1876 multi

164 1909 346 1949 poenam
385 1894 538 1948 capitis
579 1895 789 1948 subirent,
826 1894 982 1935 idcirco
1019 1894 1098 1934 illa
1135 1893 1302 1934 sortitio
1335 1907 1502 1947 compa-

98 1964 162 1995 129
178 1956 274 1995 rata
300 1954 378 1993 est.
422 1951 515 1993 Hoc
541 1955 588 1993 tu
607 1953 720 1993 idem
738 1953 869 1994 facies
890 1966 1038 1994 censor
1057 1951 1102 1992 ‘m
1122 1954 1272 1992 senatu
1291 1951 1502 2007 legendo?

167 2011 212 2053 Si
254 2013 378 2052 erunt
415 2011 576 2064 plures,
622 2012 693 2065 qui
733 2011 786 2052 ob
828 2012 1098 2052 innocentem
1136 2010 1503 2052 condemnandum

167 2069 391 2125 pecuniam
430 2070 687 2123 acceperint,
725 2073 773 2111 tu
809 2083 897 2110 non
927 2069 1237 2110 animadvertes
1269 2069 1314 2110 in
1345 2083 1503 2122 omnes,

168 2128 242 2170 sed
281 2141 448 2182 carpes,
487 2129 535 2168 111
571 2127 695 2180 velis,
739 2130 781 2168 et
818 2141 975 2181 paucos
1016 2141 1066 2167 ex
1106 2127 1253 2168 multis
1293 2127 1347 2168 ad
1382 2127 1501 2182 igno-

168 2186 347 2228 miniam
380 2185 587 2226 sortiere?
637 2185 827 2227 Habebit
855 2185 989 2240 igitur
1013 2188 1057 2226 te
1084 2186 1242 2226 sciente
1268 2188 1310 2226 et
1334 2185 1503 2227 vidente

169 2246 288 2286 curia
326 2246 583 2295 senatorem,
621 2244 805 2298 populus
837 2243 1056 2285 Romanus
1092 2243 1292 2297 iudicem,
1329 2258 1397 2285 res
1429 2258 1502 2297 pu-

168 2303 282 2347 blica
314 2303 448 2345 civem
481 2302 572 2344 sine
603 2302 839 2356 ignominia
871 2316 1144 2356 quemquam,
1180 2302 1252 2357 qui
1283 2302 1336 2344 ad
1366 2301 1505 2357 perni-

1510 722 1552 759 '10

1520 1026 1551 1052 15

1520 1319 1554 1344 20

1522 1612 1555 1638 25

1522 1904 1556 1930 30

1523 2194 1556 2222 35
