1687 2533
255 88 342 129 476
452 88 516 123 DE
542 88 680 124 DOMO
707 89 798 124 SUA
824 89 888 124 AD
915 88 1192 124 PONTIFICES
1219 88 1408 124 ORATIO.

257 185 545 240 gladiatorum
588 199 813 226 numerum
853 186 927 225 aut
964 184 1144 238 denique
1182 184 1376 239 suffragii
1414 185 1597 227 latorem

256 244 302 284 in
344 244 429 285 ista
471 247 547 285 tua
589 243 904 298 proscriptione
949 257 1204 297 quemquam
1247 243 1330 284 nisi
1373 243 1510 285 furem
1549 259 1597 286 ac

185 288 241 370 ἐξ)
257 302 458 343 sicarium
489 302 675 357 reperire
706 301 898 356 potuisti.
959 301 1122 356 Itaque,
1154 316 1250 343 cum
1282 304 1330 343 tu
1359 302 1515 344 florens
1549 318 1596 344 ac

256 362 409 415 potens
442 375 517 415 per
549 360 736 401 medium
765 361 905 412 forum
936 365 1123 401 scortum
1149 361 1353 415 populare
1379 361 1596 414 volitares,

257 419 384 461 amici
415 420 481 460 illi
513 419 576 460 tui
608 422 649 459 te
681 433 766 460 uno
800 419 936 460 amico
968 419 1072 460 tecti
1104 422 1146 460 et
1177 419 1315 472 beati,
1348 420 1420 473 qui
1453 434 1497 461 se
1527 435 1599 474 po·
1619 433 1635 458 5

256 478 357 531 pulo
396 478 715 531 commiserant,
752 477 815 518 ita
852 478 1188 531 repellebantur,
1228 481 1276 519 ut
1314 478 1444 519 etiam
1476 478 1599 520 Pala-

256 537 391 577 tinam
423 539 543 577 tuam
575 536 819 591 perderent3
855 537 926 590 qui
958 536 1003 577 in
1028 536 1232 577 iudicium
1258 539 1476 590 venerant,
1510 537 1600 579 sive

257 598 526 636 accusatores
558 597 680 635 erant
707 595 795 635 sive
821 595 894 647 rei,
921 598 962 636 te
990 595 1245 649 deprecante
1273 596 1598 637 damnabantur.

256 653 450 708 Denique
483 653 613 694 etiam
644 653 716 694 ille
748 653 942 695 novicius
974 653 1123 708 Ligus,
1165 655 1327 695 venalis
1360 654 1600 708 adscriptor

257 714 299 753 et
333 712 600 766 subscriptor
631 715 749 764 tuus,
782 727 878 753 cum
910 712 966 753 M.
998 712 1164 766 Papiri,
1195 713 1261 753 sui
1292 713 1454 766 fratris,
1487 715 1599 754 esset
1620 726 1653 751 ιο

256 773 516 812 testamento
545 774 587 812 et
612 770 768 812 iudicio
794 771 1060 826 inprobatus,
1093 774 1278 812 mortem
1306 772 1395 812 eius
1422 786 1466 813 se
1492 771 1600 813 velle

256 830 456 884 persequi
489 830 612 883 dixit3
655 844 812 870 nomen
845 828 938 871 Sex.
969 829 1170 884 Properti
1202 830 1372 883 detulit,
1403 844 1600 872 accusare

258 889 423 929 alienae
456 888 762 929 dominationis
796 888 1052 942 scelerisque
1080 889 1218 930 socius
1245 892 1421 944 propter
1445 889 1601 930 calum-

187 959 231 989 50
257 947 353 988 niae
392 950 554 988 metum
586 962 674 988 non
705 950 771 988 est
803 962 942 988 ausus.
1004 946 1068 988 De
1100 947 1180 988 hac
1211 948 1345 1003 igitur
1377 948 1470 1003 lege
1502 947 1600 989 dici-

259 1020 371 1059 mus,
403 1006 526 1060 quasi
558 1006 647 1046 iure
679 1008 835 1060 rogata
867 1005 1079 1058 videatur,
1111 1006 1229 1047 cuius
1263 1021 1391 1060 quam
1423 1006 1601 1061 quisque
1622 1018 1654 1044 15

256 1067 425 1118 partem
454 1064 602 1118 tetigit
627 1063 776 1118 digito,
808 1077 921 1117 voce,
952 1064 1122 1117 praeda,
1155 1065 1371 1119 suffragio,
1403 1079 1602 1119 quocum-

258 1137 339 1177 que
372 1124 506 1176 venit,
538 1122 787 1176 repudiatus
820 1122 1124 1176 convictusque
1157 1122 1388 1164 discessit?

346 1181 473 1234 Quid,
512 1182 548 1223 si
579 1181 632 1221 iis
664 1181 806 1221 verbis
839 1181 1000 1235 scripta
1031 1184 1096 1222 est
1127 1181 1213 1223 ista
1244 1182 1522 1236 proscriptio,
1554 1184 1603 1223 ut
1663 1181 1670 1188 ’

258 1254 302 1281 se
333 1239 428 1293 ipsa
461 1239 698 1280 dissolvat?
732 1243 796 1280 est
829 1240 959 1280 enim:
992 1238 1139 1288 eQUOD
1171 1239 1226 1280 M.
1260 1240 1464 1282 TULLIUS
1496 1251 1600 1281 FAL-

257 1310 346 1340 SUM
397 1309 604 1340 SENATUS
656 1309 932 1340 CONSULTUM
980 1298 1304 1340 RETTULERIT.'
1372 1297 1417 1339 Si
1468 1299 1601 1353 igitur
1621 1312 1655 1337 20

256 1357 424 1398 rettulit
461 1357 617 1398 falsum
659 1359 832 1397 senatus
878 1357 1140 1410 consultum,
1185 1361 1276 1398 tum
1317 1359 1383 1398 est
1419 1357 1602 1412 rogatio,

258 1417 293 1456 si
317 1430 404 1457 non
428 1415 610 1469 rettulit,
634 1416 755 1456 nulla
781 1418 857 1456 est.
903 1414 1074 1456 Satisne
1100 1415 1180 1456 tibi
1205 1416 1373 1457 videtur
1399 1431 1424 1457 a
1450 1418 1602 1457 senatu

256 1474 491 1515 iudicatum
523 1488 590 1515 me
621 1488 708 1515 non
740 1474 866 1515 modo
897 1489 984 1515 non
1016 1475 1268 1515 ementitum
1301 1489 1393 1515 esse
1419 1475 1601 1516 auctori-

257 1535 394 1574 tatem
427 1533 516 1573 eius
550 1532 728 1585 ordinis,
768 1533 841 1574 sed
867 1529 998 1574 etiam
1030 1547 1161 1574 unum
1193 1536 1292 1586 post
1324 1533 1473 1574 urbem
1504 1547 1601 1574 con-

259 1591 393 1632 ditam
438 1591 766 1645 diligentissime
810 1592 979 1632 senatui
1018 1592 1241 1645 paruisse?
1311 1591 1423 1640 Quot
1461 1592 1597 1633 modis
1617 1604 1652 1630 25

259 1650 388 1690 doceo
433 1650 575 1705 legem
617 1650 765 1702 istam,
807 1664 935 1704 quam
979 1665 1124 1703 vocas,
1168 1664 1255 1691 non
1298 1665 1389 1691 esse
1432 1651 1600 1705 legem?

259 1707 398 1756 Quid?
431 1709 466 1749 si
499 1708 629 1749 etiam
654 1708 851 1762 pluribus
879 1709 928 1749 de
954 1709 1081 1750 rebus
1107 1723 1191 1750 uno
1219 1709 1420 1750 sortitore
1446 1709 1601 1762 tulisti,

258 1770 459 1807 tamenne
507 1767 731 1808 arbitraris
775 1767 836 1820 id,
880 1767 993 1822 quod
1037 1767 1092 1809 M.
1136 1767 1298 1808 Drusus
1343 1767 1389 1808 in
1432 1767 1600 1822 legibus

259 1825 345 1865 suis
390 1825 621 1879 plerisque,
672 1825 876 1866 innocens
927 1826 1000 1867 ille
1044 1826 1128 1879 vir,
1172 1825 1228 1867 M.
1267 1824 1425 1867 Scauro
1471 1828 1515 1866 et
1554 1824 1601 1867 L.

260 1882 417 1924 Crasso
450 1884 706 1924 consiliariis
738 1899 824 1925 non
856 1884 1106 1939 optinuerit,
1137 1883 1181 1924 id
1211 1887 1254 1924 te
1286 1898 1429 1938 posse,
1459 1883 1598 1926 homi·
1619 1896 1655 1923 30

258 1956 357 1982 nem
385 1942 557 1996 plenum
587 1941 827 1983 facinorum
861 1946 904 1984 et
936 1946 1187 1996 stuprorum
1220 1943 1431 1997 omnium,
1468 1943 1603 1984 Decu-

188 2011 230 2041 51
259 2000 340 2041 niis
379 2003 421 2041 et
459 1998 621 2040 Clodiis
660 2002 908 2042 auctoribus
949 2001 1172 2055 optinere?
1241 2000 1398 2042 Tulisti
1435 2000 1485 2042 de
1522 2015 1603 2055 me,

261 2073 314 2099 ne
340 2059 564 2113 reciperer,
593 2073 681 2099 non
705 2063 754 2099 ut
780 2061 952 2114 exirem,
978 2074 1103 2114 quem
1129 2063 1177 2099 tu
1202 2059 1294 2113 ipse
1319 2073 1405 2100 non
1431 2062 1602 2113 poteras

189 2117 245 2158 ‘20
262 2117 400 2158 dicere
441 2131 529 2158 non
571 2117 699 2158 licere
739 2131 832 2159 esse
870 2118 1043 2159 Romae.
1111 2116 1221 2166 Quid
1263 2118 1375 2158 enim
1413 2117 1602 2159 diceres?

262 2175 543 2217 damnatum?
595 2174 719 2216 Certe
745 2190 842 2216 non.
893 2176 1162 2231 Expulsum‘?
1213 2175 1295 2224 Qui
1320 2176 1470 2218 licuit?
1521 2175 1603 2217 Sed
1621 2186 1656 2213 35

263 2237 409 2275 tamen
446 2248 498 2274 ne
530 2233 573 2274 id
606 2234 776 2288 quidem
809 2237 874 2275 est
907 2237 1134 2288 scriptum,
1172 2237 1219 2275 ut
1251 2234 1427 2288 exirem3
1466 2248 1604 2289 poena

264 2295 346 2346 est,
391 2292 463 2347 qui
501 2292 727 2346 receperit,
765 2307 892 2347 quam
935 2307 1080 2334 omnes
1118 2293 1414 2347 neglexerunt3
1453 2293 1602 2334 eiectio
