1687 2533
225 132 311 175 532
444 132 506 166 DE
533 129 843 165 HARUSPICUM
869 127 1115 163 RESPONSO
1144 126 1334 162 ORATIO.

226 229 427 284 perficere
467 226 654 269 dicendo.
717 224 824 266 Cum
860 224 927 265 his
967 223 1201 265 conflictari
1241 225 1283 264 et
1313 237 1391 278 pro
1425 223 1563 265 salute

227 287 392 341 patriae
437 285 591 328 cotidie
634 284 834 325 dimicare
873 286 964 324 erat
1002 283 1175 323 omnino
1213 282 1318 335 illis,
1362 282 1434 336 qui
1471 284 1563 323 tum

227 361 314 387 rem
341 345 557 400 publicam
586 343 896 399 gubernabant,
928 341 1176 394 molestum3
1203 340 1275 381 sed
1301 340 1490 382 habebat
1516 355 1565 382 ea

156 391 214 434 20
230 404 429 446 molestia
473 403 685 457 quandam
722 404 868 442 tamen
906 400 1170 454 dignitatem.
1232 398 1314 440 Hic
1351 414 1471 452 vero,
1515 398 1564 440 de

156 444 201 474 42
230 478 312 518 quo
352 477 430 517 ego
468 463 560 516 ipse
598 463 688 502 tam
721 460 857 501 multa
893 473 1004 500 nunc
1043 458 1153 511 dico,
1196 472 1272 512 pro
1312 457 1354 498 di
1397 458 1603 499 immor-5

227 523 356 563 tales!
384 521 483 575 quid
511 518 712 574 est,'quid
739 519 866 571 valet,
893 517 992 571 quid
1019 517 1169 570 adfert,
1195 519 1243 557 ut
1262 519 1382 557 tanta
1402 517 1566 570 civitas,

229 581 265 621 si
303 580 439 632 cadet,
479 578 591 632 quod
629 578 671 619 di
709 591 834 619 omen
873 577 1074 618 obruant!
1113 590 1137 616 a
1168 575 1260 616 viro
1292 577 1436 616 tamen
1469 589 1566 616 con-

227 639 340 680 fecta
374 638 596 678 videatur?
630 636 703 691 qui
734 638 833 690 post
865 635 1000 689 patris
1027 638 1208 676 mortem
1236 634 1421 688 primam
1445 633 1567 674 illam

230 697 463 739 aetatulam
510 710 630 737 suam
675 694 728 736 ad
772 708 1014 736 scurrarum
1051 693 1329 747 locupletium
1367 692 1566 733 libidines

230 756 401 809 detulit,
446 769 627 809 quorum
664 753 997 807 intemperantia
1035 752 1204 806 expleta
1240 751 1285 792 in
1323 750 1566 792 domesticis
1588 762 1621 787 10

230 817 295 856 est
334 814 632 869 germanitatis
672 813 831 867 stupris
870 812 1108 864 volutatus3
1147 810 1294 851 deinde
1326 810 1411 850 iam
1443 810 1567 851 robu-

230 876 322 914 stus
354 872 598 927 provinciae
631 886 675 912 se
707 885 755 912 ac
786 870 846 911 rei
873 869 1051 911 militari
1077 868 1193 910 dedit
1220 871 1347 922 atque
1372 868 1433 909 ibi
1458 868 1568 922 pira-

229 935 371 973 tarum
411 930 690 972 contumelias
729 942 954 983 perpessus
994 928 1125 969 etiam
1158 926 1339 969 Cilicum
1370 927 1566 968 libidines

230 991 595 1044 barbarorumque
629 988 820 1041 satiavit3
852 990 951 1041 post
978 987 1164 1028 exercitu
1190 985 1235 1027 L.
1255 985 1424 1027 Luculli
1450 985 1568 1027 solli-

231 1050 362 1091 citato
413 1063 489 1103 per
538 1047 767 1088 nefandum
818 1046 954 1087 scelus
1004 1045 1118 1099 fugit
1167 1045 1278 1085 illim
1322 1044 1568 1098 Romaeque
1591 1055 1623 1081 15

230 1108 389 1149 recenti
428 1107 613 1148 adventu
650 1120 726 1146 suo
766 1119 860 1146 cum
902 1103 1155 1158 propinquis
1189 1103 1275 1144 suis
1309 1103 1481 1156 decidit,
1518 1116 1570 1143 ne

229 1181 325 1207 reos
351 1166 523 1217 faceret,
550 1179 574 1205 a
595 1163 780 1205 Catilina
806 1162 1028 1216 pecuniam
1055 1161 1229 1215 accepit,
1254 1163 1302 1201 ut
1321 1161 1570 1215 turpissime

230 1224 608 1279 praevaricaretur.
651 1221 754 1262 Inde
787 1236 882 1263 cum
909 1220 1086 1261 Murena
1118 1234 1161 1261 se
1193 1220 1237 1260 in
1262 1218 1450 1260 Galliam
1476 1233 1571 1260 con-

230 1283 352 1335 tulit,
396 1282 441 1322 in
486 1296 567 1335 qua
612 1280 831 1334 provincia
870 1282 1135 1320 mortuorum
1174 1280 1433 1319 testamenta
1471 1292 1571 1318 con-

233 1341 417 1395 scripsit,
442 1340 630 1394 pupillos
656 1338 840 1392 necavit,
861 1337 1048 1379 nefarias
1074 1351 1168 1378 cum
1196 1336 1341 1378 multis
1364 1336 1571 1378 scelerum
1591 1349 1624 1374 20

232 1400 449 1454 pactiones
508 1398 816 1451 societatesque
874 1396 1086 1438 conflavit.
1167 1395 1288 1437 Unde
1339 1397 1386 1436 ut
1435 1394 1573 1448 rediit,

234 1460 457 1514 quaestum
489 1457 611 1497 illum
644 1456 828 1497 maxime
858 1455 1087 1496 fecundum
1119 1455 1376 1508 uberemque
1402 1467 1570 1508 campe-

234 1521 364 1558 strem
410 1518 547 1557 totum
595 1515 647 1556 ad
692 1529 735 1555 se
773 1514 835 1555 ita
873 1514 1056 1569 redegit,
1099 1515 1148 1554 ut
1185 1513 1313 1554 homo
1352 1512 1571 1566 popularis

232 1576 452 1616 fraudaret
483 1573 802 1628 improbissime
834 1573 1037 1627 populum
1070 1571 1266 1625 idemque
1293 1571 1358 1612 vir
1385 1571 1570 1612 clemens

235 1634 439 1675 divisores
467 1633 657 1674 omnium
683 1632 874 1672 tribuum
900 1631 1014 1672 domi
1040 1631 1131 1683 ipse
1158 1644 1257 1671 suae
1278 1628 1572 1671 crudelissima
1593 1640 1626 1666 25

163 1706 208 1737 43
236 1695 371 1733 morte
404 1694 621 1732 mactaret.
683 1690 847 1731 Exorta
879 1693 944 1730 est
975 1689 1053 1729 illa
1084 1689 1145 1729 rei
1176 1688 1391 1743 publicae,
1431 1687 1574 1741 sacris,

235 1751 527 1806 religionibus,
549 1748 798 1790 auctoritati
818 1751 995 1801 vestrae,
1015 1747 1181 1788 iudiciis
1202 1746 1383 1801 publicis
1403 1745 1575 1786 funesta

237 1811 478 1863 quaestura,
504 1809 548 1848 in
574 1822 657 1862 qua
681 1807 792 1848 idem
819 1808 901 1848 iste
922 1806 1021 1847 deos
1043 1806 1332 1859 hominesque,
1357 1804 1574 1859 pudorem,

236 1867 497 1922 pudicitiam,
525 1869 696 1907 senatus
718 1867 1029 1918 auctoritatem,
1056 1864 1134 1918 ius,
1159 1863 1237 1917 fas,
1263 1864 1393 1918 leges,
1419 1862 1573 1903 iudicia

236 1925 426 1968 violavit.
488 1925 630 1978 Atque
668 1924 736 1966 hic
774 1924 810 1964 ei
849 1923 1005 1979 gradus
1041 1946 1090 1953 —-
1126 1937 1150 1964 o
1188 1922 1344 1963 misera
1380 1925 1576 1975 tempora
1595 1932 1629 1958 30

239 1985 478 2038 stultasque
521 1985 692 2024 nostras
737 1982 987 2023 discordias!
1038 1981 1084 2022 P.
1127 1980 1275 2022 Clodio
1321 1980 1478 2034 gradus
1523 1979 1575 2021 ad

237 2058 328 2084 rem
377 2042 592 2097 publicam
639 2041 708 2081 hic
751 2041 912 2094 primus
956 2041 1041 2092 facit
1082 2043 1124 2081 et
1168 2039 1307 2081 aditus
1353 2038 1404 2079 ad
1447 2052 1576 2092 popu-

238 2102 372 2142 larem
404 2101 680 2141 iactationem
713 2102 840 2153 atque
873 2099 1112 2140 adscensus.
1158 2097 1270 2138 Nam
1297 2096 1359 2138 Ti.
1381 2095 1574 2138 Graccho

238 2159 399 2200 invidia
429 2157 685 2200 Numantini
715 2157 916 2210 foederis,
954 2158 1021 2198 cui
1051 2156 1259 2209 feriendo,
1300 2157 1500 2209 quaestor
1531 2153 1575 2196 C.

239 2218 426 2258 Mancini
459 2216 645 2258 consulis
678 2230 773 2257 cum
806 2219 934 2269 esset,
966 2214 1229 2267 interfuerat,
1261 2216 1303 2255 et
1334 2214 1379 2254 in
1411 2227 1459 2254 eo
1490 2212 1575 2254 foe·
1595 2223 1628 2249 35

241 2277 336 2317 dere
380 2274 662 2329 improbando
708 2276 878 2315 senatus
927 2274 1133 2315 severitas
1178 2272 1315 2314 dolori
1353 2274 1394 2312 et
1431 2270 1576 2312 timori

240 2334 334 2389 fuit,
368 2347 498 2388 eaque
531 2347 598 2374 res
624 2333 746 2374 illum
777 2332 932 2373 fortem
965 2335 1007 2374 et
1038 2332 1200 2373 clarum
1227 2331 1364 2372 virum
1392 2344 1416 2370 a
1441 2330 1578 2385 gravi-
