1619 2542
501 78 599 115 CAP.
629 83 764 114 17—19
791 83 809 121 ἓ
835 83 986 115 49-55.
1362 82 1418 123 55

74 190 238 229 eorum,
278 176 350 231 qui
388 176 666 230 scripserunt,
707 178 749 217 et
785 175 997 217 rationem
1036 177 1079 216 et
1112 177 1415 219 auctoritatem

74 234 394 289 relinquamus?
453 234 600 276 Sermo
632 235 802 276 hercule
841 233 1067 275 familiaris
1102 238 1144 275 et
1177 236 1417 278 cotidianus

73 308 161 336 non
191 293 448 347 cohaerebit,
482 293 518 334 si
543 293 675 334 verba
700 294 812 335 inter
837 308 916 334 nos
944 294 1269 348 auoupabimur3
1306 295 1418 336 deni-

76 367 156 407 que
181 352 408 408 imperium
436 352 715 393 domesticum
745 352 912 393 nullum
939 352 1031 405 erit,
1064 352 1100 393 si
1127 354 1309 395 servulis
1336 354 1419 396 1100

40 411 236 454 5nostris
274 411 625 464 concesserimus,
666 413 713 452 ut
752 411 804 452 ad
842 410 973 452 verba
1009 410 1134 452 nobis
1176 412 1421 467 oboediant,

76 485 161 512 non
199 470 251 511 ad
289 470 350 522 id,
395 469 507 524 quod
546 484 596 510 ex
627 470 768 511 verbis
809 469 1004 524 intellegi
1047 470 1208 525 possit,
1254 474 1419 527 optem-

76 531 237 582 perent.
298 528 520 583 Exemplis
551 543 662 569 nunc
694 528 757 570 uti
784 528 982 570 videlicet
1014 528 1121 570 mihi
1147 543 1320 571 necesse
1354 533 1420 572 est

75 587 227 628 harum
247 601 389 628 rerum
411 587 619 641 omnium,
644 601 731 628 non
758 587 941 629 occurrit
961 587 1035 628 uni
1055 588 1205 642 cuique
1226 592 1421 631 vestrum

77 646 193 687 aliud
225 646 300 687 alii
330 646 373 687 in
406 646 522 687 omni
554 660 707 700 genere
734 646 988 700 exemplum,
1022 646 1135 700 quod
1167 648 1420 690 testimonio

24 718 58 743 10
78 705 135 746 sit
165 719 252 746 non
285 719 335 746 ex
366 705 509 746 verbis
543 708 689 759 aptum
728 705 911 760 pendere
943 705 1028 757 ius,
1068 705 1142 746 sed
1175 707 1305 748 verba
1336 721 1421 749 ser-

77 764 166 805 vire
203 763 426 805 hominum
465 764 654 805 consiliis
695 766 736 805 et
775 763 1117 805 auctoritatibus.
1187 764 1348 807 Ornate
1381 768 1423 807 et

77 822 248 877 copiose
274 822 318 864 L.
340 821 533 876 Crassus,
559 822 688 864 homo
716 823 843 877 longe
871 822 1259 878 eloquentissimus,
1291 825 1422 879 paulo

78 884 309 936 antequam
339 896 417 923 nos
449 881 494 922 in
525 881 666 922 forum
698 881 905 934 venimus,
937 881 1093 923 iudicio
1122 883 1424 925 centumvirali

76 940 188 981 hanc
225 941 482 981 sententiam
522 940 709 981 defendit
742 943 784 981 et
822 940 964 993 facile,
1003 954 1099 982 cum
1137 943 1288 982 contra
1328 957 1424 983 eum

25 1010 59 1037 15
78 998 434 1054 prudentissimus
478 999 626 1053 homo,
677 999 722 1048 Q.
766 998 949 1052 Mucius,
994 999 1170 1053 diceret,
1222 1001 1425 1055 probavit

79 1057 295 1112 omnibus,
333 1058 401 1100 Μ’.
435 1056 626 1111 Curium,
665 1058 738 1112 qui
769 1058 892 1099 heres
929 1057 1156 1100 institutus
1190 1062 1304 1100 esset
1341 1059 1424 1101 ita:

79 1116 284 1159 ‘MORTUO
317 1128 527 1159 POSTUMO
560 1116 720 1170 F1Lio',
759 1131 854 1158 cum
892 1116 1006 1158 filius
1044 1131 1131 1158 non
1173 1118 1300 1159 modo
1339 1132 1427 1160 non

79 1178 292 1229 mortuus,
338 1176 408 1217 sed
447 1190 500 1217 ne
538 1178 664 1217 natus
705 1175 874 1229 quidem
917 1177 1046 1229 esset,
1091 1175 1292 1217 heredem
1333 1191 1426 1219 esse

81 1237 291 1288 oportere.
353 1234 491 1283 Quid?
524 1235 666 1275 verbis
698 1234 780 1276 hoc
819 1234 924 1276 satis
958 1238 1052 1275 erat
1092 1236 1294 1277 cautum?
1343 1235 1426 1277 Mi-

26 1305 61 1330 20
79 1293 203 1334 nime.
266 1293 381 1342 Quae
414 1308 481 1335 res
514 1293 647 1347 igitur
679 1293 848 1334 valuit?
893 1293 1120 1347 Voluntas,
1154 1308 1261 1348 quae
1294 1294 1331 1335 si
1362 1298 1426 1336 ta-

80 1351 176 1393 citis
207 1351 332 1393 nobis
364 1352 560 1407 intellegi
590 1354 754 1406 posset,
788 1351 930 1392 verbis
964 1352 1137 1393 omnino
1169 1367 1257 1393 non
1289 1355 1427 1394 utere-

80 1425 191 1464 mur3
231 1410 330 1464 quia
359 1425 446 1452 non
477 1414 636 1465 potest,
675 1411 806 1451 verba
836 1414 1007 1464 reperta
1039 1413 1156 1461 sunt,
1190 1425 1277 1452 non
1309 1426 1417 1465 quae

80 1468 347 1523 impedirent,
376 1469 447 1510 sed
475 1483 582 1523 quae
600 1469 837 1510 indicarent
858 1469 1135 1509 voluntatem.
1184 1468 1270 1510 Lex
1292 1484 1417 1511 usum
1436 1457 1489 1497 19

83 1529 126 1568 et
158 1527 459 1568 auctoritatem
492 1527 611 1568 fundi
642 1528 762 1568 iubet
792 1541 883 1568 esse
916 1527 1154 1580 biennium3
1188 1530 1233 1568 at
1264 1528 1426 1570 utimur

30 1597 64 1623 25
85 1585 232 1626 eodem
264 1585 354 1626 iure
386 1586 430 1627 in
463 1586 649 1635 aedibus,
683 1600 790 1639 quae
821 1585 867 1626 in
897 1585 991 1639 lege
1023 1600 1110 1627 non
1140 1587 1425 1640 appellantur.

84 1643 129 1685 Si
154 1644 224 1684 via
257 1644 313 1685 sit
338 1644 564 1697 inmunita,
596 1644 726 1697 iubet,
759 1659 842 1697 qua
868 1644 982 1695 velit,
1016 1658 1141 1699 agere
1166 1645 1426 1700 iumentum,

82 1705 228 1757 potest
259 1702 340 1744 hoc
371 1717 421 1743 ex
453 1703 558 1757 ipsis
591 1702 732 1743 verbis
764 1702 978 1758 intellegi,
1016 1703 1162 1756 licere,
1197 1703 1234 1744 si
1265 1704 1335 1746 via
1369 1705 1427 1746 sit

83 1762 128 1802 in
158 1760 330 1802 Brittiis
363 1761 606 1814 immunita,
649 1775 793 1817 agere,
836 1761 872 1802 si
909 1761 1031 1815 velit,
1074 1762 1313 1804 iumentum
1352 1778 1428 1817 per

83 1818 138 1860 M.
171 1817 318 1861 Scauri
350 1819 650 1861 Tusculanum.
712 1820 837 1861 Actio
877 1822 943 1861 est
979 1820 1022 1861 in
1055 1823 1271 1862 auctorem
1305 1837 1425 1876 prae-

31 1889 65 1916 30
85 1880 247 1919 sentem
267 1878 334 1919 his
354 1879 513 1920 verbis:
541 1879 841 1929 eQtanDOQUE
870 1890 927 1919 TE
948 1891 997 1919 IN
1017 1891 1125 1921 man
1148 1880 1424 1922 CONsmoIo'.

83 1935 176 1978 Hac
208 1937 373 1978 actione
400 1937 566 1992 Appius
599 1937 672 1978 ille
700 1936 858 1978 Caecus
890 1937 955 1978 uti
984 1952 1071 1980 non
1102 1941 1262 1993 posset,
1295 1938 1332 1980 si
1363 1939 1427 1980 ita

83 1994 129 2035 in
159 1995 250 2036 iure
287 1996 482 2038 homines
514 1997 645 2037 verba
677 1999 1040 2050 consectarentur,
1077 2000 1126 2038 ut
1157 2012 1265 2049 rem,
1305 1997 1424 2039 ouius

85 2067 212 2094 causa
243 2055 374 2096 verba
407 2057 520 2108 sunt,
559 2069 646 2096 non
678 2054 1006 2096 considerarent.
1076 2055 1354 2097 Testamento
1389 2057 1425 2096 si

84 2112 287 2153 recitatus
319 2113 442 2154 heres
470 2116 582 2155 esset
613 2113 801 2168 pupillus
829 2112 1050 2156 Cornelius
1082 2114 1204 2168 isque
1236 2114 1323 2155 iam
1353 2128 1424 2155 an-

32 2180 66 2206 85
85 2184 163 2211 nos
195 2182 257 2211 XX
287 2170 484 2226 haberet,
515 2172 636 2213 vobis
669 2172 974 2225 interpretibus
1007 2174 1227 2214 amitteret
1259 2172 1424 2213 heredi-

1445 249 1488 280 52

1450 778 1494 809 53

1451 1508 1498 1540 54

85 2230 230 2270 tatem.
280 2228 472 2271 Veniunt
491 2230 536 2271 in
555 2234 743 2272 mentem
764 2230 869 2271 mihi
888 2232 1114 2285 permulta,
1141 2230 1264 2272 vobis
1284 2231 1421 2284 plura,
1449 2241 1497 2273 55

85 2289 200 2328 certo
240 2287 336 2330 seio.
408 2287 571 2330 Verum
606 2303 660 2331 ne
704 2288 884 2330 nimium
924 2290 1062 2331 multa
1100 2289 1423 2343 conplectamur
