<?xml version="1.0" encoding="UTF-8"?>
<!DOCTYPE html PUBLIC "-//W3C//DTD XHTML 1.0 Transitional//EN"
    "http://www.w3.org/TR/xhtml1/DTD/xhtml1-transitional.dtd">
<html xmlns="http://www.w3.org/1999/xhtml" xml:lang="en" lang="en">
 <head>
  <title>
</title>
<meta http-equiv="Content-Type" content="text/html;charset=utf-8" />
  <meta name='ocr-system' content='tesseract 3.04.00' />
  <meta name='ocr-capabilities' content='ocr_page ocr_carea ocr_par ocr_line ocrx_word'/>
</head>
<body>
  <div class='ocr_page' id='page_1' title='image "./p2scriptaquaemanse02ciceuoft_0531.png"; bbox 0 0 1687 2533; ppageno 0'>
   <div class='ocr_carea' id='block_1_1' title="bbox 566 108 1448 151">
    <p class='ocr_par' dir='ltr' id='par_1_1' title="bbox 566 108 1448 151">
     <span class='ocr_line' id='line_1_1' title="bbox 566 108 1448 151; baseline 0.008 -7"><span class='ocrx_word' id='word_1_1' title='bbox 566 108 666 144; x_wconf 85' lang='lat' dir='ltr'>CAP.</span> <span class='ocrx_word' id='word_1_2' title='bbox 692 112 784 144; x_wconf 84' lang='lat'>4-6</span> <span class='ocrx_word' id='word_1_3' title='bbox 811 112 830 151; x_wconf 65' lang='lat' dir='ltr'>g</span> <span class='ocrx_word' id='word_1_4' title='bbox 857 112 982 143; x_wconf 84' lang='lat'>9—14.</span> <span class='ocrx_word' id='word_1_5' title='bbox 1362 109 1448 151; x_wconf 82' lang='lat'>379</span> 
     </span>
    </p>
   </div>
   <div class='ocr_carea' id='block_1_2' title="bbox 51 204 1450 2372">
    <p class='ocr_par' dir='ltr' id='par_1_2' title="bbox 51 204 1450 2372">
     <span class='ocr_line' id='line_1_2' title="bbox 108 204 1450 260; baseline 0.002 -14"><span class='ocrx_word' id='word_1_6' title='bbox 108 204 273 246; x_wconf 87' lang='lat' dir='ltr'>delatus</span> <span class='ocrx_word' id='word_1_7' title='bbox 313 207 379 247; x_wconf 89' lang='lat' dir='ltr'>est</span> <span class='ocrx_word' id='word_1_8' title='bbox 417 219 442 246; x_wconf 87' lang='lat' dir='ltr'>a</span> <span class='ocrx_word' id='word_1_9' title='bbox 473 204 518 246; x_wconf 89' lang='lat' dir='ltr'>L.</span> <span class='ocrx_word' id='word_1_10' title='bbox 551 204 731 246; x_wconf 89' lang='lat' dir='ltr'>Lucullo</span> <span class='ocrx_word' id='word_1_11' title='bbox 770 219 847 259; x_wconf 89' lang='lat' dir='ltr'>pro</span> <span class='ocrx_word' id='word_1_12' title='bbox 880 205 1065 246; x_wconf 84' lang='lat' dir='ltr'>consule.</span> <span class='ocrx_word' id='word_1_13' title='bbox 1127 204 1291 253; x_wconf 87' lang='lat' dir='ltr'>Quaere</span> <span class='ocrx_word' id='word_1_14' title='bbox 1325 220 1450 260; x_wconf 81' lang='lat' dir='ltr'>ar-gu</span> 
     </span>
     <span class='ocr_line' id='line_1_3' title="bbox 107 263 1450 320; baseline 0.001 -15"><span class='ocrx_word' id='word_1_15' title='bbox 107 266 269 318; x_wconf 88' lang='lat' dir='ltr'>menta,</span> <span class='ocrx_word' id='word_1_16' title='bbox 310 264 347 305; x_wconf 90' lang='lat' dir='ltr'>si</span> <span class='ocrx_word' id='word_1_17' title='bbox 379 278 486 318; x_wconf 90' lang='lat' dir='ltr'>quae</span> <span class='ocrx_word' id='word_1_18' title='bbox 517 266 659 318; x_wconf 89' lang='lat' dir='ltr'>potes·</span> <span class='ocrx_word' id='word_1_19' title='bbox 696 278 931 318; x_wconf 82' lang='lat' dir='ltr'><strong>numquam</strong></span> <span class='ocrx_word' id='word_1_20' title='bbox 959 264 1071 305; x_wconf 89' lang='lat' dir='ltr'>enim</span> <span class='ocrx_word' id='word_1_21' title='bbox 1103 263 1172 305; x_wconf 90' lang='lat' dir='ltr'>hic</span> <span class='ocrx_word' id='word_1_22' title='bbox 1204 279 1341 320; x_wconf 89' lang='lat' dir='ltr'>neque</span> <span class='ocrx_word' id='word_1_23' title='bbox 1374 280 1450 307; x_wconf 92' lang='lat' dir='ltr'>suo</span> 
     </span>
     <span class='ocr_line' id='line_1_4' title="bbox 107 322 985 377; baseline 0 -14"><span class='ocrx_word' id='word_1_24' title='bbox 107 337 244 377; x_wconf 91' lang='lat' dir='ltr'>neque</span> <span class='ocrx_word' id='word_1_25' title='bbox 277 323 511 364; x_wconf 89' lang='lat' dir='ltr'>amicorum</span> <span class='ocrx_word' id='word_1_26' title='bbox 543 322 699 364; x_wconf 82' lang='lat' dir='ltr'>iudicio</span> <span class='ocrx_word' id='word_1_27' title='bbox 732 323 985 364; x_wconf 77' lang='lat' dir='ltr'><strong>revincetur.</strong></span> 
     </span>
     <span class='ocr_line' id='line_1_5' title="bbox 195 380 1448 436; baseline 0.001 -14"><span class='ocrx_word' id='word_1_28' title='bbox 195 381 382 430; x_wconf 80' lang='lat' dir='ltr'>Quaeres</span> <span class='ocrx_word' id='word_1_29' title='bbox 404 396 428 422; x_wconf 89' lang='lat' dir='ltr'>a</span> <span class='ocrx_word' id='word_1_30' title='bbox 447 381 584 435; x_wconf 90' lang='lat' dir='ltr'>nobis,</span> <span class='ocrx_word' id='word_1_31' title='bbox 612 380 767 433; x_wconf 87' lang='lat' dir='ltr'>Gratti,</span> <span class='ocrx_word' id='word_1_32' title='bbox 789 396 863 422; x_wconf 89' lang='grc'>0111</span> <span class='ocrx_word' id='word_1_33' title='bbox 882 384 1005 423; x_wconf 84' lang='grc'>131110</span> <span class='ocrx_word' id='word_1_34' title='bbox 1027 395 1152 436; x_wconf 89' lang='lat' dir='ltr'>opere</span> <span class='ocrx_word' id='word_1_35' title='bbox 1172 382 1255 423; x_wconf 87' lang='lat' dir='ltr'>hoc</span> <span class='ocrx_word' id='word_1_36' title='bbox 1275 381 1448 423; x_wconf 87' lang='grc'>1101111110</span> 
     </span>
     <span class='ocr_line' id='line_1_6' title="bbox 70 438 1449 494; baseline 0.001 -13"><span class='ocrx_word' id='word_1_37' title='bbox 70 451 87 476; x_wconf 86' lang='grc'>5</span> <span class='ocrx_word' id='word_1_38' title='bbox 107 440 376 482; x_wconf 75' lang='lat' dir='ltr'>delectemur.</span> <span class='ocrx_word' id='word_1_39' title='bbox 427 438 535 488; x_wconf 89' lang='lat' dir='ltr'>Quia</span> <span class='ocrx_word' id='word_1_40' title='bbox 567 440 814 494; x_wconf 85' lang='lat' dir='ltr'>suppeditat</span> <span class='ocrx_word' id='word_1_41' title='bbox 845 440 984 493; x_wconf 84' lang='lat' dir='ltr'>nobis,</span> <span class='ocrx_word' id='word_1_42' title='bbox 1015 441 1090 481; x_wconf 84' lang='lat' dir='ltr'>ubi</span> <span class='ocrx_word' id='word_1_43' title='bbox 1123 443 1165 481; x_wconf 90' lang='lat' dir='ltr'>et</span> <span class='ocrx_word' id='word_1_44' title='bbox 1197 441 1364 482; x_wconf 86' lang='lat' dir='ltr'>animus</span> <span class='ocrx_word' id='word_1_45' title='bbox 1398 456 1449 482; x_wconf 81' lang='lat' dir='ltr'>ex</span> 
     </span>
     <span class='ocr_line' id='line_1_7' title="bbox 106 498 1448 553; baseline 0.001 -14"><span class='ocrx_word' id='word_1_46' title='bbox 106 499 188 541; x_wconf 90' lang='lat' dir='ltr'>hoc</span> <span class='ocrx_word' id='word_1_47' title='bbox 212 498 376 540; x_wconf 84' lang='lat' dir='ltr'>forensi</span> <span class='ocrx_word' id='word_1_48' title='bbox 397 498 579 553; x_wconf 86' lang='lat' dir='ltr'>strepitu</span> <span class='ocrx_word' id='word_1_49' title='bbox 598 499 813 540; x_wconf 88' lang='lat' dir='ltr'>reficiatur</span> <span class='ocrx_word' id='word_1_50' title='bbox 833 502 876 540; x_wconf 91' lang='lat' dir='ltr'>et</span> <span class='ocrx_word' id='word_1_51' title='bbox 896 513 1019 540; x_wconf 86' lang='lat' dir='ltr'>aures</span> <span class='ocrx_word' id='word_1_52' title='bbox 1042 500 1233 541; x_wconf 84' lang='lat' dir='ltr'>convicio</span> <span class='ocrx_word' id='word_1_53' title='bbox 1256 499 1448 541; x_wconf 81' lang='lat' dir='ltr'>defessae</span> 
     </span>
     <span class='ocr_line' id='line_1_8' title="bbox 107 557 1449 612; baseline 0.001 -13"><span class='ocrx_word' id='word_1_54' title='bbox 107 558 421 612; x_wconf 75' lang='lat' dir='ltr'>conquiescant.</span> <span class='ocrx_word' id='word_1_55' title='bbox 489 557 560 598; x_wconf 90' lang='lat' dir='ltr'>An</span> <span class='ocrx_word' id='word_1_56' title='bbox 603 561 650 598; x_wconf 79' lang='lat' dir='ltr'>tu</span> <span class='ocrx_word' id='word_1_57' title='bbox 688 558 908 599; x_wconf 76' lang='lat' dir='ltr'>existimas</span> <span class='ocrx_word' id='word_1_58' title='bbox 947 560 1021 599; x_wconf 90' lang='lat' dir='ltr'>aut</span> <span class='ocrx_word' id='word_1_59' title='bbox 1061 561 1286 612; x_wconf 73' lang='lat' dir='ltr'>suppetere</span> <span class='ocrx_word' id='word_1_60' title='bbox 1324 559 1449 600; x_wconf 86' lang='lat' dir='ltr'>nobis</span> 
     </span>
     <span class='ocr_line' id='line_1_9' title="bbox 104 615 1449 682; baseline 0.001 -25"><span class='ocrx_word' id='word_1_61' title='bbox 104 631 243 682; x_wconf 84' lang='lat' dir='ltr'>posse,</span> <span class='ocrx_word' id='word_1_62' title='bbox 275 616 388 682; x_wconf 88' lang='lat' dir='ltr'>quod</span> <span class='ocrx_word' id='word_1_63' title='bbox 420 616 572 658; x_wconf 85' lang='lat' dir='ltr'>cotidie</span> <span class='ocrx_word' id='word_1_64' title='bbox 605 615 796 657; x_wconf 89' lang='lat' dir='ltr'>dicamus</span> <span class='ocrx_word' id='word_1_65' title='bbox 828 616 873 657; x_wconf 88' lang='lat' dir='ltr'>in</span> <span class='ocrx_word' id='word_1_66' title='bbox 904 619 1028 658; x_wconf 89' lang='lat' dir='ltr'>tanta</span> <span class='ocrx_word' id='word_1_67' title='bbox 1052 618 1262 658; x_wconf 74' lang='lat' dir='ltr'>valietate</span> <span class='ocrx_word' id='word_1_68' title='bbox 1295 632 1449 671; x_wconf 88' lang='lat' dir='ltr'>rerum,</span> 
     </span>
     <span class='ocr_line' id='line_1_10' title="bbox 105 675 1449 742; baseline 0.001 -26"><span class='ocrx_word' id='word_1_69' title='bbox 105 675 189 716; x_wconf 88' lang='lat' dir='ltr'>nisi</span> <span class='ocrx_word' id='word_1_70' title='bbox 234 677 399 716; x_wconf 87' lang='lat' dir='ltr'>animos</span> <span class='ocrx_word' id='word_1_71' title='bbox 443 677 616 716; x_wconf 89' lang='lat' dir='ltr'>nostros</span> <span class='ocrx_word' id='word_1_72' title='bbox 661 675 857 716; x_wconf 87' lang='lat' dir='ltr'>doctrina</span> <span class='ocrx_word' id='word_1_73' title='bbox 902 676 1168 742; x_wconf 76' lang='lat' dir='ltr'>excolamus,</span> <span class='ocrx_word' id='word_1_74' title='bbox 1221 679 1296 717; x_wconf 88' lang='lat' dir='ltr'>aut</span> <span class='ocrx_word' id='word_1_75' title='bbox 1337 676 1449 717; x_wconf 77' lang='lat' dir='ltr'>ferre</span> 
     </span>
     <span class='ocr_line' id='line_1_11' title="bbox 53 734 1450 788; baseline 0.001 -14"><span class='ocrx_word' id='word_1_76' title='bbox 53 745 87 770; x_wconf 91' lang='lat'>10</span> <span class='ocrx_word' id='word_1_77' title='bbox 107 735 272 776; x_wconf 86' lang='lat' dir='ltr'>animos</span> <span class='ocrx_word' id='word_1_78' title='bbox 303 736 471 775; x_wconf 87' lang='lat' dir='ltr'>tantam</span> <span class='ocrx_word' id='word_1_79' title='bbox 502 748 628 788; x_wconf 90' lang='lat' dir='ltr'>posse</span> <span class='ocrx_word' id='word_1_80' title='bbox 661 735 1001 787; x_wconf 70' lang='lat' dir='ltr'>contentionem,</span> <span class='ocrx_word' id='word_1_81' title='bbox 1032 734 1118 775; x_wconf 88' lang='lat' dir='ltr'>nisi</span> <span class='ocrx_word' id='word_1_82' title='bbox 1151 749 1222 775; x_wconf 90' lang='lat' dir='ltr'>eos</span> <span class='ocrx_word' id='word_1_83' title='bbox 1255 735 1450 776; x_wconf 84' lang='lat' dir='ltr'>doctrina</span> 
     </span>
     <span class='ocr_line' id='line_1_12' title="bbox 107 791 1448 847; baseline 0.001 -14"><span class='ocrx_word' id='word_1_84' title='bbox 107 792 254 834; x_wconf 87' lang='lat' dir='ltr'>eadem</span> <span class='ocrx_word' id='word_1_85' title='bbox 296 792 563 834; x_wconf 78' lang='lat' dir='ltr'>relaxemus?</span> <span class='ocrx_word' id='word_1_86' title='bbox 630 791 726 847; x_wconf 85' lang='lat' dir='ltr'>Ego</span> <span class='ocrx_word' id='word_1_87' title='bbox 765 807 866 833; x_wconf 83' lang='lat' dir='ltr'>vero</span> <span class='ocrx_word' id='word_1_88' title='bbox 903 792 1043 834; x_wconf 81' lang='lat' dir='ltr'>fateor</span> <span class='ocrx_word' id='word_1_89' title='bbox 1081 807 1148 834; x_wconf 91' lang='lat' dir='ltr'>me</span> <span class='ocrx_word' id='word_1_90' title='bbox 1187 793 1255 834; x_wconf 87' lang='grc'>1113</span> <span class='ocrx_word' id='word_1_91' title='bbox 1295 794 1448 834; x_wconf 85' lang='lat' dir='ltr'>studiis</span> 
     </span>
     <span class='ocr_line' id='line_1_13' title="bbox 107 850 1449 906; baseline 0.001 -14"><span class='ocrx_word' id='word_1_92' title='bbox 107 865 199 892; x_wconf 90' lang='lat' dir='ltr'>esse</span> <span class='ocrx_word' id='word_1_93' title='bbox 240 851 443 893; x_wconf 85' lang='lat' dir='ltr'>deditum.</span> <span class='ocrx_word' id='word_1_94' title='bbox 505 850 681 893; x_wconf 87' lang='lat' dir='ltr'>Ceteros</span> <span class='ocrx_word' id='word_1_95' title='bbox 719 851 897 906; x_wconf 88' lang='lat' dir='ltr'>pudeat,</span> <span class='ocrx_word' id='word_1_96' title='bbox 943 852 980 892; x_wconf 90' lang='lat' dir='ltr'>si</span> <span class='ocrx_word' id='word_1_97' title='bbox 1012 852 1084 906; x_wconf 89' lang='lat' dir='ltr'>qui</span> <span class='ocrx_word' id='word_1_98' title='bbox 1115 852 1178 893; x_wconf 88' lang='lat' dir='ltr'>ita</span> <span class='ocrx_word' id='word_1_99' title='bbox 1211 866 1256 893; x_wconf 90' lang='lat' dir='ltr'>se</span> <span class='ocrx_word' id='word_1_100' title='bbox 1289 852 1449 893; x_wconf 85' lang='lat' dir='ltr'>litteris</span> 
     </span>
     <span class='ocr_line' id='line_1_14' title="bbox 107 909 1450 965; baseline 0.001 -14"><span class='ocrx_word' id='word_1_101' title='bbox 107 909 379 963; x_wconf 86' lang='lat' dir='ltr'>abdiderunt,</span> <span class='ocrx_word' id='word_1_102' title='bbox 416 912 465 951; x_wconf 92' lang='lat' dir='ltr'>ut</span> <span class='ocrx_word' id='word_1_103' title='bbox 498 909 606 950; x_wconf 89' lang='lat' dir='ltr'>nihil</span> <span class='ocrx_word' id='word_1_104' title='bbox 638 910 809 964; x_wconf 85' lang='lat' dir='ltr'>possint</span> <span class='ocrx_word' id='word_1_105' title='bbox 841 924 891 951; x_wconf 83' lang='lat' dir='ltr'>ex</span> <span class='ocrx_word' id='word_1_106' title='bbox 922 910 974 951; x_wconf 90' lang='lat' dir='ltr'>iis</span> <span class='ocrx_word' id='word_1_107' title='bbox 1006 925 1142 965; x_wconf 90' lang='lat' dir='ltr'>neque</span> <span class='ocrx_word' id='word_1_108' title='bbox 1176 911 1229 952; x_wconf 88' lang='lat' dir='ltr'>ad</span> <span class='ocrx_word' id='word_1_109' title='bbox 1261 925 1450 952; x_wconf 88' lang='lat' dir='ltr'>commu-</span> 
     </span>
     <span class='ocr_line' id='line_1_15' title="bbox 105 967 1448 1024; baseline 0.001 -15"><span class='ocrx_word' id='word_1_110' title='bbox 105 983 202 1009; x_wconf 88' lang='lat' dir='ltr'>nem</span> <span class='ocrx_word' id='word_1_111' title='bbox 251 969 415 1010; x_wconf 87' lang='lat' dir='ltr'>adferre</span> <span class='ocrx_word' id='word_1_112' title='bbox 460 967 648 1010; x_wconf 85' lang='lat' dir='ltr'>fructum</span> <span class='ocrx_word' id='word_1_113' title='bbox 692 983 829 1023; x_wconf 90' lang='lat' dir='ltr'>neque</span> <span class='ocrx_word' id='word_1_114' title='bbox 875 969 921 1009; x_wconf 87' lang='lat' dir='ltr'>in</span> <span class='ocrx_word' id='word_1_115' title='bbox 966 972 1187 1024; x_wconf 88' lang='lat' dir='ltr'>aspectum</span> <span class='ocrx_word' id='word_1_116' title='bbox 1225 970 1448 1024; x_wconf 89' lang='lat' dir='ltr'>lucemque</span> 
     </span>
     <span class='ocr_line' id='line_1_16' title="bbox 53 1027 1450 1082; baseline 0.004 -17"><span class='ocrx_word' id='word_1_117' title='bbox 53 1038 86 1064; x_wconf 85' lang='lat'>15</span> <span class='ocrx_word' id='word_1_118' title='bbox 106 1027 313 1081; x_wconf 75' lang='lat' dir='ltr'>proferre,</span> <span class='ocrx_word' id='word_1_119' title='bbox 350 1042 418 1068; x_wconf 88' lang='lat' dir='ltr'>me</span> <span class='ocrx_word' id='word_1_120' title='bbox 457 1030 600 1068; x_wconf 90' lang='lat' dir='ltr'>autem</span> <span class='ocrx_word' id='word_1_121' title='bbox 640 1028 740 1082; x_wconf 89' lang='lat' dir='ltr'>quid</span> <span class='ocrx_word' id='word_1_122' title='bbox 777 1027 954 1082; x_wconf 86' lang='lat' dir='ltr'>pudeat,</span> <span class='ocrx_word' id='word_1_123' title='bbox 995 1029 1068 1082; x_wconf 89' lang='lat' dir='ltr'>qui</span> <span class='ocrx_word' id='word_1_124' title='bbox 1109 1031 1177 1070; x_wconf 90' lang='lat' dir='ltr'>tot</span> <span class='ocrx_word' id='word_1_125' title='bbox 1215 1043 1350 1070; x_wconf 89' lang='lat' dir='ltr'>annos</span> <span class='ocrx_word' id='word_1_126' title='bbox 1388 1029 1450 1070; x_wconf 87' lang='lat' dir='ltr'>ita</span> 
     </span>
     <span class='ocr_line' id='line_1_17' title="bbox 105 1085 1450 1141; baseline 0.001 -14"><span class='ocrx_word' id='word_1_127' title='bbox 105 1086 220 1139; x_wconf 87' lang='lat' dir='ltr'>vivo,</span> <span class='ocrx_word' id='word_1_128' title='bbox 257 1085 434 1139; x_wconf 88' lang='lat' dir='ltr'>iudices,</span> <span class='ocrx_word' id='word_1_129' title='bbox 472 1088 520 1127; x_wconf 91' lang='lat' dir='ltr'>ut</span> <span class='ocrx_word' id='word_1_130' title='bbox 559 1101 583 1127; x_wconf 90' lang='grc'>3</span> <span class='ocrx_word' id='word_1_131' title='bbox 619 1086 780 1127; x_wconf 87' lang='grc'>11311133</span> <span class='ocrx_word' id='word_1_132' title='bbox 812 1101 1015 1140; x_wconf 89' lang='lat' dir='ltr'>umquam</span> <span class='ocrx_word' id='word_1_133' title='bbox 1047 1101 1114 1128; x_wconf 88' lang='lat' dir='ltr'>me</span> <span class='ocrx_word' id='word_1_134' title='bbox 1146 1089 1343 1141; x_wconf 85' lang='lat' dir='ltr'>tempore</span> <span class='ocrx_word' id='word_1_135' title='bbox 1376 1092 1450 1128; x_wconf 82' lang='lat' dir='ltr'>aut</span> 
     </span>
     <span class='ocr_line' id='line_1_18' title="bbox 105 1144 1449 1201; baseline 0.001 -16"><span class='ocrx_word' id='word_1_136' title='bbox 105 1144 327 1186; x_wconf 88' lang='lat' dir='ltr'>commodo</span> <span class='ocrx_word' id='word_1_137' title='bbox 366 1147 441 1186; x_wconf 86' lang='lat' dir='ltr'>aut</span> <span class='ocrx_word' id='word_1_138' title='bbox 482 1145 619 1186; x_wconf 86' lang='lat' dir='ltr'>otium</span> <span class='ocrx_word' id='word_1_139' title='bbox 659 1160 801 1186; x_wconf 90' lang='lat' dir='ltr'>meum</span> <span class='ocrx_word' id='word_1_140' title='bbox 841 1145 1104 1187; x_wconf 80' lang='lat' dir='ltr'>abstraxerit</span> <span class='ocrx_word' id='word_1_141' title='bbox 1142 1146 1216 1187; x_wconf 84' lang='lat' dir='ltr'>aut</span> <span class='ocrx_word' id='word_1_142' title='bbox 1247 1146 1449 1201; x_wconf 83' lang='lat' dir='ltr'>voluptas</span> 
     </span>
     <span class='ocr_line' id='line_1_19' title="bbox 105 1203 1449 1259; baseline 0.001 -15"><span class='ocrx_word' id='word_1_143' title='bbox 105 1204 295 1245; x_wconf 84' lang='lat' dir='ltr'>avocarit</span> <span class='ocrx_word' id='word_1_144' title='bbox 334 1206 409 1244; x_wconf 85' lang='lat' dir='ltr'>aut</span> <span class='ocrx_word' id='word_1_145' title='bbox 447 1203 624 1258; x_wconf 86' lang='lat' dir='ltr'>denique</span> <span class='ocrx_word' id='word_1_146' title='bbox 651 1218 827 1245; x_wconf 89' lang='lat' dir='ltr'>somnus</span> <span class='ocrx_word' id='word_1_147' title='bbox 860 1204 1119 1246; x_wconf 78' lang='lat' dir='ltr'>retardarit?</span> <span class='ocrx_word' id='word_1_148' title='bbox 1182 1203 1322 1253; x_wconf 88' lang='lat' dir='ltr'>Quare</span> <span class='ocrx_word' id='word_1_149' title='bbox 1355 1205 1449 1259; x_wconf 89' lang='lat' dir='ltr'>quis</span> 
     </span>
     <span class='ocr_line' id='line_1_20' title="bbox 104 1262 1450 1316; baseline 0.001 -13"><span class='ocrx_word' id='word_1_150' title='bbox 104 1262 278 1303; x_wconf 88' lang='lat' dir='ltr'>tandem</span> <span class='ocrx_word' id='word_1_151' title='bbox 303 1277 370 1303; x_wconf 88' lang='lat' dir='ltr'>me</span> <span class='ocrx_word' id='word_1_152' title='bbox 396 1262 692 1316; x_wconf 86' lang='lat' dir='ltr'>reprehendat,</span> <span class='ocrx_word' id='word_1_153' title='bbox 719 1264 793 1303; x_wconf 84' lang='lat' dir='ltr'>aut</span> <span class='ocrx_word' id='word_1_154' title='bbox 819 1263 914 1316; x_wconf 83' lang='lat' dir='ltr'>quis</span> <span class='ocrx_word' id='word_1_155' title='bbox 940 1262 1047 1304; x_wconf 88' lang='lat' dir='ltr'>mihi</span> <span class='ocrx_word' id='word_1_156' title='bbox 1072 1263 1163 1304; x_wconf 88' lang='grc'>1310</span> <span class='ocrx_word' id='word_1_157' title='bbox 1190 1267 1450 1316; x_wconf 81' lang='lat' dir='ltr'>suscenseat,</span> 
     </span>
     <span class='ocr_line' id='line_1_21' title="bbox 51 1321 1450 1375; baseline 0.001 -13"><span class='ocrx_word' id='word_1_158' title='bbox 51 1331 86 1357; x_wconf 83' lang='lat'>20</span> <span class='ocrx_word' id='word_1_159' title='bbox 106 1321 154 1374; x_wconf 88' lang='lat' dir='ltr'>si,</span> <span class='ocrx_word' id='word_1_160' title='bbox 187 1323 393 1374; x_wconf 89' lang='lat' dir='ltr'>quantum</span> <span class='ocrx_word' id='word_1_161' title='bbox 425 1321 577 1362; x_wconf 86' lang='lat' dir='ltr'>ceteris</span> <span class='ocrx_word' id='word_1_162' title='bbox 605 1321 658 1361; x_wconf 88' lang='lat' dir='ltr'>ad</span> <span class='ocrx_word' id='word_1_163' title='bbox 684 1335 783 1362; x_wconf 89' lang='lat' dir='ltr'>suas</span> <span class='ocrx_word' id='word_1_164' title='bbox 809 1335 876 1362; x_wconf 81' lang='lat' dir='ltr'>res</span> <span class='ocrx_word' id='word_1_165' title='bbox 902 1321 1129 1375; x_wconf 86' lang='lat' dir='ltr'>obeundas,</span> <span class='ocrx_word' id='word_1_166' title='bbox 1162 1325 1370 1375; x_wconf 88' lang='lat' dir='ltr'>quantum</span> <span class='ocrx_word' id='word_1_167' title='bbox 1398 1322 1450 1363; x_wconf 88' lang='lat' dir='ltr'>ad</span> 
     </span>
     <span class='ocr_line' id='line_1_22' title="bbox 105 1379 1449 1433; baseline 0.001 -13"><span class='ocrx_word' id='word_1_168' title='bbox 105 1379 240 1420; x_wconf 84' lang='lat' dir='ltr'>festos</span> <span class='ocrx_word' id='word_1_169' title='bbox 284 1379 373 1420; x_wconf 86' lang='lat' dir='ltr'>dies</span> <span class='ocrx_word' id='word_1_170' title='bbox 417 1379 615 1420; x_wconf 88' lang='lat' dir='ltr'>ludorum</span> <span class='ocrx_word' id='word_1_171' title='bbox 665 1379 961 1433; x_wconf 87' lang='lat' dir='ltr'>celebrandos,</span> <span class='ocrx_word' id='word_1_172' title='bbox 1005 1384 1212 1433; x_wconf 87' lang='lat' dir='ltr'>quantum</span> <span class='ocrx_word' id='word_1_173' title='bbox 1251 1381 1303 1421; x_wconf 88' lang='lat' dir='ltr'>ad</span> <span class='ocrx_word' id='word_1_174' title='bbox 1342 1380 1449 1421; x_wconf 87' lang='lat' dir='ltr'>alias</span> 
     </span>
     <span class='ocr_line' id='line_1_23' title="bbox 106 1437 1449 1493; baseline 0.001 -15"><span class='ocrx_word' id='word_1_175' title='bbox 106 1438 352 1491; x_wconf 87' lang='lat' dir='ltr'>voluptates</span> <span class='ocrx_word' id='word_1_176' title='bbox 398 1440 441 1478; x_wconf 90' lang='lat' dir='ltr'>et</span> <span class='ocrx_word' id='word_1_177' title='bbox 485 1437 537 1478; x_wconf 87' lang='lat' dir='ltr'>ad</span> <span class='ocrx_word' id='word_1_178' title='bbox 580 1438 719 1492; x_wconf 85' lang='lat' dir='ltr'>ipsam</span> <span class='ocrx_word' id='word_1_179' title='bbox 762 1438 955 1491; x_wconf 85' lang='lat' dir='ltr'>requiem</span> <span class='ocrx_word' id='word_1_180' title='bbox 1000 1438 1132 1479; x_wconf 89' lang='lat' dir='ltr'>animi</span> <span class='ocrx_word' id='word_1_181' title='bbox 1176 1441 1218 1479; x_wconf 88' lang='lat' dir='ltr'>et</span> <span class='ocrx_word' id='word_1_182' title='bbox 1258 1439 1449 1493; x_wconf 86' lang='lat' dir='ltr'>corporis</span> 
     </span>
     <span class='ocr_line' id='line_1_24' title="bbox 107 1496 1450 1551; baseline 0.001 -14"><span class='ocrx_word' id='word_1_183' title='bbox 107 1496 352 1538; x_wconf 89' lang='lat' dir='ltr'>conceditur</span> <span class='ocrx_word' id='word_1_184' title='bbox 391 1498 651 1549; x_wconf 85' lang='lat' dir='ltr'>temporum,</span> <span class='ocrx_word' id='word_1_185' title='bbox 693 1498 901 1550; x_wconf 87' lang='lat' dir='ltr'>quantum</span> <span class='ocrx_word' id='word_1_186' title='bbox 946 1496 1020 1537; x_wconf 89' lang='lat' dir='ltr'>alii</span> <span class='ocrx_word' id='word_1_187' title='bbox 1057 1497 1253 1538; x_wconf 87' lang='lat' dir='ltr'>tribuunt</span> <span class='ocrx_word' id='word_1_188' title='bbox 1290 1500 1450 1551; x_wconf 87' lang='lat' dir='ltr'>tempe-</span> 
     </span>
     <span class='ocr_line' id='line_1_25' title="bbox 107 1554 1449 1609; baseline 0.001 -14"><span class='ocrx_word' id='word_1_189' title='bbox 107 1554 230 1595; x_wconf 88' lang='lat' dir='ltr'>stivis</span> <span class='ocrx_word' id='word_1_190' title='bbox 275 1554 496 1607; x_wconf 79' lang='lat' dir='ltr'>conviviis,</span> <span class='ocrx_word' id='word_1_191' title='bbox 540 1557 748 1608; x_wconf 87' lang='lat' dir='ltr'>quantum</span> <span class='ocrx_word' id='word_1_192' title='bbox 794 1554 973 1609; x_wconf 89' lang='lat' dir='ltr'>denique</span> <span class='ocrx_word' id='word_1_193' title='bbox 1012 1555 1195 1607; x_wconf 74' lang='lat' dir='ltr'>alveolo,</span> <span class='ocrx_word' id='word_1_194' title='bbox 1241 1558 1449 1609; x_wconf 88' lang='lat' dir='ltr'>quantum</span> 
     </span>
     <span class='ocr_line' id='line_1_26' title="bbox 53 1612 1449 1667; baseline 0.003 -16"><span class='ocrx_word' id='word_1_195' title='bbox 53 1624 87 1650; x_wconf 80' lang='lat'>25</span> <span class='ocrx_word' id='word_1_196' title='bbox 106 1613 237 1667; x_wconf 81' lang='lat' dir='ltr'>pilae,</span> <span class='ocrx_word' id='word_1_197' title='bbox 274 1615 444 1654; x_wconf 84' lang='lat' dir='ltr'>tantum</span> <span class='ocrx_word' id='word_1_198' title='bbox 483 1612 589 1653; x_wconf 84' lang='lat' dir='ltr'>mihi</span> <span class='ocrx_word' id='word_1_199' title='bbox 628 1616 798 1667; x_wconf 82' lang='lat' dir='ltr'>egomet</span> <span class='ocrx_word' id='word_1_200' title='bbox 830 1613 882 1654; x_wconf 87' lang='lat' dir='ltr'>ad</span> <span class='ocrx_word' id='word_1_201' title='bbox 914 1614 1019 1655; x_wconf 89' lang='lat' dir='ltr'>haec</span> <span class='ocrx_word' id='word_1_202' title='bbox 1051 1613 1192 1655; x_wconf 83' lang='lat' dir='ltr'>studia</span> <span class='ocrx_word' id='word_1_203' title='bbox 1223 1614 1449 1656; x_wconf 86' lang='lat' dir='ltr'>recolenda</span> 
     </span>
     <span class='ocr_line' id='line_1_27' title="bbox 109 1671 1449 1726; baseline 0.001 -14"><span class='ocrx_word' id='word_1_204' title='bbox 109 1671 361 1726; x_wconf 78' lang='lat' dir='ltr'>sumpsero?</span> <span class='ocrx_word' id='word_1_205' title='bbox 441 1671 585 1725; x_wconf 84' lang='lat' dir='ltr'>Atque</span> <span class='ocrx_word' id='word_1_206' title='bbox 635 1671 717 1713; x_wconf 88' lang='lat' dir='ltr'>hoc</span> <span class='ocrx_word' id='word_1_207' title='bbox 767 1686 816 1713; x_wconf 92' lang='lat' dir='ltr'>eo</span> <span class='ocrx_word' id='word_1_208' title='bbox 867 1672 973 1713; x_wconf 88' lang='lat' dir='ltr'>mihi</span> <span class='ocrx_word' id='word_1_209' title='bbox 1023 1672 1334 1714; x_wconf 85' lang='lat' dir='ltr'>concedendum</span> <span class='ocrx_word' id='word_1_210' title='bbox 1384 1677 1449 1714; x_wconf 83' lang='lat' dir='ltr'>est</span> 
     </span>
     <span class='ocr_line' id='line_1_28' title="bbox 106 1729 1448 1785; baseline 0.002 -15"><span class='ocrx_word' id='word_1_211' title='bbox 106 1731 259 1785; x_wconf 84' lang='lat' dir='ltr'>magis,</span> <span class='ocrx_word' id='word_1_212' title='bbox 292 1729 404 1784; x_wconf 91' lang='lat' dir='ltr'>quod</span> <span class='ocrx_word' id='word_1_213' title='bbox 437 1744 487 1771; x_wconf 84' lang='lat' dir='ltr'>ex</span> <span class='ocrx_word' id='word_1_214' title='bbox 517 1730 585 1771; x_wconf 84' lang='lat' dir='ltr'>his</span> <span class='ocrx_word' id='word_1_215' title='bbox 618 1730 770 1771; x_wconf 87' lang='lat' dir='ltr'>studiis</span> <span class='ocrx_word' id='word_1_216' title='bbox 802 1730 907 1772; x_wconf 89' lang='lat' dir='ltr'>haec</span> <span class='ocrx_word' id='word_1_217' title='bbox 934 1745 1102 1785; x_wconf 87' lang='lat' dir='ltr'>quoque</span> <span class='ocrx_word' id='word_1_218' title='bbox 1130 1732 1283 1773; x_wconf 87' lang='lat' dir='ltr'>crescit</span> <span class='ocrx_word' id='word_1_219' title='bbox 1310 1732 1448 1773; x_wconf 85' lang='lat' dir='ltr'>oratio</span> 
     </span>
     <span class='ocr_line' id='line_1_29' title="bbox 107 1788 1447 1844; baseline 0.002 -15"><span class='ocrx_word' id='word_1_220' title='bbox 107 1791 150 1830; x_wconf 89' lang='lat' dir='ltr'>et</span> <span class='ocrx_word' id='word_1_221' title='bbox 180 1788 383 1842; x_wconf 84' lang='lat' dir='ltr'>facultas,</span> <span class='ocrx_word' id='word_1_222' title='bbox 418 1803 525 1842; x_wconf 88' lang='lat' dir='ltr'>quae</span> <span class='ocrx_word' id='word_1_223' title='bbox 559 1791 901 1843; x_wconf 88' lang='lat' dir='ltr'>quantacumque</span> <span class='ocrx_word' id='word_1_224' title='bbox 933 1789 978 1830; x_wconf 90' lang='lat' dir='ltr'>in</span> <span class='ocrx_word' id='word_1_225' title='bbox 1010 1804 1077 1830; x_wconf 88' lang='lat' dir='ltr'>me</span> <span class='ocrx_word' id='word_1_226' title='bbox 1109 1794 1182 1843; x_wconf 73' lang='lat' dir='ltr'>est,</span> <span class='ocrx_word' id='word_1_227' title='bbox 1212 1805 1447 1844; x_wconf 87' lang='lat' dir='ltr'>numquam</span> 
     </span>
     <span class='ocr_line' id='line_1_30' title="bbox 109 1845 1450 1901; baseline 0.001 -13"><span class='ocrx_word' id='word_1_228' title='bbox 109 1847 341 1889; x_wconf 86' lang='lat' dir='ltr'>amicorum</span> <span class='ocrx_word' id='word_1_229' title='bbox 374 1847 574 1901; x_wconf 84' lang='lat' dir='ltr'>periculis</span> <span class='ocrx_word' id='word_1_230' title='bbox 607 1847 752 1888; x_wconf 85' lang='lat' dir='ltr'>defuit.</span> <span class='ocrx_word' id='word_1_231' title='bbox 797 1845 912 1895; x_wconf 87' lang='lat' dir='ltr'>Quae</span> <span class='ocrx_word' id='word_1_232' title='bbox 945 1848 982 1889; x_wconf 90' lang='lat' dir='ltr'>si</span> <span class='ocrx_word' id='word_1_233' title='bbox 1014 1848 1080 1889; x_wconf 88' lang='lat' dir='ltr'>cui</span> <span class='ocrx_word' id='word_1_234' title='bbox 1112 1849 1246 1891; x_wconf 77' lang='lat' dir='ltr'>levior</span> <span class='ocrx_word' id='word_1_235' title='bbox 1271 1849 1450 1899; x_wconf 83' lang='lat' dir='ltr'>videtur,</span> 
     </span>
     <span class='ocr_line' id='line_1_31' title="bbox 55 1906 1449 1963; baseline 0.001 -17"><span class='ocrx_word' id='word_1_236' title='bbox 55 1916 90 1942; x_wconf 84' lang='lat'>30</span> <span class='ocrx_word' id='word_1_237' title='bbox 107 1906 185 1946; x_wconf 84' lang='lat' dir='ltr'>illa</span> <span class='ocrx_word' id='word_1_238' title='bbox 232 1906 402 1960; x_wconf 87' lang='lat' dir='ltr'>quidem</span> <span class='ocrx_word' id='word_1_239' title='bbox 441 1909 569 1960; x_wconf 89' lang='lat' dir='ltr'>certe,</span> <span class='ocrx_word' id='word_1_240' title='bbox 614 1920 720 1960; x_wconf 88' lang='lat' dir='ltr'>quae</span> <span class='ocrx_word' id='word_1_241' title='bbox 759 1921 925 1947; x_wconf 87' lang='lat' dir='ltr'>summa</span> <span class='ocrx_word' id='word_1_242' title='bbox 963 1911 1078 1961; x_wconf 89' lang='lat' dir='ltr'>sunt,</span> <span class='ocrx_word' id='word_1_243' title='bbox 1122 1922 1173 1948; x_wconf 84' lang='lat' dir='ltr'>ex</span> <span class='ocrx_word' id='word_1_244' title='bbox 1210 1922 1293 1963; x_wconf 91' lang='lat' dir='ltr'>quo</span> <span class='ocrx_word' id='word_1_245' title='bbox 1330 1908 1449 1948; x_wconf 83' lang='lat' dir='ltr'>fonte</span> 
     </span>
     <span class='ocr_line' id='line_1_32' title="bbox 107 1964 1448 2021; baseline 0.001 -17"><span class='ocrx_word' id='word_1_246' title='bbox 107 1964 319 2019; x_wconf 87' lang='lat' dir='ltr'>hauriam,</span> <span class='ocrx_word' id='word_1_247' title='bbox 377 1964 526 2006; x_wconf 90' lang='lat' dir='ltr'>sentio.</span> <span class='ocrx_word' id='word_1_248' title='bbox 605 1964 738 2018; x_wconf 89' lang='lat' dir='ltr'>Nam,</span> <span class='ocrx_word' id='word_1_249' title='bbox 793 1964 877 2005; x_wconf 85' lang='lat' dir='ltr'>nisi</span> <span class='ocrx_word' id='word_1_250' title='bbox 925 1966 1159 2007; x_wconf 88' lang='lat' dir='ltr'>multorum</span> <span class='ocrx_word' id='word_1_251' title='bbox 1208 1966 1448 2021; x_wconf 85' lang='lat' dir='ltr'>praeceptis</span> 
     </span>
     <span class='ocr_line' id='line_1_33' title="bbox 109 2023 1449 2077; baseline 0.001 -14"><span class='ocrx_word' id='word_1_252' title='bbox 109 2023 339 2077; x_wconf 85' lang='lat' dir='ltr'>multisque</span> <span class='ocrx_word' id='word_1_253' title='bbox 371 2023 528 2064; x_wconf 87' lang='lat' dir='ltr'>litteris</span> <span class='ocrx_word' id='word_1_254' title='bbox 555 2023 662 2064; x_wconf 85' lang='lat' dir='ltr'>mihi</span> <span class='ocrx_word' id='word_1_255' title='bbox 688 2023 741 2064; x_wconf 91' lang='lat' dir='ltr'>ab</span> <span class='ocrx_word' id='word_1_256' title='bbox 769 2023 1058 2066; x_wconf 83' lang='lat' dir='ltr'>adulescentia</span> <span class='ocrx_word' id='word_1_257' title='bbox 1083 2025 1315 2066; x_wconf 85' lang='lat' dir='ltr'>suasissem</span> <span class='ocrx_word' id='word_1_258' title='bbox 1339 2024 1449 2064; x_wconf 86' lang='lat' dir='ltr'>nihil</span> 
     </span>
     <span class='ocr_line' id='line_1_34' title="bbox 110 2081 1449 2137; baseline 0.001 -16"><span class='ocrx_word' id='word_1_259' title='bbox 110 2094 201 2122; x_wconf 86' lang='lat' dir='ltr'>esse</span> <span class='ocrx_word' id='word_1_260' title='bbox 226 2082 271 2122; x_wconf 89' lang='lat' dir='ltr'>in</span> <span class='ocrx_word' id='word_1_261' title='bbox 290 2081 378 2122; x_wconf 81' lang='lat' dir='ltr'>vita</span> <span class='ocrx_word' id='word_1_262' title='bbox 397 2095 554 2137; x_wconf 81' lang='lat' dir='ltr'>magno</span> <span class='ocrx_word' id='word_1_263' title='bbox 577 2095 702 2136; x_wconf 89' lang='lat' dir='ltr'>opere</span> <span class='ocrx_word' id='word_1_264' title='bbox 724 2083 1008 2135; x_wconf 84' lang='lat' dir='ltr'>expetendum</span> <span class='ocrx_word' id='word_1_265' title='bbox 1026 2083 1111 2124; x_wconf 88' lang='lat' dir='ltr'>nisi</span> <span class='ocrx_word' id='word_1_266' title='bbox 1130 2083 1300 2124; x_wconf 88' lang='lat' dir='ltr'>laudem</span> <span class='ocrx_word' id='word_1_267' title='bbox 1321 2086 1449 2136; x_wconf 86' lang='lat' dir='ltr'>atque</span> 
     </span>
     <span class='ocr_line' id='line_1_35' title="bbox 109 2138 1448 2195; baseline 0.001 -16"><span class='ocrx_word' id='word_1_268' title='bbox 109 2138 393 2192; x_wconf 87' lang='lat' dir='ltr'>honestatem,</span> <span class='ocrx_word' id='word_1_269' title='bbox 423 2140 469 2180; x_wconf 86' lang='lat' dir='ltr'>in</span> <span class='ocrx_word' id='word_1_270' title='bbox 499 2154 548 2181; x_wconf 89' lang='grc'>03</span> <span class='ocrx_word' id='word_1_271' title='bbox 575 2142 717 2181; x_wconf 87' lang='grc'>3310111</span> <span class='ocrx_word' id='word_1_272' title='bbox 742 2141 1035 2195; x_wconf 88' lang='lat' dir='ltr'>persequenda</span> <span class='ocrx_word' id='word_1_273' title='bbox 1062 2156 1208 2183; x_wconf 90' lang='lat' dir='ltr'>omnes</span> <span class='ocrx_word' id='word_1_274' title='bbox 1236 2141 1448 2182; x_wconf 89' lang='lat' dir='ltr'>cruciatus</span> 
     </span>
     <span class='ocr_line' id='line_1_36' title="bbox 56 2197 1449 2254; baseline 0.001 -17"><span class='ocrx_word' id='word_1_275' title='bbox 56 2207 90 2233; x_wconf 82' lang='lat'>35</span> <span class='ocrx_word' id='word_1_276' title='bbox 111 2197 312 2251; x_wconf 80' lang='lat' dir='ltr'>corporiS,</span> <span class='ocrx_word' id='word_1_277' title='bbox 344 2198 488 2239; x_wconf 88' lang='lat' dir='ltr'>omnia</span> <span class='ocrx_word' id='word_1_278' title='bbox 516 2198 707 2252; x_wconf 87' lang='lat' dir='ltr'>pericula</span> <span class='ocrx_word' id='word_1_279' title='bbox 732 2199 883 2240; x_wconf 89' lang='lat' dir='ltr'>mortis</span> <span class='ocrx_word' id='word_1_280' title='bbox 911 2202 1039 2254; x_wconf 89' lang='lat' dir='ltr'>atque</span> <span class='ocrx_word' id='word_1_281' title='bbox 1066 2200 1182 2241; x_wconf 81' lang='lat' dir='ltr'>exilii</span> <span class='ocrx_word' id='word_1_282' title='bbox 1206 2199 1332 2254; x_wconf 77' lang='lat' dir='ltr'>parvi</span> <span class='ocrx_word' id='word_1_283' title='bbox 1357 2213 1449 2240; x_wconf 91' lang='lat' dir='ltr'>esse</span> 
     </span>
     <span class='ocr_line' id='line_1_37' title="bbox 110 2255 1450 2312; baseline 0.002 -17"><span class='ocrx_word' id='word_1_284' title='bbox 110 2255 316 2305; x_wconf 88' lang='lat' dir='ltr'>ducenda,</span> <span class='ocrx_word' id='word_1_285' title='bbox 352 2270 585 2310; x_wconf 89' lang='lat' dir='ltr'>numquam</span> <span class='ocrx_word' id='word_1_286' title='bbox 623 2271 690 2297; x_wconf 88' lang='lat' dir='ltr'>me</span> <span class='ocrx_word' id='word_1_287' title='bbox 730 2272 808 2312; x_wconf 89' lang='lat' dir='ltr'>pro</span> <span class='ocrx_word' id='word_1_288' title='bbox 852 2258 990 2300; x_wconf 91' lang='lat' dir='ltr'>salute</span> <span class='ocrx_word' id='word_1_289' title='bbox 1026 2261 1171 2299; x_wconf 86' lang='lat' dir='ltr'>vestra</span> <span class='ocrx_word' id='word_1_290' title='bbox 1210 2258 1257 2298; x_wconf 91' lang='lat' dir='ltr'>in</span> <span class='ocrx_word' id='word_1_291' title='bbox 1292 2259 1360 2298; x_wconf 86' lang='lat' dir='ltr'>tot</span> <span class='ocrx_word' id='word_1_292' title='bbox 1402 2271 1450 2298; x_wconf 87' lang='lat' dir='ltr'>ac</span> 
     </span>
     <span class='ocr_line' id='line_1_38' title="bbox 109 2314 1450 2372; baseline 0.003 -19"><span class='ocrx_word' id='word_1_293' title='bbox 109 2316 254 2354; x_wconf 88' lang='lat' dir='ltr'>tantas</span> <span class='ocrx_word' id='word_1_294' title='bbox 287 2314 581 2357; x_wconf 87' lang='lat' dir='ltr'>dimicationes</span> <span class='ocrx_word' id='word_1_295' title='bbox 615 2317 742 2369; x_wconf 90' lang='lat' dir='ltr'>atque</span> <span class='ocrx_word' id='word_1_296' title='bbox 773 2315 819 2356; x_wconf 92' lang='lat' dir='ltr'>in</span> <span class='ocrx_word' id='word_1_297' title='bbox 850 2315 929 2358; x_wconf 89' lang='lat' dir='ltr'>hos</span> <span class='ocrx_word' id='word_1_298' title='bbox 961 2317 1290 2372; x_wconf 85' lang='lat' dir='ltr'>profligatorum</span> <span class='ocrx_word' id='word_1_299' title='bbox 1314 2315 1450 2357; x_wconf 88' lang='lat' dir='ltr'>homi-</span> 
     </span>
    </p>
   </div>
   <div class='ocr_carea' id='block_1_3' title="bbox 1478 207 1504 248">
    <p class='ocr_par' dir='ltr' id='par_1_3' title="bbox 1478 207 1504 248">
     <span class='ocr_line' id='line_1_39' title="bbox 1478 207 1504 248; baseline 0 0"><span class='ocrx_word' id='word_1_300' title='bbox 1478 207 1504 248; x_wconf 81' lang='lat'>6</span> 
     </span>
    </p>
   </div>
   <div class='ocr_carea' id='block_1_4' title="bbox 1478 396 1520 426">
    <p class='ocr_par' dir='ltr' id='par_1_4' title="bbox 1478 396 1520 426">
     <span class='ocr_line' id='line_1_40' title="bbox 1478 396 1520 426; baseline 0.024 -1"><span class='ocrx_word' id='word_1_301' title='bbox 1478 396 1520 426; x_wconf 75' lang='lat'>12</span> 
     </span>
    </p>
   </div>
   <div class='ocr_carea' id='block_1_5' title="bbox 1479 1218 1521 1248">
    <p class='ocr_par' dir='ltr' id='par_1_5' title="bbox 1479 1218 1521 1248">
     <span class='ocr_line' id='line_1_41' title="bbox 1479 1218 1521 1248; baseline 0 0"><span class='ocrx_word' id='word_1_302' title='bbox 1479 1218 1521 1248; x_wconf 85' lang='lat'>13</span> 
     </span>
    </p>
   </div>
   <div class='ocr_carea' id='block_1_6' title="bbox 1478 1978 1520 2009">
    <p class='ocr_par' dir='ltr' id='par_1_6' title="bbox 1478 1978 1520 2009">
     <span class='ocr_line' id='line_1_42' title="bbox 1478 1978 1520 2009; baseline 0.024 -1"><span class='ocrx_word' id='word_1_303' title='bbox 1478 1978 1520 2009; x_wconf 78' lang='lat'>14</span> 
     </span>
    </p>
   </div>
  </div>
 </body>
</html>
