<?xml version="1.0" encoding="UTF-8"?>
<!DOCTYPE html PUBLIC "-//W3C//DTD XHTML 1.0 Transitional//EN"
    "http://www.w3.org/TR/xhtml1/DTD/xhtml1-transitional.dtd">
<html xmlns="http://www.w3.org/1999/xhtml" xml:lang="en" lang="en">
 <head>
  <title>
</title>
<meta http-equiv="Content-Type" content="text/html;charset=utf-8" />
  <meta name='ocr-system' content='tesseract 3.04.00' />
  <meta name='ocr-capabilities' content='ocr_page ocr_carea ocr_par ocr_line ocrx_word'/>
</head>
<body>
  <div class='ocr_page' id='page_1' title='image "./p2scriptaquaemanse02ciceuoft_0499.png"; bbox 0 0 1687 2533; ppageno 0'>
   <div class='ocr_carea' id='block_1_1' title="bbox 69 736 103 760">
    <p class='ocr_par' dir='ltr' id='par_1_1' title="bbox 69 736 103 760">
     <span class='ocr_line' id='line_1_1' title="bbox 69 736 103 760; baseline 0 0"><span class='ocrx_word' id='word_1_1' title='bbox 69 736 103 760; x_wconf 90' lang='lat'>10</span> 
     </span>
    </p>
   </div>
   <div class='ocr_carea' id='block_1_2' title="bbox 69 1028 103 1054">
    <p class='ocr_par' dir='ltr' id='par_1_2' title="bbox 69 1028 103 1054">
     <span class='ocr_line' id='line_1_2' title="bbox 69 1028 103 1054; baseline 0 0"><span class='ocrx_word' id='word_1_2' title='bbox 69 1028 103 1054; x_wconf 88' lang='lat'>15</span> 
     </span>
    </p>
   </div>
   <div class='ocr_carea' id='block_1_3' title="bbox 69 1322 104 1348">
    <p class='ocr_par' dir='ltr' id='par_1_3' title="bbox 69 1322 104 1348">
     <span class='ocr_line' id='line_1_3' title="bbox 69 1322 104 1348; baseline -0.029 0"><span class='ocrx_word' id='word_1_3' title='bbox 69 1322 104 1348; x_wconf 81' lang='lat'>20</span> 
     </span>
    </p>
   </div>
   <div class='ocr_carea' id='block_1_4' title="bbox 70 1614 104 1641">
    <p class='ocr_par' dir='ltr' id='par_1_4' title="bbox 70 1614 104 1641">
     <span class='ocr_line' id='line_1_4' title="bbox 70 1614 104 1641; baseline -0.029 0"><span class='ocrx_word' id='word_1_4' title='bbox 70 1614 104 1641; x_wconf 79' lang='lat'>25</span> 
     </span>
    </p>
   </div>
   <div class='ocr_carea' id='block_1_5' title="bbox 521 97 1463 142">
    <p class='ocr_par' dir='ltr' id='par_1_5' title="bbox 521 97 1463 142">
     <span class='ocr_line' id='line_1_5' title="bbox 521 97 1463 142; baseline 0.001 -11"><span class='ocrx_word' id='word_1_5' title='bbox 521 97 623 132; x_wconf 82' lang='lat' dir='ltr'>CAP.</span> <span class='ocrx_word' id='word_1_6' title='bbox 651 102 742 133; x_wconf 83' lang='lat'>6—-8</span> <span class='ocrx_word' id='word_1_7' title='bbox 769 102 788 140; x_wconf 60' lang='grc' dir='ltr'>ξ</span> <span class='ocrx_word' id='word_1_8' title='bbox 816 101 892 133; x_wconf 83' lang='lat'>18-</span> <span class='ocrx_word' id='word_1_9' title='bbox 911 101 963 133; x_wconf 72' lang='lat'>24.</span> <span class='ocrx_word' id='word_1_10' title='bbox 1375 101 1463 142; x_wconf 75' lang='lat'>347</span> 
     </span>
    </p>
   </div>
   <div class='ocr_carea' id='block_1_6' title="bbox 119 194 1463 251">
    <p class='ocr_par' dir='ltr' id='par_1_6' title="bbox 119 194 1463 251">
     <span class='ocr_line' id='line_1_6' title="bbox 119 194 1463 251; baseline 0.002 -15"><span class='ocrx_word' id='word_1_11' title='bbox 119 197 265 249; x_wconf 88' lang='lat' dir='ltr'>sperat</span> <span class='ocrx_word' id='word_1_12' title='bbox 296 209 340 236; x_wconf 88' lang='lat' dir='ltr'>se</span> <span class='ocrx_word' id='word_1_13' title='bbox 373 195 621 236; x_wconf 85' lang='lat' dir='ltr'>absolutum</span> <span class='ocrx_word' id='word_1_14' title='bbox 652 194 734 236; x_wconf 68' lang='lat' dir='ltr'>iri?</span> <span class='ocrx_word' id='word_1_15' title='bbox 780 194 863 236; x_wconf 84' lang='lat' dir='ltr'>Hic</span> <span class='ocrx_word' id='word_1_16' title='bbox 894 195 975 236; x_wconf 88' lang='lat' dir='ltr'>tibi</span> <span class='ocrx_word' id='word_1_17' title='bbox 1008 209 1088 251; x_wconf 81' lang='lat' dir='ltr'>ego</span> <span class='ocrx_word' id='word_1_18' title='bbox 1121 196 1171 237; x_wconf 92' lang='lat' dir='ltr'>de</span> <span class='ocrx_word' id='word_1_19' title='bbox 1203 197 1463 239; x_wconf 72' lang='lat' dir='ltr'><strong>testimoniis</strong></span> 
     </span>
    </p>
   </div>
   <div class='ocr_carea' id='block_1_7' title="bbox 119 253 1534 1892">
    <p class='ocr_par' dir='ltr' id='par_1_7' title="bbox 119 253 1534 1892">
     <span class='ocr_line' id='line_1_7' title="bbox 119 253 1464 309; baseline 0.003 -15"><span class='ocrx_word' id='word_1_20' title='bbox 119 253 226 295; x_wconf 86' lang='lat' dir='ltr'>meis</span> <span class='ocrx_word' id='word_1_21' title='bbox 257 253 338 295; x_wconf 91' lang='lat' dir='ltr'>hoc</span> <span class='ocrx_word' id='word_1_22' title='bbox 370 253 626 308; x_wconf 76' lang='lat' dir='ltr'>respondeo,</span> <span class='ocrx_word' id='word_1_23' title='bbox 659 253 695 294; x_wconf 85' lang='lat' dir='ltr'>si</span> <span class='ocrx_word' id='word_1_24' title='bbox 726 253 885 295; x_wconf 86' lang='lat' dir='ltr'>falsum</span> <span class='ocrx_word' id='word_1_25' title='bbox 917 254 1109 309; x_wconf 88' lang='lat' dir='ltr'>dixerim,</span> <span class='ocrx_word' id='word_1_26' title='bbox 1140 258 1184 297; x_wconf 89' lang='lat' dir='ltr'>te</span> <span class='ocrx_word' id='word_1_27' title='bbox 1215 255 1259 296; x_wconf 89' lang='lat' dir='ltr'>in</span> <span class='ocrx_word' id='word_1_28' title='bbox 1292 257 1464 298; x_wconf 84' lang='lat' dir='ltr'>eosdem</span> 
     </span>
     <span class='ocr_line' id='line_1_8' title="bbox 121 312 1463 369; baseline 0.002 -16"><span class='ocrx_word' id='word_1_29' title='bbox 121 312 294 367; x_wconf 67' lang='lat' dir='ltr'>dixisse,</span> <span class='ocrx_word' id='word_1_30' title='bbox 328 312 394 353; x_wconf 86' lang='lat' dir='ltr'>sin</span> <span class='ocrx_word' id='word_1_31' title='bbox 425 327 584 366; x_wconf 86' lang='lat' dir='ltr'>verum,</span> <span class='ocrx_word' id='word_1_32' title='bbox 616 326 702 353; x_wconf 90' lang='lat' dir='ltr'>non</span> <span class='ocrx_word' id='word_1_33' title='bbox 733 327 826 353; x_wconf 88' lang='lat' dir='ltr'>esse</span> <span class='ocrx_word' id='word_1_34' title='bbox 856 312 937 354; x_wconf 88' lang='lat' dir='ltr'>hoc</span> <span class='ocrx_word' id='word_1_35' title='bbox 968 327 1160 369; x_wconf 81' lang='lat' dir='ltr'>regnare,</span> <span class='ocrx_word' id='word_1_36' title='bbox 1193 329 1289 356; x_wconf 90' lang='lat' dir='ltr'>cum</span> <span class='ocrx_word' id='word_1_37' title='bbox 1315 330 1463 356; x_wconf 83' lang='lat' dir='ltr'>verum</span> 
     </span>
     <span class='ocr_line' id='line_1_9' title="bbox 119 370 1533 431; baseline 0.002 -18"><span class='ocrx_word' id='word_1_38' title='bbox 119 372 286 413; x_wconf 79' lang='lat' dir='ltr'>iuratus</span> <span class='ocrx_word' id='word_1_39' title='bbox 325 371 459 425; x_wconf 84' lang='lat' dir='ltr'>dicas,</span> <span class='ocrx_word' id='word_1_40' title='bbox 498 371 691 425; x_wconf 84' lang='lat' dir='ltr'>probare.</span> <span class='ocrx_word' id='word_1_41' title='bbox 753 370 816 412; x_wconf 89' lang='lat' dir='ltr'>De</span> <span class='ocrx_word' id='word_1_42' title='bbox 854 371 980 412; x_wconf 83' lang='lat' dir='ltr'>huius</span> <span class='ocrx_word' id='word_1_43' title='bbox 1020 386 1094 427; x_wconf 89' lang='lat' dir='ltr'>spe</span> <span class='ocrx_word' id='word_1_44' title='bbox 1131 375 1301 414; x_wconf 86' lang='lat' dir='ltr'>tantum</span> <span class='ocrx_word' id='word_1_45' title='bbox 1335 372 1533 431; x_wconf 68' lang='lat' dir='ltr'>dico,(‘2‘2)</span> 
     </span>
     <span class='ocr_line' id='line_1_10' title="bbox 122 428 1464 487; baseline 0.001 -16"><span class='ocrx_word' id='word_1_46' title='bbox 122 431 263 471; x_wconf 89' lang='lat' dir='ltr'>nullas</span> <span class='ocrx_word' id='word_1_47' title='bbox 297 444 322 471; x_wconf 90' lang='lat' dir='ltr'>a</span> <span class='ocrx_word' id='word_1_48' title='bbox 352 444 420 471; x_wconf 91' lang='lat' dir='ltr'>me</span> <span class='ocrx_word' id='word_1_49' title='bbox 453 444 555 485; x_wconf 89' lang='lat' dir='ltr'>opes</span> <span class='ocrx_word' id='word_1_50' title='bbox 588 428 634 471; x_wconf 90' lang='lat' dir='ltr'>P.</span> <span class='ocrx_word' id='word_1_51' title='bbox 668 428 846 483; x_wconf 80' lang='lat' dir='ltr'>Sullam,</span> <span class='ocrx_word' id='word_1_52' title='bbox 876 431 1041 472; x_wconf 83' lang='lat' dir='ltr'>nullam</span> <span class='ocrx_word' id='word_1_53' title='bbox 1073 432 1325 487; x_wconf 82' lang='lat' dir='ltr'>potentiam,</span> <span class='ocrx_word' id='word_1_54' title='bbox 1356 432 1464 473; x_wconf 86' lang='lat' dir='ltr'>nihil</span> 
     </span>
     <span class='ocr_line' id='line_1_11' title="bbox 122 488 1534 544; baseline 0.001 -14"><span class='ocrx_word' id='word_1_55' title='bbox 122 489 302 543; x_wconf 88' lang='lat' dir='ltr'>denique</span> <span class='ocrx_word' id='word_1_56' title='bbox 347 491 519 543; x_wconf 87' lang='lat' dir='ltr'>praeter</span> <span class='ocrx_word' id='word_1_57' title='bbox 561 488 689 529; x_wconf 91' lang='lat' dir='ltr'>fidem</span> <span class='ocrx_word' id='word_1_58' title='bbox 735 488 995 530; x_wconf 87' lang='lat' dir='ltr'>defensionis</span> <span class='ocrx_word' id='word_1_59' title='bbox 1040 493 1276 544; x_wconf 83' lang='lat' dir='ltr'>expectare.</span> <span class='ocrx_word' id='word_1_60' title='bbox 1352 491 1465 532; x_wconf 69' lang='lat' dir='ltr'>‘Nisi</span> <span class='ocrx_word' id='word_1_61' title='bbox 1490 503 1534 533; x_wconf 64' lang='lat'>‘22</span> 
     </span>
     <span class='ocr_line' id='line_1_12' title="bbox 120 547 1466 603; baseline 0.001 -14"><span class='ocrx_word' id='word_1_62' title='bbox 120 547 196 602; x_wconf 87' lang='lat' dir='ltr'>tu&#39;,</span> <span class='ocrx_word' id='word_1_63' title='bbox 233 548 392 602; x_wconf 88' lang='lat' dir='ltr'>inquit,</span> <span class='ocrx_word' id='word_1_64' title='bbox 432 547 619 589; x_wconf 76' lang='lat' dir='ltr'>‘causam</span> <span class='ocrx_word' id='word_1_65' title='bbox 650 548 901 602; x_wconf 78' lang='lat' dir='ltr'>recepisses,</span> <span class='ocrx_word' id='word_1_66' title='bbox 938 562 1174 603; x_wconf 82' lang='lat' dir='ltr'>numquam</span> <span class='ocrx_word' id='word_1_67' title='bbox 1205 549 1312 590; x_wconf 87' lang='lat' dir='ltr'>mihi</span> <span class='ocrx_word' id='word_1_68' title='bbox 1344 550 1466 591; x_wconf 87' lang='lat' dir='ltr'>resti-</span> 
     </span>
     <span class='ocr_line' id='line_1_13' title="bbox 120 605 1466 661; baseline 0.002 -14"><span class='ocrx_word' id='word_1_69' title='bbox 120 606 259 661; x_wconf 85' lang='lat' dir='ltr'>tisset,</span> <span class='ocrx_word' id='word_1_70' title='bbox 292 606 365 647; x_wconf 88' lang='lat' dir='ltr'>sed</span> <span class='ocrx_word' id='word_1_71' title='bbox 396 606 558 647; x_wconf 88' lang='lat' dir='ltr'>indicta</span> <span class='ocrx_word' id='word_1_72' title='bbox 589 620 718 647; x_wconf 88' lang='lat' dir='ltr'>causa</span> <span class='ocrx_word' id='word_1_73' title='bbox 748 605 1038 661; x_wconf 68' lang='lat' dir='ltr'>profugisset.³</span> <span class='ocrx_word' id='word_1_74' title='bbox 1083 606 1128 648; x_wconf 80' lang='lat' dir='ltr'>Si</span> <span class='ocrx_word' id='word_1_75' title='bbox 1159 608 1246 649; x_wconf 86' lang='lat' dir='ltr'>iam</span> <span class='ocrx_word' id='word_1_76' title='bbox 1278 608 1359 650; x_wconf 89' lang='lat' dir='ltr'>tibi</span> <span class='ocrx_word' id='word_1_77' title='bbox 1383 609 1466 651; x_wconf 82' lang='lat' dir='ltr'>hoc</span> 
     </span>
     <span class='ocr_line' id='line_1_14' title="bbox 122 664 1466 721; baseline 0.001 -14"><span class='ocrx_word' id='word_1_78' title='bbox 122 665 369 718; x_wconf 81' lang='lat' dir='ltr'>concedam,</span> <span class='ocrx_word' id='word_1_79' title='bbox 409 664 455 713; x_wconf 82' lang='lat' dir='ltr'>Q.</span> <span class='ocrx_word' id='word_1_80' title='bbox 487 664 786 719; x_wconf 72' lang='lat' dir='ltr'>Hortensium,</span> <span class='ocrx_word' id='word_1_81' title='bbox 824 668 946 706; x_wconf 84' lang='lat' dir='ltr'>tanta</span> <span class='ocrx_word' id='word_1_82' title='bbox 985 666 1199 720; x_wconf 82' lang='lat' dir='ltr'>gravitate</span> <span class='ocrx_word' id='word_1_83' title='bbox 1235 667 1466 721; x_wconf 87' lang='lat' dir='ltr'>hominem,</span> 
     </span>
     <span class='ocr_line' id='line_1_15' title="bbox 124 724 1465 780; baseline 0.001 -15"><span class='ocrx_word' id='word_1_84' title='bbox 124 725 172 778; x_wconf 89' lang='lat' dir='ltr'>si,</span> <span class='ocrx_word' id='word_1_85' title='bbox 202 724 282 766; x_wconf 87' lang='lat' dir='ltr'>hos</span> <span class='ocrx_word' id='word_1_86' title='bbox 314 724 425 765; x_wconf 84' lang='lat' dir='ltr'>tales</span> <span class='ocrx_word' id='word_1_87' title='bbox 456 724 571 765; x_wconf 84' lang='lat' dir='ltr'>viros</span> <span class='ocrx_word' id='word_1_88' title='bbox 603 738 691 765; x_wconf 87' lang='lat' dir='ltr'>non</span> <span class='ocrx_word' id='word_1_89' title='bbox 721 738 798 765; x_wconf 90' lang='lat' dir='ltr'>suo</span> <span class='ocrx_word' id='word_1_90' title='bbox 831 726 946 765; x_wconf 87' lang='lat' dir='ltr'>stare</span> <span class='ocrx_word' id='word_1_91' title='bbox 978 725 1147 779; x_wconf 88' lang='lat' dir='ltr'>iudicio,</span> <span class='ocrx_word' id='word_1_92' title='bbox 1178 725 1252 766; x_wconf 85' lang='lat' dir='ltr'>sed</span> <span class='ocrx_word' id='word_1_93' title='bbox 1282 740 1396 780; x_wconf 80' lang='lat' dir='ltr'>meo3</span> <span class='ocrx_word' id='word_1_94' title='bbox 1428 726 1465 767; x_wconf 85' lang='lat' dir='ltr'>si</span> 
     </span>
     <span class='ocr_line' id='line_1_16' title="bbox 122 782 1466 839; baseline 0.001 -15"><span class='ocrx_word' id='word_1_95' title='bbox 122 783 203 824; x_wconf 89' lang='lat' dir='ltr'>hoc</span> <span class='ocrx_word' id='word_1_96' title='bbox 239 783 322 824; x_wconf 85' lang='lat' dir='ltr'>tibi</span> <span class='ocrx_word' id='word_1_97' title='bbox 359 783 472 837; x_wconf 90' lang='lat' dir='ltr'>dem,</span> <span class='ocrx_word' id='word_1_98' title='bbox 511 782 624 837; x_wconf 90' lang='lat' dir='ltr'>quod</span> <span class='ocrx_word' id='word_1_99' title='bbox 662 782 776 824; x_wconf 88' lang='lat' dir='ltr'>credi</span> <span class='ocrx_word' id='word_1_100' title='bbox 813 797 901 824; x_wconf 90' lang='lat' dir='ltr'>non</span> <span class='ocrx_word' id='word_1_101' title='bbox 938 786 1101 837; x_wconf 89' lang='lat' dir='ltr'>potest,</span> <span class='ocrx_word' id='word_1_102' title='bbox 1138 784 1223 825; x_wconf 89' lang='lat' dir='ltr'>nisi</span> <span class='ocrx_word' id='word_1_103' title='bbox 1255 799 1334 839; x_wconf 77' lang='lat' dir='ltr'>ego</span> <span class='ocrx_word' id='word_1_104' title='bbox 1367 785 1466 826; x_wconf 88' lang='lat' dir='ltr'>huic</span> 
     </span>
     <span class='ocr_line' id='line_1_17' title="bbox 123 841 1466 895; baseline 0.001 -13"><span class='ocrx_word' id='word_1_105' title='bbox 123 842 334 895; x_wconf 84' lang='lat' dir='ltr'>adessem,</span> <span class='ocrx_word' id='word_1_106' title='bbox 370 841 450 883; x_wconf 89' lang='lat' dir='ltr'>hos</span> <span class='ocrx_word' id='word_1_107' title='bbox 490 841 713 883; x_wconf 86' lang='lat' dir='ltr'>adfuturos</span> <span class='ocrx_word' id='word_1_108' title='bbox 749 855 836 883; x_wconf 90' lang='lat' dir='ltr'>non</span> <span class='ocrx_word' id='word_1_109' title='bbox 872 841 1022 895; x_wconf 85' lang='lat' dir='ltr'>fuisse,</span> <span class='ocrx_word' id='word_1_110' title='bbox 1058 845 1154 884; x_wconf 83' lang='lat' dir='ltr'>uter</span> <span class='ocrx_word' id='word_1_111' title='bbox 1186 843 1360 884; x_wconf 88' lang='lat' dir='ltr'>tandem</span> <span class='ocrx_word' id='word_1_112' title='bbox 1391 858 1466 885; x_wconf 83' lang='lat' dir='ltr'>rex</span> 
     </span>
     <span class='ocr_line' id='line_1_18' title="bbox 122 900 1465 956; baseline 0.001 -15"><span class='ocrx_word' id='word_1_113' title='bbox 122 903 200 953; x_wconf 89' lang='lat' dir='ltr'>est,</span> <span class='ocrx_word' id='word_1_114' title='bbox 231 900 336 954; x_wconf 87' lang='lat' dir='ltr'>isne,</span> <span class='ocrx_word' id='word_1_115' title='bbox 367 900 435 942; x_wconf 92' lang='lat' dir='ltr'>cui</span> <span class='ocrx_word' id='word_1_116' title='bbox 465 900 714 942; x_wconf 81' lang='lat' dir='ltr'>innocentes</span> <span class='ocrx_word' id='word_1_117' title='bbox 745 900 940 942; x_wconf 85' lang='lat' dir='ltr'>homines</span> <span class='ocrx_word' id='word_1_118' title='bbox 971 915 1059 942; x_wconf 91' lang='lat' dir='ltr'>non</span> <span class='ocrx_word' id='word_1_119' title='bbox 1083 901 1303 955; x_wconf 72' lang='lat' dir='ltr'>resistunt,</span> <span class='ocrx_word' id='word_1_120' title='bbox 1336 916 1390 943; x_wconf 89' lang='lat' dir='ltr'>an</span> <span class='ocrx_word' id='word_1_121' title='bbox 1415 902 1465 956; x_wconf 89' lang='lat' dir='ltr'>is,</span> 
     </span>
     <span class='ocr_line' id='line_1_19' title="bbox 123 958 1463 1015; baseline 0.001 -15"><span class='ocrx_word' id='word_1_122' title='bbox 123 959 197 1013; x_wconf 89' lang='lat' dir='ltr'>qui</span> <span class='ocrx_word' id='word_1_123' title='bbox 228 959 503 1001; x_wconf 85' lang='lat' dir='ltr'>calamitosos</span> <span class='ocrx_word' id='word_1_124' title='bbox 534 973 622 1000; x_wconf 92' lang='lat' dir='ltr'>non</span> <span class='ocrx_word' id='word_1_125' title='bbox 654 959 839 1000; x_wconf 79' lang='lat' dir='ltr'>deserit?</span> <span class='ocrx_word' id='word_1_126' title='bbox 901 958 963 1001; x_wconf 89' lang='lat' dir='ltr'>At</span> <span class='ocrx_word' id='word_1_127' title='bbox 994 959 1064 1001; x_wconf 87' lang='lat' dir='ltr'>hic</span> <span class='ocrx_word' id='word_1_128' title='bbox 1095 960 1244 1014; x_wconf 86' lang='lat' dir='ltr'>etiam,</span> <span class='ocrx_word' id='word_1_129' title='bbox 1275 961 1319 1001; x_wconf 87' lang='lat' dir='ltr'>id</span> <span class='ocrx_word' id='word_1_130' title='bbox 1352 961 1463 1015; x_wconf 87' lang='lat' dir='ltr'>quod</span> 
     </span>
     <span class='ocr_line' id='line_1_20' title="bbox 123 1017 1464 1073; baseline 0.001 -14"><span class='ocrx_word' id='word_1_131' title='bbox 123 1018 204 1059; x_wconf 89' lang='lat' dir='ltr'>tibi</span> <span class='ocrx_word' id='word_1_132' title='bbox 240 1032 410 1059; x_wconf 85' lang='lat' dir='ltr'>necesse</span> <span class='ocrx_word' id='word_1_133' title='bbox 443 1018 619 1059; x_wconf 89' lang='lat' dir='ltr'>minime</span> <span class='ocrx_word' id='word_1_134' title='bbox 662 1017 763 1072; x_wconf 85' lang='lat' dir='ltr'>fuit,</span> <span class='ocrx_word' id='word_1_135' title='bbox 807 1018 970 1060; x_wconf 83' lang='lat' dir='ltr'>facetus</span> <span class='ocrx_word' id='word_1_136' title='bbox 1010 1033 1101 1060; x_wconf 87' lang='lat' dir='ltr'>esse</span> <span class='ocrx_word' id='word_1_137' title='bbox 1139 1020 1331 1073; x_wconf 85' lang='lat' dir='ltr'>voluisti,</span> <span class='ocrx_word' id='word_1_138' title='bbox 1370 1034 1464 1061; x_wconf 88' lang='lat' dir='ltr'>cum</span> 
     </span>
     <span class='ocr_line' id='line_1_21' title="bbox 122 1076 1464 1133; baseline 0 -15"><span class='ocrx_word' id='word_1_139' title='bbox 122 1076 402 1131; x_wconf 83' lang='lat' dir='ltr'>Tarquinium</span> <span class='ocrx_word' id='word_1_140' title='bbox 453 1079 495 1118; x_wconf 88' lang='lat' dir='ltr'>et</span> <span class='ocrx_word' id='word_1_141' title='bbox 539 1076 727 1118; x_wconf 87' lang='lat' dir='ltr'>Numam</span> <span class='ocrx_word' id='word_1_142' title='bbox 772 1079 815 1118; x_wconf 89' lang='lat' dir='ltr'>et</span> <span class='ocrx_word' id='word_1_143' title='bbox 858 1091 926 1118; x_wconf 91' lang='lat' dir='ltr'>me</span> <span class='ocrx_word' id='word_1_144' title='bbox 970 1078 1161 1119; x_wconf 82' lang='lat' dir='ltr'>tertium&#39;</span> <span class='ocrx_word' id='word_1_145' title='bbox 1189 1078 1464 1133; x_wconf 78' lang='lat' dir='ltr'>peregrinum</span> 
     </span>
     <span class='ocr_line' id='line_1_22' title="bbox 121 1134 1464 1191; baseline 0.001 -15"><span class='ocrx_word' id='word_1_146' title='bbox 121 1149 266 1190; x_wconf 82' lang='lat' dir='ltr'>regem</span> <span class='ocrx_word' id='word_1_147' title='bbox 315 1150 408 1177; x_wconf 85' lang='lat' dir='ltr'>esse</span> <span class='ocrx_word' id='word_1_148' title='bbox 458 1135 615 1176; x_wconf 77' lang='lat' dir='ltr'>dixisti.</span> <span class='ocrx_word' id='word_1_149' title='bbox 687 1134 817 1177; x_wconf 89' lang='lat' dir='ltr'>Mitto</span> <span class='ocrx_word' id='word_1_150' title='bbox 864 1135 950 1177; x_wconf 85' lang='lat' dir='ltr'>iam</span> <span class='ocrx_word' id='word_1_151' title='bbox 1001 1136 1050 1176; x_wconf 90' lang='lat' dir='ltr'>de</span> <span class='ocrx_word' id='word_1_152' title='bbox 1094 1150 1195 1191; x_wconf 85' lang='lat' dir='ltr'>rege</span> <span class='ocrx_word' id='word_1_153' title='bbox 1240 1151 1464 1190; x_wconf 69' lang='lat' dir='ltr'>quaerere,</span> 
     </span>
     <span class='ocr_line' id='line_1_23' title="bbox 121 1193 1464 1249; baseline 0.001 -14"><span class='ocrx_word' id='word_1_154' title='bbox 121 1195 227 1236; x_wconf 88' lang='lat' dir='ltr'>illud</span> <span class='ocrx_word' id='word_1_155' title='bbox 267 1208 443 1248; x_wconf 83' lang='lat' dir='ltr'>quaero,</span> <span class='ocrx_word' id='word_1_156' title='bbox 480 1193 754 1249; x_wconf 81' lang='lat' dir='ltr'>peregrinum</span> <span class='ocrx_word' id='word_1_157' title='bbox 792 1208 866 1235; x_wconf 89' lang='lat' dir='ltr'>cur</span> <span class='ocrx_word' id='word_1_158' title='bbox 897 1209 964 1235; x_wconf 89' lang='lat' dir='ltr'>me</span> <span class='ocrx_word' id='word_1_159' title='bbox 997 1208 1089 1235; x_wconf 88' lang='lat' dir='ltr'>esse</span> <span class='ocrx_word' id='word_1_160' title='bbox 1122 1195 1290 1236; x_wconf 75' lang='lat' dir='ltr'>dixeris.</span> <span class='ocrx_word' id='word_1_161' title='bbox 1351 1194 1464 1236; x_wconf 85' lang='lat' dir='ltr'>Nam</span> 
     </span>
     <span class='ocr_line' id='line_1_24' title="bbox 124 1253 1464 1308; baseline 0 -14"><span class='ocrx_word' id='word_1_162' title='bbox 124 1253 160 1294; x_wconf 88' lang='lat' dir='ltr'>si</span> <span class='ocrx_word' id='word_1_163' title='bbox 190 1253 253 1294; x_wconf 84' lang='lat' dir='ltr'>ita</span> <span class='ocrx_word' id='word_1_164' title='bbox 285 1267 392 1308; x_wconf 89' lang='lat' dir='ltr'>sum,</span> <span class='ocrx_word' id='word_1_165' title='bbox 422 1267 510 1295; x_wconf 90' lang='lat' dir='ltr'>non</span> <span class='ocrx_word' id='word_1_166' title='bbox 538 1256 630 1294; x_wconf 85' lang='lat' dir='ltr'>tam</span> <span class='ocrx_word' id='word_1_167' title='bbox 662 1256 728 1294; x_wconf 92' lang='lat' dir='ltr'>est</span> <span class='ocrx_word' id='word_1_168' title='bbox 760 1253 1057 1294; x_wconf 88' lang='lat' dir='ltr'>admirandum</span> <span class='ocrx_word' id='word_1_169' title='bbox 1088 1267 1234 1308; x_wconf 82' lang='lat' dir='ltr'>regem</span> <span class='ocrx_word' id='word_1_170' title='bbox 1266 1268 1333 1295; x_wconf 89' lang='lat' dir='ltr'>me</span> <span class='ocrx_word' id='word_1_171' title='bbox 1360 1268 1464 1306; x_wconf 82' lang='lat' dir='ltr'>esse,</span> 
     </span>
     <span class='ocr_line' id='line_1_25' title="bbox 124 1311 1464 1367; baseline 0 -14"><span class='ocrx_word' id='word_1_172' title='bbox 124 1312 343 1367; x_wconf 87' lang='lat' dir='ltr'>quoniam,</span> <span class='ocrx_word' id='word_1_173' title='bbox 395 1314 443 1352; x_wconf 85' lang='lat' dir='ltr'>ut</span> <span class='ocrx_word' id='word_1_174' title='bbox 486 1314 534 1352; x_wconf 84' lang='lat' dir='ltr'>tu</span> <span class='ocrx_word' id='word_1_175' title='bbox 576 1311 654 1365; x_wconf 86' lang='lat' dir='ltr'>ais,</span> <span class='ocrx_word' id='word_1_176' title='bbox 701 1311 832 1352; x_wconf 86' lang='lat' dir='ltr'>etiam</span> <span class='ocrx_word' id='word_1_177' title='bbox 874 1311 1091 1366; x_wconf 79' lang='lat' dir='ltr'>peregrini</span> <span class='ocrx_word' id='word_1_178' title='bbox 1135 1325 1258 1367; x_wconf 80' lang='lat' dir='ltr'>reges</span> <span class='ocrx_word' id='word_1_179' title='bbox 1302 1312 1464 1353; x_wconf 86' lang='lat' dir='ltr'>Romae</span> 
     </span>
     <span class='ocr_line' id='line_1_26' title="bbox 123 1369 1463 1424; baseline -0.001 -13"><span class='ocrx_word' id='word_1_180' title='bbox 123 1372 313 1424; x_wconf 83' lang='lat' dir='ltr'>fuerunt,</span> <span class='ocrx_word' id='word_1_181' title='bbox 357 1385 486 1424; x_wconf 90' lang='lat' dir='ltr'>quam</span> <span class='ocrx_word' id='word_1_182' title='bbox 529 1370 748 1411; x_wconf 88' lang='lat' dir='ltr'>consulem</span> <span class='ocrx_word' id='word_1_183' title='bbox 792 1369 955 1411; x_wconf 86' lang='lat' dir='ltr'>Romae</span> <span class='ocrx_word' id='word_1_184' title='bbox 999 1369 1133 1411; x_wconf 83' lang='lat' dir='ltr'>fuisse</span> <span class='ocrx_word' id='word_1_185' title='bbox 1178 1371 1463 1423; x_wconf 85' lang='lat' dir='ltr'>peregrinum.</span> 
     </span>
     <span class='ocr_line' id='line_1_27' title="bbox 123 1427 1533 1483; baseline -0.001 -13"><span class='ocrx_word' id='word_1_186' title='bbox 123 1428 232 1470; x_wconf 64' lang='lat' dir='ltr'>‘Hoc</span> <span class='ocrx_word' id='word_1_187' title='bbox 264 1427 386 1483; x_wconf 84' lang='lat' dir='ltr'>dico&#39;,</span> <span class='ocrx_word' id='word_1_188' title='bbox 417 1428 569 1482; x_wconf 87' lang='lat' dir='ltr'>inquit,</span> <span class='ocrx_word' id='word_1_189' title='bbox 601 1427 659 1468; x_wconf 74' lang='lat' dir='ltr'>‘te</span> <span class='ocrx_word' id='word_1_190' title='bbox 692 1442 783 1469; x_wconf 89' lang='lat' dir='ltr'>esse</span> <span class='ocrx_word' id='word_1_191' title='bbox 816 1442 867 1468; x_wconf 88' lang='lat' dir='ltr'>ex</span> <span class='ocrx_word' id='word_1_192' title='bbox 898 1427 1158 1481; x_wconf 87' lang='lat' dir='ltr'>municipio.&#39;</span> <span class='ocrx_word' id='word_1_193' title='bbox 1220 1427 1390 1482; x_wconf 88' lang='lat' dir='ltr'>Fateor,</span> <span class='ocrx_word' id='word_1_194' title='bbox 1422 1432 1465 1469; x_wconf 85' lang='lat' dir='ltr'>et</span> <span class='ocrx_word' id='word_1_195' title='bbox 1491 1439 1533 1469; x_wconf 70' lang='lat'>23</span> 
     </span>
     <span class='ocr_line' id='line_1_28' title="bbox 124 1486 1462 1540; baseline -0.001 -12"><span class='ocrx_word' id='word_1_196' title='bbox 124 1487 232 1529; x_wconf 88' lang='lat' dir='ltr'>addo</span> <span class='ocrx_word' id='word_1_197' title='bbox 266 1487 416 1528; x_wconf 90' lang='lat' dir='ltr'>etiam:</span> <span class='ocrx_word' id='word_1_198' title='bbox 454 1501 504 1527; x_wconf 86' lang='lat' dir='ltr'>ex</span> <span class='ocrx_word' id='word_1_199' title='bbox 536 1501 584 1528; x_wconf 94' lang='lat' dir='ltr'>eo</span> <span class='ocrx_word' id='word_1_200' title='bbox 617 1486 867 1540; x_wconf 89' lang='lat' dir='ltr'>municipio,</span> <span class='ocrx_word' id='word_1_201' title='bbox 898 1486 1008 1526; x_wconf 90' lang='lat' dir='ltr'>unde</span> <span class='ocrx_word' id='word_1_202' title='bbox 1040 1486 1197 1526; x_wconf 87' lang='lat' dir='ltr'>iterum</span> <span class='ocrx_word' id='word_1_203' title='bbox 1229 1488 1315 1527; x_wconf 86' lang='lat' dir='ltr'>iam</span> <span class='ocrx_word' id='word_1_204' title='bbox 1348 1486 1462 1527; x_wconf 87' lang='lat' dir='ltr'>salus</span> 
     </span>
     <span class='ocr_line' id='line_1_29' title="bbox 123 1543 1465 1599; baseline -0.001 -12"><span class='ocrx_word' id='word_1_205' title='bbox 123 1546 222 1587; x_wconf 90' lang='lat' dir='ltr'>huic</span> <span class='ocrx_word' id='word_1_206' title='bbox 252 1545 351 1587; x_wconf 87' lang='lat' dir='ltr'>urbi</span> <span class='ocrx_word' id='word_1_207' title='bbox 380 1545 642 1599; x_wconf 86' lang='lat' dir='ltr'>imperioque</span> <span class='ocrx_word' id='word_1_208' title='bbox 674 1545 806 1585; x_wconf 89' lang='lat' dir='ltr'>missa</span> <span class='ocrx_word' id='word_1_209' title='bbox 838 1546 914 1585; x_wconf 88' lang='lat' dir='ltr'>est.</span> <span class='ocrx_word' id='word_1_210' title='bbox 964 1543 1047 1585; x_wconf 79' lang='lat' dir='ltr'>Sed</span> <span class='ocrx_word' id='word_1_211' title='bbox 1078 1544 1184 1585; x_wconf 87' lang='lat' dir='ltr'>scire</span> <span class='ocrx_word' id='word_1_212' title='bbox 1216 1559 1266 1585; x_wconf 89' lang='lat' dir='ltr'>ex</span> <span class='ocrx_word' id='word_1_213' title='bbox 1298 1547 1340 1586; x_wconf 87' lang='lat' dir='ltr'>te</span> <span class='ocrx_word' id='word_1_214' title='bbox 1372 1559 1465 1598; x_wconf 86' lang='lat' dir='ltr'>per·</span> 
     </span>
     <span class='ocr_line' id='line_1_30' title="bbox 124 1602 1464 1658; baseline -0.001 -12"><span class='ocrx_word' id='word_1_215' title='bbox 124 1604 265 1655; x_wconf 80' lang='lat' dir='ltr'>velim,</span> <span class='ocrx_word' id='word_1_216' title='bbox 298 1619 426 1658; x_wconf 85' lang='lat' dir='ltr'>quam</span> <span class='ocrx_word' id='word_1_217' title='bbox 459 1603 512 1645; x_wconf 89' lang='lat' dir='ltr'>ob</span> <span class='ocrx_word' id='word_1_218' title='bbox 545 1617 647 1657; x_wconf 84' lang='lat' dir='ltr'>rem,</span> <span class='ocrx_word' id='word_1_219' title='bbox 680 1603 752 1657; x_wconf 89' lang='lat' dir='ltr'>qui</span> <span class='ocrx_word' id='word_1_220' title='bbox 784 1618 833 1644; x_wconf 86' lang='lat' dir='ltr'>ex</span> <span class='ocrx_word' id='word_1_221' title='bbox 859 1602 1103 1657; x_wconf 79' lang='lat' dir='ltr'>municipiis</span> <span class='ocrx_word' id='word_1_222' title='bbox 1128 1603 1316 1657; x_wconf 83' lang='lat' dir='ltr'>veniant,</span> <span class='ocrx_word' id='word_1_223' title='bbox 1347 1618 1464 1657; x_wconf 87' lang='lat' dir='ltr'>pere-</span> 
     </span>
     <span class='ocr_line' id='line_1_31' title="bbox 126 1660 1466 1719; baseline -0.001 -15"><span class='ocrx_word' id='word_1_224' title='bbox 126 1663 241 1719; x_wconf 83' lang='lat' dir='ltr'>grini</span> <span class='ocrx_word' id='word_1_225' title='bbox 277 1662 360 1704; x_wconf 89' lang='lat' dir='ltr'>tibi</span> <span class='ocrx_word' id='word_1_226' title='bbox 392 1676 484 1703; x_wconf 88' lang='lat' dir='ltr'>esse</span> <span class='ocrx_word' id='word_1_227' title='bbox 515 1661 750 1703; x_wconf 85' lang='lat' dir='ltr'>videantur.</span> <span class='ocrx_word' id='word_1_228' title='bbox 811 1660 950 1702; x_wconf 86' lang='lat' dir='ltr'>Nemo</span> <span class='ocrx_word' id='word_1_229' title='bbox 982 1662 1093 1703; x_wconf 88' lang='lat' dir='ltr'>istuc</span> <span class='ocrx_word' id='word_1_230' title='bbox 1123 1660 1180 1703; x_wconf 88' lang='lat' dir='ltr'>M.</span> <span class='ocrx_word' id='word_1_231' title='bbox 1211 1661 1277 1702; x_wconf 87' lang='lat' dir='ltr'>illi</span> <span class='ocrx_word' id='word_1_232' title='bbox 1309 1660 1466 1703; x_wconf 84' lang='lat' dir='ltr'>Catoni</span> 
     </span>
     <span class='ocr_line' id='line_1_32' title="bbox 126 1719 1466 1775; baseline -0.001 -12"><span class='ocrx_word' id='word_1_233' title='bbox 126 1721 228 1775; x_wconf 87' lang='lat' dir='ltr'>seni,</span> <span class='ocrx_word' id='word_1_234' title='bbox 259 1736 355 1763; x_wconf 91' lang='lat' dir='ltr'>cum</span> <span class='ocrx_word' id='word_1_235' title='bbox 387 1720 595 1775; x_wconf 83' lang='lat' dir='ltr'>plurimos</span> <span class='ocrx_word' id='word_1_236' title='bbox 627 1720 806 1761; x_wconf 85' lang='lat' dir='ltr'>haberet</span> <span class='ocrx_word' id='word_1_237' title='bbox 831 1719 1039 1773; x_wconf 84' lang='lat' dir='ltr'>inimicos,</span> <span class='ocrx_word' id='word_1_238' title='bbox 1070 1734 1196 1761; x_wconf 90' lang='lat' dir='ltr'>nemo</span> <span class='ocrx_word' id='word_1_239' title='bbox 1223 1719 1285 1761; x_wconf 85' lang='lat' dir='ltr'>Ti.</span> <span class='ocrx_word' id='word_1_240' title='bbox 1306 1719 1466 1762; x_wconf 84' lang='lat' dir='ltr'>Corun-</span> 
     </span>
     <span class='ocr_line' id='line_1_33' title="bbox 125 1777 1465 1834; baseline -0.001 -12"><span class='ocrx_word' id='word_1_241' title='bbox 125 1780 260 1834; x_wconf 84' lang='lat' dir='ltr'>canio,</span> <span class='ocrx_word' id='word_1_242' title='bbox 285 1795 410 1821; x_wconf 90' lang='lat' dir='ltr'>nemo</span> <span class='ocrx_word' id='word_1_243' title='bbox 436 1779 504 1820; x_wconf 89' lang='lat' dir='ltr'>M’.</span> <span class='ocrx_word' id='word_1_244' title='bbox 526 1778 667 1831; x_wconf 86' lang='lat' dir='ltr'>Curio,</span> <span class='ocrx_word' id='word_1_245' title='bbox 692 1793 817 1820; x_wconf 90' lang='lat' dir='ltr'>nemo</span> <span class='ocrx_word' id='word_1_246' title='bbox 843 1778 942 1820; x_wconf 85' lang='lat' dir='ltr'>huic</span> <span class='ocrx_word' id='word_1_247' title='bbox 967 1778 1051 1833; x_wconf 87' lang='lat' dir='ltr'>ipsi</span> <span class='ocrx_word' id='word_1_248' title='bbox 1075 1781 1226 1820; x_wconf 89' lang='lat' dir='ltr'>nostro</span> <span class='ocrx_word' id='word_1_249' title='bbox 1247 1777 1292 1820; x_wconf 82' lang='lat' dir='ltr'>C.</span> <span class='ocrx_word' id='word_1_250' title='bbox 1313 1778 1465 1833; x_wconf 86' lang='lat' dir='ltr'>Mario,</span> 
     </span>
     <span class='ocr_line' id='line_1_34' title="bbox 126 1836 1464 1892; baseline -0.001 -12"><span class='ocrx_word' id='word_1_251' title='bbox 126 1854 221 1881; x_wconf 89' lang='lat' dir='ltr'>cum</span> <span class='ocrx_word' id='word_1_252' title='bbox 259 1838 298 1880; x_wconf 84' lang='lat' dir='ltr'>ei</span> <span class='ocrx_word' id='word_1_253' title='bbox 334 1838 462 1880; x_wconf 83' lang='lat' dir='ltr'>multi</span> <span class='ocrx_word' id='word_1_254' title='bbox 497 1837 754 1891; x_wconf 85' lang='lat' dir='ltr'>inviderent,</span> <span class='ocrx_word' id='word_1_255' title='bbox 792 1836 949 1878; x_wconf 87' lang='lat' dir='ltr'>obiecit</span> <span class='ocrx_word' id='word_1_256' title='bbox 978 1851 1194 1892; x_wconf 88' lang='lat' dir='ltr'>umquam.</span> <span class='ocrx_word' id='word_1_257' title='bbox 1254 1836 1464 1892; x_wconf 87' lang='lat' dir='ltr'>Equidem</span> 
     </span>
    </p>
   </div>
   <div class='ocr_carea' id='block_1_8' title="bbox 74 1896 1466 1950">
    <p class='ocr_par' dir='ltr' id='par_1_8' title="bbox 74 1896 1466 1950">
     <span class='ocr_line' id='line_1_35' title="bbox 74 1896 1466 1950; baseline -0.001 -12"><span class='ocrx_word' id='word_1_258' title='bbox 74 1908 109 1933; x_wconf 85' lang='lat'>30</span> <span class='ocrx_word' id='word_1_259' title='bbox 128 1897 400 1939; x_wconf 87' lang='lat' dir='ltr'>vehementer</span> <span class='ocrx_word' id='word_1_260' title='bbox 437 1898 577 1939; x_wconf 89' lang='lat' dir='ltr'>laetor</span> <span class='ocrx_word' id='word_1_261' title='bbox 621 1910 718 1937; x_wconf 91' lang='lat' dir='ltr'>eum</span> <span class='ocrx_word' id='word_1_262' title='bbox 756 1909 847 1936; x_wconf 92' lang='lat' dir='ltr'>esse</span> <span class='ocrx_word' id='word_1_263' title='bbox 885 1910 970 1949; x_wconf 89' lang='lat' dir='ltr'>me,</span> <span class='ocrx_word' id='word_1_264' title='bbox 1013 1896 1056 1936; x_wconf 88' lang='lat' dir='ltr'>in</span> <span class='ocrx_word' id='word_1_265' title='bbox 1095 1910 1220 1949; x_wconf 87' lang='lat' dir='ltr'>quem</span> <span class='ocrx_word' id='word_1_266' title='bbox 1258 1899 1324 1950; x_wconf 89' lang='lat' dir='ltr'>tu,</span> <span class='ocrx_word' id='word_1_267' title='bbox 1369 1910 1466 1938; x_wconf 89' lang='lat' dir='ltr'>cum</span> 
     </span>
    </p>
   </div>
   <div class='ocr_carea' id='block_1_9' title="bbox 127 1954 1516 2184">
    <p class='ocr_par' dir='ltr' id='par_1_9' title="bbox 127 1954 1516 2184">
     <span class='ocr_line' id='line_1_36' title="bbox 127 1954 1465 2010; baseline -0.001 -14"><span class='ocrx_word' id='word_1_268' title='bbox 127 1970 313 2010; x_wconf 87' lang='lat' dir='ltr'>cuperes,</span> <span class='ocrx_word' id='word_1_269' title='bbox 337 1956 503 1998; x_wconf 86' lang='lat' dir='ltr'>nullam</span> <span class='ocrx_word' id='word_1_270' title='bbox 529 1954 833 1997; x_wconf 76' lang='lat' dir='ltr'>contumeliam</span> <span class='ocrx_word' id='word_1_271' title='bbox 858 1954 994 1995; x_wconf 85' lang='lat' dir='ltr'>iacere</span> <span class='ocrx_word' id='word_1_272' title='bbox 1020 1955 1224 2009; x_wconf 87' lang='lat' dir='ltr'>potueris,</span> <span class='ocrx_word' id='word_1_273' title='bbox 1251 1968 1358 2008; x_wconf 87' lang='lat' dir='ltr'>quae</span> <span class='ocrx_word' id='word_1_274' title='bbox 1378 1969 1465 1995; x_wconf 90' lang='lat' dir='ltr'>non</span> 
     </span>
     <span class='ocr_line' id='line_1_37' title="bbox 128 2011 1516 2069; baseline -0.001 -14"><span class='ocrx_word' id='word_1_275' title='bbox 128 2013 182 2055; x_wconf 84' lang='lat' dir='ltr'>ad</span> <span class='ocrx_word' id='word_1_276' title='bbox 218 2014 447 2056; x_wconf 85' lang='lat' dir='ltr'>maximam</span> <span class='ocrx_word' id='word_1_277' title='bbox 486 2016 655 2069; x_wconf 86' lang='lat' dir='ltr'>partem</span> <span class='ocrx_word' id='word_1_278' title='bbox 692 2012 847 2054; x_wconf 84' lang='lat' dir='ltr'>civium</span> <span class='ocrx_word' id='word_1_279' title='bbox 885 2012 1142 2054; x_wconf 86' lang='lat' dir='ltr'>conveniret.</span> <span class='ocrx_word' id='word_1_280' title='bbox 1205 2011 1287 2053; x_wconf 80' lang='lat' dir='ltr'>Sed</span> <span class='ocrx_word' id='word_1_281' title='bbox 1318 2015 1466 2053; x_wconf 84' lang='lat' dir='ltr'>tamen</span> <span class='ocrx_word' id='word_1_282' title='bbox 1491 2012 1516 2053; x_wconf 78' lang='lat'>8</span> 
     </span>
     <span class='ocr_line' id='line_1_38' title="bbox 127 2070 1465 2128; baseline -0.002 -14"><span class='ocrx_word' id='word_1_283' title='bbox 127 2075 170 2113; x_wconf 80' lang='lat' dir='ltr'>te</span> <span class='ocrx_word' id='word_1_284' title='bbox 218 2087 244 2113; x_wconf 89' lang='lat' dir='ltr'>a</span> <span class='ocrx_word' id='word_1_285' title='bbox 292 2087 359 2113; x_wconf 90' lang='lat' dir='ltr'>me</span> <span class='ocrx_word' id='word_1_286' title='bbox 402 2087 480 2128; x_wconf 90' lang='lat' dir='ltr'>pro</span> <span class='ocrx_word' id='word_1_287' title='bbox 525 2071 693 2127; x_wconf 79' lang='lat' dir='ltr'>magnis</span> <span class='ocrx_word' id='word_1_288' title='bbox 740 2070 878 2112; x_wconf 86' lang='lat' dir='ltr'>causis</span> <span class='ocrx_word' id='word_1_289' title='bbox 921 2073 1095 2112; x_wconf 86' lang='lat' dir='ltr'>nostrae</span> <span class='ocrx_word' id='word_1_290' title='bbox 1137 2070 1465 2112; x_wconf 86' lang='lat' dir='ltr'>necessitudinis</span> 
     </span>
     <span class='ocr_line' id='line_1_39' title="bbox 128 2128 1466 2184; baseline -0.001 -13"><span class='ocrx_word' id='word_1_291' title='bbox 128 2130 385 2172; x_wconf 87' lang='lat' dir='ltr'>monendum</span> <span class='ocrx_word' id='word_1_292' title='bbox 412 2146 503 2172; x_wconf 88' lang='lat' dir='ltr'>esse</span> <span class='ocrx_word' id='word_1_293' title='bbox 530 2131 661 2172; x_wconf 88' lang='lat' dir='ltr'>etiam</span> <span class='ocrx_word' id='word_1_294' title='bbox 688 2131 816 2183; x_wconf 85' lang='lat' dir='ltr'>atque</span> <span class='ocrx_word' id='word_1_295' title='bbox 842 2129 973 2171; x_wconf 86' lang='lat' dir='ltr'>etiam</span> <span class='ocrx_word' id='word_1_296' title='bbox 998 2132 1115 2184; x_wconf 90' lang='lat' dir='ltr'>puto.</span> <span class='ocrx_word' id='word_1_297' title='bbox 1159 2128 1259 2170; x_wconf 90' lang='lat' dir='ltr'>Non</span> <span class='ocrx_word' id='word_1_298' title='bbox 1284 2132 1466 2183; x_wconf 86' lang='lat' dir='ltr'>possunt</span> 
     </span>
    </p>
   </div>
   <div class='ocr_carea' id='block_1_10' title="bbox 73 2186 1466 2244">
    <p class='ocr_par' dir='ltr' id='par_1_10' title="bbox 73 2186 1466 2244">
     <span class='ocr_line' id='line_1_40' title="bbox 73 2186 1466 2244; baseline -0.001 -15"><span class='ocrx_word' id='word_1_299' title='bbox 73 2199 108 2225; x_wconf 79' lang='lat'>35</span> <span class='ocrx_word' id='word_1_300' title='bbox 129 2202 276 2230; x_wconf 88' lang='lat' dir='ltr'>omnes</span> <span class='ocrx_word' id='word_1_301' title='bbox 297 2203 388 2230; x_wconf 86' lang='lat' dir='ltr'>esse</span> <span class='ocrx_word' id='word_1_302' title='bbox 407 2190 593 2244; x_wconf 81' lang='lat' dir='ltr'>patricii3</span> <span class='ocrx_word' id='word_1_303' title='bbox 615 2189 651 2229; x_wconf 89' lang='lat' dir='ltr'>si</span> <span class='ocrx_word' id='word_1_304' title='bbox 670 2202 819 2229; x_wconf 77' lang='lat' dir='ltr'>verum</span> <span class='ocrx_word' id='word_1_305' title='bbox 840 2188 1020 2242; x_wconf 88' lang='lat' dir='ltr'>quaeris,</span> <span class='ocrx_word' id='word_1_306' title='bbox 1039 2202 1092 2229; x_wconf 91' lang='lat' dir='ltr'>ne</span> <span class='ocrx_word' id='word_1_307' title='bbox 1113 2189 1263 2228; x_wconf 83' lang='lat' dir='ltr'>curant</span> <span class='ocrx_word' id='word_1_308' title='bbox 1278 2186 1466 2241; x_wconf 90' lang='lat' dir='ltr'>quidem;</span> 
     </span>
    </p>
   </div>
   <div class='ocr_carea' id='block_1_11' title="bbox 126 2245 1538 2360">
    <p class='ocr_par' dir='ltr' id='par_1_11' title="bbox 126 2245 1538 2360">
     <span class='ocr_line' id='line_1_41' title="bbox 126 2245 1466 2301; baseline -0.002 -13"><span class='ocrx_word' id='word_1_309' title='bbox 126 2261 203 2288; x_wconf 88' lang='lat' dir='ltr'>nec</span> <span class='ocrx_word' id='word_1_310' title='bbox 249 2261 293 2288; x_wconf 89' lang='lat' dir='ltr'>se</span> <span class='ocrx_word' id='word_1_311' title='bbox 338 2248 537 2301; x_wconf 80' lang='lat' dir='ltr'>aequales</span> <span class='ocrx_word' id='word_1_312' title='bbox 581 2247 646 2289; x_wconf 90' lang='lat' dir='ltr'>tui</span> <span class='ocrx_word' id='word_1_313' title='bbox 688 2248 864 2300; x_wconf 86' lang='lat' dir='ltr'>propter</span> <span class='ocrx_word' id='word_1_314' title='bbox 905 2246 1036 2287; x_wconf 88' lang='lat' dir='ltr'>istam</span> <span class='ocrx_word' id='word_1_315' title='bbox 1080 2260 1253 2287; x_wconf 85' lang='lat' dir='ltr'>causam</span> <span class='ocrx_word' id='word_1_316' title='bbox 1302 2245 1378 2286; x_wconf 88' lang='lat' dir='ltr'>abs</span> <span class='ocrx_word' id='word_1_317' title='bbox 1422 2247 1466 2286; x_wconf 85' lang='lat' dir='ltr'>te</span> 
     </span>
     <span class='ocr_line' id='line_1_42' title="bbox 127 2303 1538 2360; baseline -0.001 -14"><span class='ocrx_word' id='word_1_318' title='bbox 127 2304 283 2347; x_wconf 89' lang='lat' dir='ltr'>anteiri</span> <span class='ocrx_word' id='word_1_319' title='bbox 334 2308 500 2360; x_wconf 86' lang='lat' dir='ltr'>putant.</span> <span class='ocrx_word' id='word_1_320' title='bbox 567 2306 631 2348; x_wconf 86' lang='lat' dir='ltr'>Ac</span> <span class='ocrx_word' id='word_1_321' title='bbox 675 2305 712 2345; x_wconf 89' lang='lat' dir='ltr'>si</span> <span class='ocrx_word' id='word_1_322' title='bbox 754 2304 835 2345; x_wconf 85' lang='lat' dir='ltr'>tibi</span> <span class='ocrx_word' id='word_1_323' title='bbox 880 2318 958 2346; x_wconf 85' lang='lat' dir='ltr'>nos</span> <span class='ocrx_word' id='word_1_324' title='bbox 1002 2303 1219 2360; x_wconf 79' lang='lat' dir='ltr'>peregrini</span> <span class='ocrx_word' id='word_1_325' title='bbox 1260 2303 1466 2357; x_wconf 84' lang='lat' dir='ltr'>videmur,</span> <span class='ocrx_word' id='word_1_326' title='bbox 1492 2313 1538 2344; x_wconf 69' lang='lat'>‘24</span> 
     </span>
    </p>
   </div>
  </div>
 </body>
</html>
