1687 2533
489 79 590 115 CAP.
617 83 656 123 9,
684 83 726 114 10
752 82 770 119 ἓ
797 83 946 115 22-26,
1340 78 1425 120 467

89 176 194 217 velis
231 175 458 231 navigares
494 199 542 205 -—
579 175 632 229 si,
670 189 776 228 quae
807 176 899 215 tum
932 174 1236 229 promulgasti,
1274 175 1428 216 consti-

89 234 229 288 tuisti,
260 234 515 288 promisisti,
546 233 794 286 vendidisti,
824 232 1012 288 perferre
1045 233 1276 287 potuisses,
1308 233 1428 288 ecqui

90 293 207 334 locus
251 293 345 334 orbi
388 296 600 334 terrarum
643 306 800 334 vacuus
845 292 1193 333 extraordinariis
1239 291 1427 333 fascibus

91 354 218 406 atque
261 351 441 405 imperio
481 351 686 393 Clodiano
730 350 913 391 fuisset?
982 349 1062 391 Sed
1107 351 1314 392 excitatus
1353 351 1427 392 ali-

55 422 71 446 5
92 410 258 465 quando
292 409 365 452 Cn.
397 410 573 465 Pompei
607 408 762 475 (dicam
793 409 889 463 ipso
922 409 1137 463 audiente,
1169 409 1283 463 quod
1315 409 1428 450 sensi

92 472 135 510 et
173 469 328 522 sentio,
365 483 532 523 quoquo
572 468 712 510 animo
745 468 966 509 auditurus
999 468 1081 521 est)
1114 468 1335 522 excitatus,
1366 469 1428 508 in-

92 542 233 582 quam,
272 503 500 582 aliquando
533 525 608 570 Gn.
638 526 814 581 Pompei
856 526 1036 567 nimium
1080 526 1150 568 diu
1184 502 1427 568 reconditus

91 589 134 628 et
170 586 342 641 penitus
381 589 603 640 apstrusus
642 585 772 627 animi
807 585 929 626 dolor
962 585 1158 626 subvenit
1191 586 1334 627 subito
1366 585 1429 626 rei

89 645 284 700 publicae
323 644 624 698 civitatemque
661 645 842 685 fractam
884 644 1026 697 malis,
1071 644 1341 685 imminutam
1380 659 1428 686 ac

39 715 72 739 10
91 703 374 756 debilitatam,
401 703 609 744 abiectam
636 705 752 744 metu
779 703 832 744 ad
858 702 1046 756 aliquam
1074 717 1192 756 spem
1212 703 1427 744 libertatis

92 765 135 803 et
168 762 375 817 pristinae
409 762 631 816 dignitatis
665 762 809 803 erexit.
871 761 952 802 Hic
983 761 1048 802 vir
1084 764 1205 802 extra
1237 761 1427 803 ordinem

91 821 152 862 rei
189 820 492 862 frumentariae
530 820 838 874 praeficiendus
876 835 963 861 non
999 820 1109 861 fuit?
1173 819 1345 862 Scilicet
1380 823 1428 861 tu

90 879 281 921 helluoni
302 879 635 933 spurcatissimo,
654 878 976 934 praegustatori
995 878 1222 920 libidinum
1242 882 1428 932 tuarum,

89 938 255 979 homini
299 937 574 992 egentissimo
619 940 662 979 et
703 937 1079 990 facinerosissimo,
1126 936 1218 979 Sex.
1264 937 1428 991 Clodio,

40 1008 71 1033 15
93 998 206 1038 socio
251 997 314 1037 tui
359 997 597 1051 sanguinis,
641 996 713 1051 qui
757 1011 833 1037 sua
876 996 1025 1051 lingua
1070 996 1197 1037 etiam
1237 1010 1427 1038 sororem

90 1058 209 1096 tuam
242 1070 267 1097 a
297 1059 340 1096 te
372 1055 650 1109 abalienavit,
689 1069 813 1096 omne
844 1054 1106 1096 frumentum
1138 1055 1353 1109 privatum
1386 1058 1428 1095 et

89 1114 319 1168 publicum,
352 1114 489 1155 omnis
520 1114 763 1168 provincias
796 1113 1115 1168 frumentarias,
1148 1113 1285 1154 omnis
1313 1128 1428 1154 man-

91 1173 216 1227 cipeS,
249 1172 387 1214 omnis
419 1172 671 1214 horreorum
698 1172 829 1214 clavis
856 1172 949 1227 lege
975 1175 1051 1213 tua
1076 1172 1311 1226 tradidisti,
1345 1187 1429 1226 qua

91 1246 141 1272 ex
172 1231 266 1286 lege
298 1231 485 1286 primum
519 1231 674 1272 caritas
706 1234 808 1272 nata
841 1233 922 1285 est,
962 1231 1110 1271 deinde
1142 1231 1300 1286 inopia
1362 1231 1428 1272 In-

40 1301 73 1325 20
91 1289 304 1344 pendebat
334 1290 487 1343 fames,
519 1290 729 1343 incendia,
762 1289 927 1343 caedes,
959 1289 1159 1343 direptio,
1191 1290 1429 1331 inminebat

92 1352 191 1389 tuus
221 1348 342 1389 furor
374 1349 563 1389 omnium
589 1348 771 1389 fortunis
804 1351 846 1388 et
877 1347 1014 1388 bonis.
1065 1347 1266 1396 Queritur
1297 1348 1427 1389 etiam

92 1407 323 1461 inportuna
367 1406 500 1460 pestis
539 1421 589 1447 ex
628 1421 699 1447 ore
736 1405 1012 1460 inpurissimo
1052 1404 1144 1447 Sex.
1177 1405 1301 1447 Clodi
1338 1420 1428 1447 rem

92 1464 418 1506 frumentariam
461 1478 553 1505 esse
593 1467 801 1519 ereptam,
846 1464 1107 1518 summisque
1145 1465 1189 1505 in
1226 1465 1428 1519 periculis

94 1523 183 1565 eius
228 1523 308 1564 viri
352 1523 556 1564 auxilium
600 1522 838 1578 inplorasse
876 1537 966 1563 rem
1003 1522 1238 1577 publicam,
1282 1538 1307 1563 a
1345 1538 1428 1578 quo

41 1593 73 1618 25
94 1596 219 1636 saepe
252 1596 295 1622 se
322 1584 364 1622 et
390 1585 603 1623 servatam
630 1584 671 1622 et
698 1581 1002 1636 amplificatam
1029 1595 1120 1622 esse
1146 1581 1427 1623 meminisset!

92 1640 230 1682 Extra
256 1640 447 1681 ordinem
472 1640 576 1681 ferri
600 1639 709 1680 nihil
735 1640 876 1694 placet
902 1639 1082 1681 Clodio?
1114 1638 1252 1688 Quid?
1285 1640 1335 1681 de
1361 1654 1429 1681 1116

95 1699 207 1754 quod
238 1699 388 1740 tulisse
420 1701 463 1739 te
495 1699 618 1751 dicis,
655 1698 882 1752 patricida,
914 1698 1152 1751 fratricida,
1185 1699 1430 1752 sororicida,

93 1772 232 1799 nonne
259 1760 380 1799 extra
405 1757 596 1798 ordinem
622 1756 792 1798 tulisti?
844 1756 913 1797 An
940 1757 989 1797 de
1015 1759 1135 1811 peste
1161 1757 1277 1811 civis,
1304 1772 1429 1811 quem

96 1816 148 1857 ad
184 1816 356 1857 modum
394 1830 541 1857 omnes
577 1815 665 1856 iam
703 1815 745 1856 di
784 1817 910 1869 atque
948 1814 1143 1856 homines
1175 1815 1430 1869 iudicarunt,

43 1886 76 1910 30
96 1874 405 1916 conservatoris
448 1874 510 1915 rei
552 1874 764 1928 publicae,
810 1888 936 1927 quem
977 1874 1029 1915 ad
1073 1874 1246 1915 modum
1286 1877 1429 1915 autem

95 1935 187 1974 tute
219 1933 310 1987 ipse
336 1932 561 1985 confiteris,
593 1947 679 1973 non
703 1932 829 1973 modo
856 1932 1103 1986 indemnati,
1136 1933 1209 1974 sed
1232 1947 1286 1973 ne
1312 1947 1429 1973 accu-

98 1991 180 2032 sati
211 1991 391 2045 quidem,
422 1991 543 2033 licuit
574 1991 655 2032 tibi
685 1990 796 2032 ferre
828 2005 912 2031 non
939 1991 1089 2046 legem,
1121 1991 1194 2032 sed
1219 1990 1429 2031 nefarium

96 2049 368 2104 privilegium
406 2050 580 2105 lugente
613 2052 782 2103 senatu,
819 2050 1106 2091 maerentibus
1138 2050 1262 2090 bonis
1296 2049 1430 2089 omni-

97 2108 189 2162 bus,
218 2108 352 2149 totius
383 2107 536 2149 Italiae
561 2108 756 2161 precibus
782 2107 1029 2162 repudiatis,
1056 2121 1262 2163 oppressa
1287 2108 1429 2160 capta-

45 2176 78 2201 35
99 2180 178 2219 que
226 2180 271 2206 re
319 2166 509 2220 publica,
566 2166 672 2207 mihi
720 2166 880 2220 populo
930 2166 1123 2207 Romano
1173 2165 1429 2219 inplorante,

99 2226 250 2265 senatu
279 2227 491 2278 poscente,
522 2225 788 2279 temporibus
820 2224 881 2265 rei
911 2225 1106 2280 publicae
1132 2223 1428 2278 flagitantibus

98 2296 183 2323 non
214 2281 333 2323 licuit
359 2282 409 2323 de
435 2283 571 2325 salute
597 2282 746 2338 populi
771 2282 954 2325 Romani
981 2282 1236 2325 sententiam
1263 2280 1428 2322 dicere?

1147 2349 1218 2384 30*

1455 1358 1498 1389 2ss
