1687 2533
167 245 212 277 35

171 1044 224 1084 13

168 1095 212 1125 36

239 79 325 122 352
634 79 727 114 PRO
753 79 791 114 P.
820 79 970 115 SULLA
996 78 1171 114 ORATIO

239 192 335 218 cum
384 176 682 217 infirmitatem
732 175 922 230 corporis
966 175 1126 216 virtute
1170 175 1302 217 animi
1346 178 1578 231 superaret.

243 235 447 288 Videsne,
487 237 536 276 ut
568 235 746 289 eripiam
778 237 821 275 te
853 248 904 275 ex
935 234 1230 289 improborum
1263 235 1406 276 subita
1438 235 1579 290 gratia

241 298 284 336 et
322 293 592 335 reconciliem
632 293 755 334 bonis
794 293 1021 334 omnibus?
1061 293 1134 348 qui
1169 295 1213 335 te
1245 295 1288 334 et
1318 293 1504 349 diligunt
1536 296 1579 334 et

240 352 427 394 retinent
476 352 805 406 retinebuntque
855 366 1022 407 semper
1065 366 1160 406 nec,
1209 352 1247 393 si
1288 352 1400 393 forte
1443 366 1469 393 a
1511 366 1579 393 me

241 411 488 464 desciveris,
527 410 684 452 idcirco
723 413 765 452 te
805 425 829 452 a
866 425 910 451 se
949 413 991 451 et
1028 425 1053 452 a
1089 424 1134 452 re
1172 410 1344 465 publica
1375 412 1418 452 et
1449 425 1474 452 a
1504 414 1614 452 tua5

240 470 451 526 dignitate
479 469 655 511 deficere
681 470 912 524 patientur.
958 468 1039 510 Sed
1064 470 1151 510 iam
1178 469 1303 511 redeo
1331 469 1384 511 ad
1404 484 1577 511 causam

241 532 368 583 atque
408 528 488 570 hoc
526 543 620 581 vos,
658 528 836 581 iudices,
874 530 1027 569 testor:
1066 528 1175 569 Mihi
1213 528 1262 570 de
1294 530 1452 569 memet
1481 528 1576 583 ipso

238 591 328 628 tam
372 587 509 628 multa
548 587 712 628 dicendi
749 587 982 628 necessitas
1022 587 1230 641 quaedam
1268 587 1472 642 imposita
1511 589 1578 628 est

239 647 292 688 ab
324 646 414 688 1110.
456 645 581 699 Nam,
614 646 651 687 si
681 646 922 700 Torquatus
956 645 1119 687 Sullam
1152 647 1290 687 solum
1323 647 1577 700 accusasset,

238 719 318 761 ego
352 719 520 759 quoque
551 704 633 746 hoc
664 707 857 759 tempore
889 704 997 745 nihil
1024 704 1139 745 aliud
1165 719 1336 760 agerem
1360 704 1445 746 nisi
1470 719 1577 758 eum,
1598 715 1630 740 1⁰

240 765 313 818 qui
355 767 575 805 accusatus
618 766 747 818 esset,
792 763 1076 817 defenderem,
1121 763 1195 804 sed
1236 779 1331 805 cum
1371 763 1443 804 1110
1483 765 1577 805 tota

239 823 318 863 illa
360 822 552 863 oratione
590 822 636 863 in
672 837 739 863 me
777 825 889 863 esset
926 822 1118 863 invectus
1151 825 1193 863 et
1225 837 1339 876 cum,
1375 825 1424 863 ut
1454 822 1576 863 initio

240 881 340 935 dixi,
372 881 660 922 defensionem
693 895 831 922 meam
865 881 1049 935 spoliare
1077 881 1332 922 auctoritate
1358 881 1578 933 voluisset,

239 940 410 981 etiamsi
436 954 556 981 meus
581 953 644 981 me
676 939 797 981 dolor
822 939 1079 994 respondere
1103 954 1190 981 non
1217 942 1401 995 cogeret,
1432 941 1578 981 tamen

238 1000 333 1053 ipsa
365 1013 493 1040 causa
523 998 634 1040 hanc
666 1013 690 1039 a
722 1013 789 1039 me
822 999 1059 1040 orationem
1085 998 1382 1053 flagitavisset.
1598 1008 1630 1035 15

329 1057 396 1098 Ab
442 1057 754 1111 Allobrogibus
799 1058 1069 1098 nominatum
1113 1055 1278 1098 Sullam
1323 1071 1414 1098 esse
1459 1056 1576 1098 dieis.

240 1115 343 1164 Quis
386 1115 546 1170 negat?
616 1115 697 1157 Sed
742 1116 837 1170 lege
882 1115 1085 1157 indicium
1124 1119 1166 1157 et
1203 1115 1316 1169 vide,
1360 1130 1485 1170 quem
1525 1115 1578 1157 ad

238 1174 412 1215 modum
450 1174 695 1215 nominatus
729 1174 798 1217 sit.
857 1174 903 1215 L.
936 1173 1131 1216 Cassium
1170 1174 1367 1215 dixerunt
1398 1188 1577 1216 comme-

238 1247 429 1274 morasse
456 1248 551 1274 cum
578 1233 729 1274 ceteris
757 1234 1016 1274 Autronium
1044 1247 1184 1274 secum
1210 1232 1360 1274 facere.
1399 1231 1577 1286 Quaero,

238 1306 340 1332 num
380 1291 543 1332 Sullam
581 1292 736 1332 dixerit
769 1290 956 1333 Cassius.
1018 1291 1254 1346 Nusquam.
1314 1290 1577 1348 Sesaaiunt
1597 1302 1631 1327 ‘20

240 1351 457 1404 quaesisse
489 1350 539 1391 de
572 1348 738 1401 Cassio,
773 1351 873 1404 quid
906 1350 1024 1392 Sulla
1057 1351 1244 1392 sentiret.
1300 1349 1455 1391 Videte
1487 1350 1577 1390 dili-

240 1409 429 1464 gentiam
463 1408 706 1462 Gallorum,
745 1409 817 1463 qui
860 1409 992 1450 vitam
1034 1409 1255 1450 hominum
1295 1411 1578 1463 naturamque

239 1482 324 1509 non
349 1470 527 1509 nossent
554 1482 602 1509 ac
627 1470 796 1508 tantum
825 1469 1087 1509 audivissent
1114 1482 1186 1509 eos
1211 1469 1305 1523 pari
1332 1467 1578 1509 calamitate

240 1541 349 1580 esse,
389 1527 709 1581 quaesiverunt,
748 1530 944 1568 essentne
983 1528 1130 1568 eadem
1168 1527 1402 1568 voluntate,
1468 1524 1578 1574 Quid

239 1589 330 1625 tum
363 1583 566 1626 Cassius?
623 1585 669 1627 Si
705 1585 997 1640 respondisset
1027 1586 1138 1626 idem
1171 1586 1328 1626 sentire
1361 1588 1405 1626 et
1436 1598 1578 1626 secum
1597 1594 1630 1620 25

239 1643 377 1684 facere
418 1642 598 1697 Sullam,
638 1646 784 1685 tamen
816 1644 921 1685 mihi
951 1658 1036 1685 non
1070 1644 1286 1685 videretur
1317 1644 1363 1684 in
1392 1643 1504 1685 hunc
1534 1642 1577 1684 id

240 1702 516 1743 criminosum
554 1717 646 1743 esse
685 1703 848 1744 debere.
911 1701 1020 1751 Quid
1058 1703 1150 1744 ita?
1215 1703 1340 1755 Quia,
1380 1703 1452 1756 qui
1484 1702 1578 1743 bar-

240 1760 365 1801 baros
416 1760 610 1802 homines
656 1761 708 1802 ad
751 1761 915 1802 bellum
959 1761 1216 1816 impelleret,
1266 1775 1353 1801 non
1396 1760 1579 1801 debebat

239 1818 428 1859 minuere
466 1819 639 1860 illorum
672 1820 957 1874 suspicionem
989 1822 1032 1860 et
1063 1834 1247 1875 purgare
1280 1833 1369 1872 eos,
1407 1819 1457 1860 de
1490 1818 1578 1872 qui·

239 1877 320 1917 bus
361 1876 425 1917 illi
464 1878 623 1931 aliquid
666 1878 874 1932 suspicari
910 1878 1166 1919 viderentur.
1227 1876 1327 1918 Non
1356 1877 1578 1932 respondit
1596 1887 1631 1913 3⁰

241 1938 387 1976 tamen
430 1949 514 1976 una
551 1936 689 1977 facere
728 1935 904 1978 Sullam.
970 1936 1143 1977 Etenim
1182 1939 1296 1977 esset
1333 1936 1577 1990 absurdum,

241 2008 336 2035 cum
369 1995 531 2034 ceteros
560 2008 636 2035 sua
663 1999 814 2049 sponte
840 1995 1117 2047 nominasset,
1150 1995 1411 2035 mentionem
1437 1994 1575 2036 facere

242 2051 385 2093 Sullae
422 2052 583 2093 nullam
620 2053 703 2094 nisi
742 2054 1007 2095 admonitum
1046 2055 1090 2094 et
1119 2053 1450 2107 interrogatum;
1492 2052 1577 2093 nisi

239 2110 352 2152 forte
390 2110 479 2152 veri
523 2110 660 2152 simile
707 2115 772 2153 est
807 2111 854 2153 P.
892 2110 1036 2153 Sullae
1080 2125 1236 2152 nomen
1279 2113 1324 2152 in
1368 2111 1576 2152 memoria

241 2168 391 2210 Cassio
428 2183 516 2210 non
551 2168 695 2212 fuisse.
764 2169 808 2211 Si
845 2170 1047 2211 nobilitas
1086 2169 1291 2222 hominis,
1329 2170 1365 2211 si
1405 2169 1576 2210 adflicta
1595 2179 1628 2205 3⁵

239 2227 425 2280 fortuna,
457 2227 494 2268 si
525 2227 732 2281 reliquiae
763 2228 971 2281 pristinae
1004 2227 1228 2282 dignitatis
1254 2242 1340 2269 non
1367 2231 1457 2268 tam
1482 2228 1576 2268 illu-

242 2289 352 2327 stres
372 2285 565 2340 fuissent,
586 2289 731 2327 tamen
751 2287 937 2328 Autroni
956 2286 1304 2328 commemoratio
1326 2285 1577 2327 memoriam
