1619 2542
549 94 650 146 CAP.
678 98 733 138 60,
760 98 802 129 61
831 97 850 136 5
879 97 1074 128 165-111.
1409 94 1492 136 165

151 191 223 246 qui
251 191 316 233 sui
334 191 489 244 luctus,
514 193 658 245 pater3
682 193 817 245 pater,
843 190 1030 244 inquam,
1056 189 1172 231 illius
1195 190 1493 244 adulescentis,

151 265 276 304 quem
308 252 488 304 propter
521 250 653 290 animi
685 249 877 290 dolorem
908 248 1124 303 pertenuis
1160 248 1345 302 suspicio
1372 252 1493 303 potu-

150 309 256 350 isset
304 323 354 349 ex
401 309 475 349 illo
523 308 616 349 loco
664 310 820 348 testem
868 307 912 348 in
954 307 1006 348 A.
1046 306 1292 348 Cluentium
1339 308 1492 349 consti-

150 371 286 421 tuere,
323 368 360 408 is
397 367 509 408 hunc
548 381 624 407 suo
662 366 910 408 testimonio
953 366 1165 420 sublevat3
1203 366 1314 421 quod
1346 368 1491 408 recita.

115 438 131 463 5
152 425 217 467 Tu
243 428 398 479 autem,
424 425 508 466 nisi
534 426 764 466 molestum
786 428 863 477 est,
888 425 1108 479 paulisper
1128 439 1325 481 exsurge3
1351 425 1493 479 perfer

150 485 263 526 hunc
308 485 499 525 dolorem
540 483 960 525 commemorationis
997 484 1281 538 necessariae,
1324 485 1369 525 in
1409 500 1493 550 qua

152 557 232 599 ego
280 543 439 584 diutius
483 557 570 584 non
615 542 833 596 m0r·,ab01
878 543 1096 596 quoniam,
1142 543 1254 597 quod
1291 543 1374 584 fuit
1411 544 1493 584 viii

152 602 323 657 optimi,
355 601 505 651 fecisti,
537 604 585 642 ut
616 615 668 642 116
701 601 767 642 6111
798 601 1015 642 innocenti
1046 616 1215 643 maeror
1248 604 1347 643 tuus
1380 603 1491 643 cala-

151 661 347 702 mitatem
381 663 424 702 et
453 660 612 701 falsum
644 660 803 701 crimen
836 660 1033 701 adferret.

99 732 131 756 10
240 719 384 761 Unum
420 719 551 760 etiam
583 718 689 759 mihi
719 718 931 773 reliquum
959 719 1047 759 eius
1074 719 1189 760 modi
1216 719 1376 761 crimen
1404 722 1481 773 est,
1499 695 1562 778 3319*

150 779 327 833 iudices,
366 793 415 819 ex
448 793 531 832 quo
564 777 669 818 illud
701 777 942 832 perspicere
973 778 1173 832 possitis,
1213 778 1324 832 quod
1357 794 1382 819 a
1414 793 1480 819 me

150 837 273 878 initio
316 837 521 878 orationis
560 850 678 878 meae
717 836 877 877 dictum
919 839 1001 890 est,
1042 836 1242 891 quicquid
1284 838 1384 878 mali
1418 841 1494 892 pei·

150 896 278 938 hosce
317 910 451 937 annos
479 895 527 936 A.
561 894 785 937 Cluentius
823 895 996 948 viderit,
1034 896 1233 950 quicquid
1270 896 1352 937 hoc
1390 899 1494 936 tem-

150 969 254 1009 pore
284 955 443 996 habeat
469 954 770 996 sollicitudinis
804 969 852 995 66
877 954 1053 1009 negotii,
1084 954 1128 995 id
1154 969 1278 996 omne
1305 969 1330 995 a
1356 958 1493 996 matre

100 1025 244 1055 156556
297 1013 539 1055 conflatum.
613 1012 896 1068 Oppianicum
939 1027 1101 1054 veneno
1145 1016 1346 1054 necatum
1390 1028 1494 1066 esse,

152 1072 263 1127 quod
296 1072 335 1113 ei
366 1072 513 1113 datum
547 1072 603 1113 sit
634 1072 678 1112 in
710 1086 818 1125 pane
851 1086 926 1126 per
951 1071 1006 1112 M.
1027 1071 1243 1113 Asellium
1270 1072 1492 1126 quendam,

149 1131 408 1172 familiarem
447 1131 582 1185 illius,
626 1130 753 1184 idque
791 1129 943 1171 Habiti
981 1131 1159 1172 consilio
1196 1130 1360 1172 factum
1401 1145 1493 1172 6556

152 1190 304 1231 dicitis.
377 1190 428 1230 In
479 1204 562 1244 quo
606 1191 792 1244 primum
835 1189 942 1230 illud
986 1204 1162 1243 quaero,
1214 1204 1322 1244 quae
1366 1204 1493 1231 661156

153 1248 316 1289 Habito
347 1248 490 1301 fuerit,
523 1263 596 1290 cur
627 1249 865 1289 interficere
898 1247 1182 1303 Oppianicum
1212 1249 1355 1289 vellet.
1411 1247 1494 1289 Ini-

100 1316 135 1341 ‘20
154 1307 339 1348 micitias
361 1307 473 1348 enim
495 1308 625 1359 [inter
644 1307 782 1361 ipsos]
803 1307 934 1348 fuisse
956 1307 1181 1359 confiteor,
1206 1307 1279 1348 sed
1296 1307 1493 1348 homines

152 1365 347 1407 inimicos
368 1380 466 1407 suos
488 1368 626 1406 morte
649 1365 772 1407 adfici
792 1367 954 1419 volunt,
975 1368 1049 1406 aut
1070 1366 1182 1419 quod
1204 1380 1274 1406 605
1295 1368 1493 1406 metuunt

154 1426 229 1465 aut
262 1424 376 1477 quod
407 1424 599 1465 oderunt.
650 1423 741 1472 Quo
774 1424 946 1465 tandem
977 1424 1112 1478 igitur
1144 1423 1331 1464 Habitus
1363 1427 1481 1464 metu
1498 1437 1565 1468 170

155 1482 361 1523 adductus
392 1485 561 1523 tantum
594 1483 639 1523 in
670 1497 714 1523 se
744 1481 910 1523 facinus
944 1483 1158 1536 suscipere
1192 1484 1371 1523 conatus
1398 1483 1492 1524 est?

156 1540 257 1595 quid
289 1543 398 1594 erat,
430 1541 542 1594 quod
567 1542 654 1582 iam
686 1540 967 1595 Oppianicum
999 1555 1138 1595 poena
1170 1540 1381 1582 adfectum
1414 1555 1492 1594 pro

102 1608 136 1633 25
156 1599 378 1640 maleficiis
423 1603 465 1639 et
509 1600 689 1640 eiectum
734 1613 756 1639 e
800 1599 975 1640 civitate
1020 1599 1247 1653 quisquam
1289 1599 1492 1641 timeret?

157 1657 256 1712 quid
306 1658 551 1699 metuebat?
600 1672 653 1698 116
698 1659 1019 1712 oppugnaretur
1063 1672 1088 1698 a
1131 1657 1298 1711 perdito
1343 1672 1397 1698 an
1439 1672 1492 1699 ne

156 1718 426 1758 accusaretur
463 1731 488 1757 a
526 1716 729 1757 damnato
769 1731 823 1756 an
854 1731 907 1756 ne
939 1716 1098 1757 exsulis
1129 1716 1377 1757 testimonio
1409 1716 1493 1758 lae-

156 1775 358 1816 deretur?
421 1773 465 1816 Si
504 1777 663 1828 autem,
701 1775 813 1828 quod
852 1774 999 1815 oderat
1037 1774 1222 1816 Habitus
1259 1775 1494 1828 inimicum,

155 1833 311 1875 idcirco
343 1833 464 1874 illum
495 1834 585 1874 vita
614 1833 700 1873 frui
730 1833 887 1886 noluit,
919 1833 1078 1874 adeone
1111 1836 1204 1874 erat
1236 1834 1413 1886 stultus,
1444 1837 1494 1875 ut

103 1892 290 1947 301116111,
322 1907 450 1946 quam
480 1895 573 1933 tum
604 1892 678 1932 ille
706 1891 887 1945 vivebat,
918 1892 1052 1933 vitam
1078 1906 1171 1934 esse
1199 1893 1493 1947 arbitraretur,

157 1950 365 2004 damnati,
403 1951 581 2004 exsulis,
619 1950 777 1991 deserti
816 1951 869 1991 ab
903 1951 1116 2004 omnibus,
1155 1966 1280 2005 quem
1318 1954 1494 2005 propter

157 2009 290 2050 animi
314 2010 684 2062 importunitatem
708 2023 833 2050 1161110
853 2009 1038 2062 recipere
1060 2011 1187 2064 tecto,
1218 2024 1343 2050 nemo
1366 2010 1493 2061 adire,

157 2081 282 2108 nemo
321 2067 511 2122 adloqui,
548 2082 673 2108 nemo
714 2067 929 2121 adspicere
960 2068 1121 2109 vellet?
1184 2068 1321 2108 Huius
1359 2067 1494 2122 igitur

156 2125 345 2166 Habitus
377 2127 491 2167 vitae
523 2126 772 2167 invidebat?
828 2126 951 2167 Hunc
984 2127 1019 2167 si
1052 2126 1203 2168 acerbe
1236 2129 1279 2167 et
1309 2126 1479 2179 penitus
1497 2138 1561 2170 171

105 2194 140 2220 35
160 2183 320 2237 oderat,
345 2198 432 2225 non
458 2199 553 2225 eum
581 2199 707 2238 quam
734 2183 972 2225 diutissime
992 2185 1134 2226 vivere
1154 2185 1263 2225 velle
1285 2184 1494 2225 debebat?

156 2242 254 2283 huic
291 2245 474 2283 mortem
514 2243 763 2284 maturabat
801 2242 1015 2296 inimicus,
1053 2243 1166 2297 quod
1196 2243 1418 2283 1111111111111
1450 2243 1495 2283 in
1529 2293 1532 2295 ‚

158 2300 284 2341 malis
323 2304 415 2342 erat
451 2302 693 2356 perfugium
726 2301 1012 2342 calamitatis?
1046 2300 1127 2350 Qui
1161 2301 1197 2342 si
1231 2300 1331 2354 quid
1362 2300 1495 2342 animi
