1687 2533
244 85 329 128 448
375 85 554 121 ORATIO
581 84 701 119 POST
727 84 945 118 REDITUM
971 84 1035 118 AD
1063 83 1286 125 QUIRITES
1312 83 1505 118 HABITA.

244 182 401 237 magis,
433 182 507 223 sed
538 184 759 235 tamquam
791 181 904 221 bona
935 180 1137 221 valetudo
1168 180 1391 221 iucundior
1422 182 1487 220 est
1517 178 1583 232 iis,

245 242 317 296 qui
350 256 371 282 e
405 240 527 296 gravi
559 241 709 281 morbo
746 239 926 280 recreati
958 242 1068 291 sunt,
1100 253 1227 293 quam
1254 238 1326 291 qui
1350 252 1583 292 numquam

247 315 375 355 aegro
403 314 580 353 corpore
606 299 789 351 fuerunt,
816 299 875 339 sic
902 298 1006 339 haec
1026 297 1169 339 omnia
1189 297 1426 338 desiderata
1446 296 1582 351 magis

194 345 375 426 {quam
427 358 600 399 adsidue
650 359 852 411 percepta
895 356 1120 397 delectant.
1195 355 1406 404 Quorsum
1449 355 1584 410 igitur

248 419 351 459 haec
378 416 580 471 disputo?
607 415 838 470 quorsum?
888 414 949 456 Ut
974 415 1225 470 intellegere
1250 414 1426 468 possitis
1452 413 1579 455 nemi·
1602 426 1619 452 5

244 491 342 518 nem
369 489 574 529 umquam
595 477 725 521 ,tanta
751 474 996 527 eloquentia
1020 473 1153 515 fuisse
1172 487 1309 527 neque
1328 476 1420 514 tam
1440 472 1582 514 divino

247 538 375 589 atque
413 533 655 575 incredibili
689 547 843 588 genere
877 533 1058 584 dicendi,
1097 533 1168 586 qui
1201 535 1390 573 vestram
1421 531 1583 585 magni-

245 594 437 634 tudinem
477 591 882 645 multitudinemque
919 591 1240 644 beneficiorum,
1279 606 1404 645 quam
1441 590 1487 631 in
1517 603 1584 630 me

244 653 506 705 fratremque
544 666 687 692 meum
725 653 768 691 et
805 651 963 691 liberos
994 653 1165 691 nostros
1199 649 1461 702 contulistis,
1497 663 1585 690 non

246 711 372 752 modo
406 724 562 765 augere
596 712 668 750 aut
701 723 853 750 ornare
886 709 1097 761 oratione,
1129 709 1204 749 sed
1235 722 1480 749 enumerare
1512 709 1585 748 aut
1605 719 1639 743 10

246 770 447 823 consequi
480 769 629 822 possit.
691 768 730 808 A
762 768 1030 822 parentibus,
1062 767 1104 808 id
1138 767 1250 821 quod
1280 781 1450 808 necesse
1483 770 1585 819 erat,

246 842 403 883 parvus
438 842 532 868 sum
563 829 826 881 procreatus,
858 842 882 867 a
913 826 1035 867 vobis
1060 828 1187 867 natus
1215 841 1309 867 sum
1335 824 1585 867 consularis.

246 886 318 928 Illi
364 886 471 927 mihi
514 885 692 926 fratrem
738 885 1022 940 incognitum,
1067 885 1204 939 qualis
1249 885 1417 925 futurus
1462 885 1586 936 esset,

247 945 470 997 dederunt,
508 959 582 986 vos
624 946 860 998 spectatum
900 946 942 984 et
979 944 1218 985 incredibili
1249 943 1411 998 pietate
1443 941 1585 995 cogni-

246 1008 338 1045 tum
365 1003 621 1045 reddidistis.
664 1003 771 1044 Rem
797 1003 1011 1056 publicam
1037 1003 1123 1043 illis
1152 1002 1292 1056 accepi
1318 1001 1585 1056 temporibus
1606 1011 1639 1038 1⁵

248 1078 360 1116 eam,
399 1077 505 1116 quae
538 1076 670 1115 paene
704 1062 862 1102 amissa
894 1064 977 1114 est,
1009 1076 1033 1102 a
1065 1061 1185 1102 vobis
1218 1076 1311 1101 eam
1343 1060 1587 1114 reciperavi,

249 1136 375 1176 quam
415 1120 644 1173 aliquando
685 1134 830 1161 omnes
862 1120 986 1160 unius
1019 1133 1148 1173 opera
1181 1122 1396 1160 servatam
1427 1118 1587 1159 iudica-

246 1181 410 1220 verunt.
479 1178 535 1219 Di
578 1179 846 1220 immortales
891 1178 998 1219 mihi
1040 1178 1210 1219 liberos>
1244 1178 1466 1230 dederunt,
1510 1190 1586 1218 vos

248 1238 503 1279 reddidistis.
564 1236 702 1278 Multa
742 1239 964 1290 praeterea
1002 1252 1026 1277 a
1064 1237 1127 1277 dis
1166 1236 1483 1277 immortalibus
1516 1249 1587 1289 op-

247 1299 340 1337 tata
390 1296 607 1337 consecuti
657 1310 820 1349 sumus3
869 1295 951 1336 nisi
994 1298 1138 1336 vestra
1180 1296 1379 1345 voluntas
1422 1294 1588 1346 fuisset,
1607 1306 1642 1331 20

249 1355 451 1396 omnibus
485 1354 638 1395 divinis
672 1354 915 1395 muneribus
951 1368 1201 1395 careremus.
1265 1353 1442 1394 Vestros
1475 1352 1587 1393 deni-

249 1428 329 1468 que
361 1414 558 1466 honores,
591 1428 696 1467 quos
729 1428 897 1454 eramus
924 1413 1139 1467 gradatim
1166 1412 1359 1467 singulos
1386 1411 1588 1464 adsecuti,

249 1487 360 1513 nunc
400 1487 424 1512 a
456 1472 578 1513 vobis
611 1472 832 1513 universos
864 1472 1090 1524 habemus,
1122 1474 1188 1525 ut,
1220 1473 1428 1526 quantum
1461 1473 1588 1511 antea

250 1531 513 1584 parentibus,
540 1533 745 1585 quantum
773 1531 836 1571 dis
861 1530 1191 1583 immortalibus,
1217 1532 1422 1584 quantum
1447 1528 1588 1570 vobis-

250 1592 338 1630 met
369 1589 488 1644 ipsis,
519 1592 689 1630 tantum
721 1589 802 1631 hoc
833 1592 1025 1643 tempore
1056 1589 1301 1631 universum
1333 1590 1484 1630 cuncto
1517 1601 1588 1642 po·
1608 1599 1642 1625 25

251 1649 351 1702 pulo
385 1648 580 1689 Romano
614 1647 854 1689 debeamus.

204 1717 224 1747 6
338 1705 451 1747 Nam
479 1721 574 1747 cum
599 1706 644 1747 in
670 1707 764 1760 ipso
793 1707 995 1748 beneficio
1021 1709 1164 1748 vestro
1191 1709 1313 1748 tanta
1337 1704 1587 1760 magnitudo

251 1767 334 1818 est,
372 1768 420 1805 ut
459 1779 551 1805 eam
591 1765 816 1819 complecti
858 1765 1050 1806 oratione
1087 1780 1173 1806 non
1204 1765 1384 1820 possim,
1421 1767 1514 1804 tum
1544 1763 1589 1804 in

252 1823 404 1864 studiis
437 1824 592 1864 vestris
625 1827 747 1865 tanta
779 1824 1019 1865 animorum
1046 1824 1262 1865 declarata
1287 1826 1353 1864 est
1377 1822 1590 1876 voluntas,

250 1884 299 1922 ut
329 1895 415 1922 non
448 1882 584 1923 solum
621 1882 911 1923 calamitatem
943 1883 1049 1923 mihi
1081 1882 1326 1935 detraxisse,
1358 1881 1431 1922 sed
1459 1881 1588 1922 etiam
1608 1891 1643 1917 3⁰

199 1941 225 1981 3
253 1940 507 1994 dignitatem
552 1940 719 1981 auxisse
764 1941 1004 1982 videamini.
1076 1940 1175 1982 Non
1219 1940 1330 1981 enim
1373 1954 1450 1994 pro
1494 1953 1587 1980 meo

252 1999 392 2039 reditu
429 2000 477 2038 ut
514 2013 592 2052 pro
625 1998 668 2039 P.
707 1999 865 2053 Popili,
903 1999 1164 2041 nobilissimi
1203 1998 1408 2052 hominis,
1446 1998 1590 2039 adule-

254 2060 418 2098 scentes
457 2056 536 2097 filii
575 2059 616 2097 et
655 2058 780 2097 multi
812 2061 1034 2112 praeterea
1065 2057 1238 2112 cognati
1269 2059 1397 2110 atque
1430 2056 1588 2098 adfines

253 2115 469 2169 deprecati
495 2118 605 2167 sunt,
636 2129 721 2156 non
753 2118 799 2156 ut
832 2131 908 2170 pro
935 2115 981 2164 Q.
1001 2115 1190 2168 Metello,
1222 2116 1458 2157 clarissimo
1484 2116 1590 2168 viro,

252 2174 339 2214 iam
373 2176 568 2228 spectata
600 2176 740 2214 aetate
772 2174 905 2229 filius,
936 2189 1023 2215 non
1054 2173 1099 2215 L.
1131 2174 1411 2215 Diadematus
1444 2188 1589 2215 consu·
1608 2183 1643 2209 35

252 2232 373 2285 laris,
418 2246 584 2273 summa
629 2232 884 2273 auctoritate
928 2233 1011 2286 vir,
1054 2246 1141 2273 non
1179 2231 1222 2273 C.
1259 2232 1460 2274 Metellus
1499 2246 1590 2273 cen-

254 2290 403 2335 sorius.
434 2305 521 2332 non
553 2304 700 2332 eorum
733 2290 868 2345 liberi,
899 2306 983 2333 non
1018 2289 1064 2339 Q.
1096 2290 1296 2332 Metellus
1327 2290 1486 2346 Nepos,
1518 2289 1591 2345 qui
