<?xml version="1.0" encoding="UTF-8"?>
<!DOCTYPE html PUBLIC "-//W3C//DTD XHTML 1.0 Transitional//EN"
    "http://www.w3.org/TR/xhtml1/DTD/xhtml1-transitional.dtd">
<html xmlns="http://www.w3.org/1999/xhtml" xml:lang="en" lang="en">
 <head>
  <title>
</title>
<meta http-equiv="Content-Type" content="text/html;charset=utf-8" />
  <meta name='ocr-system' content='tesseract 3.04.00' />
  <meta name='ocr-capabilities' content='ocr_page ocr_carea ocr_par ocr_line ocrx_word'/>
</head>
<body>
  <div class='ocr_page' id='page_1' title='image "./p2scriptaquaemanse02ciceuoft_0468.png"; bbox 0 0 1619 2542; ppageno 0'>
   <div class='ocr_carea' id='block_1_1' title="bbox 111 89 1093 133">
    <p class='ocr_par' dir='ltr' id='par_1_1' title="bbox 111 89 1093 133">
     <span class='ocr_line' id='line_1_1' title="bbox 111 89 1093 133; baseline -0.009 0"><span class='ocrx_word' id='word_1_1' title='bbox 111 91 195 133; x_wconf 80' lang='grc'>316</span> <span class='ocrx_word' id='word_1_2' title='bbox 480 91 576 126; x_wconf 75' lang='lat' dir='ltr'>PRO</span> <span class='ocrx_word' id='word_1_3' title='bbox 601 90 642 125; x_wconf 82' lang='lat' dir='ltr'>L.</span> <span class='ocrx_word' id='word_1_4' title='bbox 669 89 876 126; x_wconf 85' lang='lat' dir='ltr'><strong>MURENA</strong></span> <span class='ocrx_word' id='word_1_5' title='bbox 903 89 1093 125; x_wconf 82' lang='lat' dir='ltr'><strong>ORATIO.</strong></span> 
     </span>
    </p>
   </div>
   <div class='ocr_carea' id='block_1_2' title="bbox 38 185 1506 2350">
    <p class='ocr_par' dir='ltr' id='par_1_2' title="bbox 108 185 1504 771">
     <span class='ocr_line' id='line_1_2' title="bbox 112 185 1452 241; baseline -0.001 -12"><span class='ocrx_word' id='word_1_6' title='bbox 112 187 284 229; x_wconf 87' lang='lat' dir='ltr'>deratae</span> <span class='ocrx_word' id='word_1_7' title='bbox 322 189 439 240; x_wconf 88' lang='lat' dir='ltr'>sunt,</span> <span class='ocrx_word' id='word_1_8' title='bbox 479 201 586 241; x_wconf 88' lang='lat' dir='ltr'>quae</span> <span class='ocrx_word' id='word_1_9' title='bbox 625 187 776 228; x_wconf 82' lang='lat' dir='ltr'>ambae</span> <span class='ocrx_word' id='word_1_10' title='bbox 814 186 859 226; x_wconf 91' lang='lat' dir='ltr'>in</span> <span class='ocrx_word' id='word_1_11' title='bbox 891 185 1116 228; x_wconf 85' lang='lat' dir='ltr'>consulatu</span> <span class='ocrx_word' id='word_1_12' title='bbox 1148 186 1331 228; x_wconf 89' lang='lat' dir='ltr'>multum</span> <span class='ocrx_word' id='word_1_13' title='bbox 1361 185 1452 228; x_wconf 89' lang='lat' dir='ltr'>Mu-</span> 
     </span>
     <span class='ocr_line' id='line_1_3' title="bbox 109 244 1452 300; baseline -0.001 -12"><span class='ocrx_word' id='word_1_14' title='bbox 109 260 236 288; x_wconf 88' lang='lat' dir='ltr'>renae</span> <span class='ocrx_word' id='word_1_15' title='bbox 279 245 553 300; x_wconf 84' lang='lat' dir='ltr'>profuerunt,</span> <span class='ocrx_word' id='word_1_16' title='bbox 597 260 681 286; x_wconf 90' lang='lat' dir='ltr'>una</span> <span class='ocrx_word' id='word_1_17' title='bbox 725 245 968 299; x_wconf 73' lang='lat' dir='ltr'>expectatio</span> <span class='ocrx_word' id='word_1_18' title='bbox 1013 244 1220 299; x_wconf 87' lang='lat' dir='ltr'>muneris,</span> <span class='ocrx_word' id='word_1_19' title='bbox 1265 259 1373 299; x_wconf 88' lang='lat' dir='ltr'>quae</span> <span class='ocrx_word' id='word_1_20' title='bbox 1409 248 1452 287; x_wconf 91' lang='lat' dir='ltr'>et</span> 
     </span>
     <span class='ocr_line' id='line_1_4' title="bbox 110 303 1452 370; baseline -0.001 -24"><span class='ocrx_word' id='word_1_21' title='bbox 110 319 279 346; x_wconf 83' lang='lat' dir='ltr'>rumore</span> <span class='ocrx_word' id='word_1_22' title='bbox 320 319 407 346; x_wconf 92' lang='lat' dir='ltr'>non</span> <span class='ocrx_word' id='word_1_23' title='bbox 444 304 565 345; x_wconf 90' lang='lat' dir='ltr'>nullo</span> <span class='ocrx_word' id='word_1_24' title='bbox 605 306 647 344; x_wconf 89' lang='lat' dir='ltr'>et</span> <span class='ocrx_word' id='word_1_25' title='bbox 679 303 832 345; x_wconf 86' lang='lat' dir='ltr'>studiis</span> <span class='ocrx_word' id='word_1_26' title='bbox 861 303 1219 370; x_wconf 79' lang='lat' dir='ltr'>sermonibusque</span> <span class='ocrx_word' id='word_1_27' title='bbox 1251 304 1452 369; x_wconf 82' lang='lat' dir='ltr'>competi-</span> 
     </span>
     <span class='ocr_line' id='line_1_5' title="bbox 109 361 1452 417; baseline -0.001 -12"><span class='ocrx_word' id='word_1_28' title='bbox 109 367 251 405; x_wconf 88' lang='lat' dir='ltr'>torum</span> <span class='ocrx_word' id='word_1_29' title='bbox 284 366 497 417; x_wconf 84' lang='lat' dir='ltr'>creverat,</span> <span class='ocrx_word' id='word_1_30' title='bbox 528 363 680 416; x_wconf 85' lang='lat' dir='ltr'>altera,</span> <span class='ocrx_word' id='word_1_31' title='bbox 714 362 827 416; x_wconf 91' lang='lat' dir='ltr'>quod</span> <span class='ocrx_word' id='word_1_32' title='bbox 856 361 906 417; x_wconf 91' lang='lat' dir='ltr'>ii,</span> <span class='ocrx_word' id='word_1_33' title='bbox 938 376 1044 416; x_wconf 91' lang='lat' dir='ltr'>quos</span> <span class='ocrx_word' id='word_1_34' title='bbox 1075 361 1121 403; x_wconf 92' lang='lat' dir='ltr'>in</span> <span class='ocrx_word' id='word_1_35' title='bbox 1151 362 1374 417; x_wconf 88' lang='lat' dir='ltr'>provincia</span> <span class='ocrx_word' id='word_1_36' title='bbox 1404 377 1452 404; x_wconf 87' lang='lat' dir='ltr'>ac</span> 
     </span>
     <span class='ocr_line' id='line_1_6' title="bbox 109 396 1488 477; baseline -0.003 -14"><span class='ocrx_word' id='word_1_37' title='bbox 109 422 327 477; x_wconf 72' lang='lat' dir='ltr'>legatione</span> <span class='ocrx_word' id='word_1_38' title='bbox 360 396 498 463; x_wconf 66' lang='lat' dir='ltr'>omnis²</span> <span class='ocrx_word' id='word_1_39' title='bbox 531 423 574 462; x_wconf 87' lang='lat' dir='ltr'>et</span> <span class='ocrx_word' id='word_1_40' title='bbox 604 420 881 462; x_wconf 82' lang='lat' dir='ltr'>liberalitatis</span> <span class='ocrx_word' id='word_1_41' title='bbox 913 423 956 462; x_wconf 91' lang='lat' dir='ltr'>et</span> <span class='ocrx_word' id='word_1_42' title='bbox 987 420 1159 462; x_wconf 87' lang='lat' dir='ltr'>virtutis</span> <span class='ocrx_word' id='word_1_43' title='bbox 1192 435 1294 463; x_wconf 90' lang='lat' dir='ltr'>suae</span> <span class='ocrx_word' id='word_1_44' title='bbox 1325 421 1450 463; x_wconf 89' lang='lat' dir='ltr'>testis</span> <span class='ocrx_word' id='word_1_45' title='bbox 1469 433 1488 459; x_wconf 85' lang='lat'>5</span> 
     </span>
     <span class='ocr_line' id='line_1_7' title="bbox 109 478 1452 534; baseline -0.001 -12"><span class='ocrx_word' id='word_1_46' title='bbox 109 481 338 534; x_wconf 77' lang='lat' dir='ltr'>habuerat,</span> <span class='ocrx_word' id='word_1_47' title='bbox 374 480 565 522; x_wconf 84' lang='lat' dir='ltr'>nondum</span> <span class='ocrx_word' id='word_1_48' title='bbox 604 479 884 522; x_wconf 74' lang='lat' dir='ltr'>decesserant.</span> <span class='ocrx_word' id='word_1_49' title='bbox 946 478 1114 521; x_wconf 92' lang='lat' dir='ltr'>Horum</span> <span class='ocrx_word' id='word_1_50' title='bbox 1151 482 1380 534; x_wconf 87' lang='lat' dir='ltr'>utrumque</span> <span class='ocrx_word' id='word_1_51' title='bbox 1413 480 1452 521; x_wconf 91' lang='lat' dir='ltr'>ei</span> 
     </span>
     <span class='ocr_line' id='line_1_8' title="bbox 108 537 1453 593; baseline -0.001 -12"><span class='ocrx_word' id='word_1_52' title='bbox 108 540 283 581; x_wconf 84' lang='lat' dir='ltr'>fortuna</span> <span class='ocrx_word' id='word_1_53' title='bbox 316 539 368 579; x_wconf 86' lang='lat' dir='ltr'>ad</span> <span class='ocrx_word' id='word_1_54' title='bbox 400 540 646 580; x_wconf 83' lang='lat' dir='ltr'>consulatus</span> <span class='ocrx_word' id='word_1_55' title='bbox 678 538 931 593; x_wconf 81' lang='lat' dir='ltr'>petitionem</span> <span class='ocrx_word' id='word_1_56' title='bbox 962 538 1209 580; x_wconf 83' lang='lat' dir='ltr'>reservavit.</span> <span class='ocrx_word' id='word_1_57' title='bbox 1263 537 1378 580; x_wconf 87' lang='lat' dir='ltr'>Nam</span> <span class='ocrx_word' id='word_1_58' title='bbox 1410 541 1453 580; x_wconf 89' lang='lat' dir='ltr'>et</span> 
     </span>
     <span class='ocr_line' id='line_1_9' title="bbox 109 597 1452 653; baseline -0.001 -14"><span class='ocrx_word' id='word_1_59' title='bbox 109 598 153 639; x_wconf 90' lang='lat' dir='ltr'>L.</span> <span class='ocrx_word' id='word_1_60' title='bbox 193 598 360 639; x_wconf 86' lang='lat' dir='ltr'>Luculli</span> <span class='ocrx_word' id='word_1_61' title='bbox 405 598 633 653; x_wconf 85' lang='lat' dir='ltr'>exercitus,</span> <span class='ocrx_word' id='word_1_62' title='bbox 678 597 751 652; x_wconf 93' lang='lat' dir='ltr'>qui</span> <span class='ocrx_word' id='word_1_63' title='bbox 789 597 842 638; x_wconf 89' lang='lat' dir='ltr'>ad</span> <span class='ocrx_word' id='word_1_64' title='bbox 878 597 1143 651; x_wconf 83' lang='lat' dir='ltr'>triumphum</span> <span class='ocrx_word' id='word_1_65' title='bbox 1182 600 1452 652; x_wconf 87' lang='lat' dir='ltr'>convenerat,</span> 
     </span>
     <span class='ocr_line' id='line_1_10' title="bbox 108 655 1451 711; baseline -0.001 -13"><span class='ocrx_word' id='word_1_66' title='bbox 108 657 220 698; x_wconf 88' lang='lat' dir='ltr'>idem</span> <span class='ocrx_word' id='word_1_67' title='bbox 253 656 441 698; x_wconf 87' lang='lat' dir='ltr'>comitiis</span> <span class='ocrx_word' id='word_1_68' title='bbox 474 656 520 697; x_wconf 93' lang='lat' dir='ltr'>L.</span> <span class='ocrx_word' id='word_1_69' title='bbox 539 655 743 697; x_wconf 87' lang='lat' dir='ltr'>Murenae</span> <span class='ocrx_word' id='word_1_70' title='bbox 768 658 942 711; x_wconf 87' lang='lat' dir='ltr'>praesto</span> <span class='ocrx_word' id='word_1_71' title='bbox 975 655 1071 706; x_wconf 89' lang='lat' dir='ltr'>fuit,</span> <span class='ocrx_word' id='word_1_72' title='bbox 1103 658 1146 697; x_wconf 87' lang='lat' dir='ltr'>et</span> <span class='ocrx_word' id='word_1_73' title='bbox 1177 670 1332 697; x_wconf 86' lang='lat' dir='ltr'>munus</span> <span class='ocrx_word' id='word_1_74' title='bbox 1364 670 1451 697; x_wconf 91' lang='lat' dir='ltr'>am-</span> 
     </span>
     <span class='ocr_line' id='line_1_11' title="bbox 108 714 1504 771; baseline -0.002 -14"><span class='ocrx_word' id='word_1_75' title='bbox 108 716 368 771; x_wconf 89' lang='lat' dir='ltr'>plissimum,</span> <span class='ocrx_word' id='word_1_76' title='bbox 407 715 518 769; x_wconf 88' lang='lat' dir='ltr'>quod</span> <span class='ocrx_word' id='word_1_77' title='bbox 557 715 710 769; x_wconf 88' lang='lat' dir='ltr'>petitio</span> <span class='ocrx_word' id='word_1_78' title='bbox 749 717 974 770; x_wconf 87' lang='lat' dir='ltr'>praeturae</span> <span class='ocrx_word' id='word_1_79' title='bbox 1012 714 1295 769; x_wconf 87' lang='lat' dir='ltr'>desiderarat,</span> <span class='ocrx_word' id='word_1_80' title='bbox 1333 726 1504 768; x_wconf 77' lang='lat' dir='ltr'>prae-10</span> 
     </span>
    </p>

    <p class='ocr_par' dir='ltr' id='par_1_3' title="bbox 38 772 1506 1695">
     <span class='ocr_line' id='line_1_12' title="bbox 38 772 1452 827; baseline -0.001 -11"><span class='ocrx_word' id='word_1_81' title='bbox 38 785 81 817; x_wconf 79' lang='lat'>38</span> <span class='ocrx_word' id='word_1_82' title='bbox 108 778 206 816; x_wconf 85' lang='lat' dir='ltr'>tura</span> <span class='ocrx_word' id='word_1_83' title='bbox 250 775 453 816; x_wconf 83' lang='lat' dir='ltr'>restituit.</span> <span class='ocrx_word' id='word_1_84' title='bbox 521 772 637 815; x_wconf 89' lang='lat' dir='ltr'>Num</span> <span class='ocrx_word' id='word_1_85' title='bbox 674 773 756 814; x_wconf 89' lang='lat' dir='ltr'>tibi</span> <span class='ocrx_word' id='word_1_86' title='bbox 792 773 898 815; x_wconf 87' lang='lat' dir='ltr'>haec</span> <span class='ocrx_word' id='word_1_87' title='bbox 933 788 1067 827; x_wconf 87' lang='lat' dir='ltr'>parva</span> <span class='ocrx_word' id='word_1_88' title='bbox 1104 773 1302 815; x_wconf 86' lang='lat' dir='ltr'>videntur</span> <span class='ocrx_word' id='word_1_89' title='bbox 1339 773 1452 814; x_wconf 89' lang='lat' dir='ltr'>adiu-</span> 
     </span>
     <span class='ocr_line' id='line_1_13' title="bbox 108 831 1453 886; baseline 0 -12"><span class='ocrx_word' id='word_1_90' title='bbox 108 835 254 875; x_wconf 89' lang='lat' dir='ltr'>menta</span> <span class='ocrx_word' id='word_1_91' title='bbox 286 836 329 874; x_wconf 90' lang='lat' dir='ltr'>et</span> <span class='ocrx_word' id='word_1_92' title='bbox 360 832 552 874; x_wconf 89' lang='lat' dir='ltr'>subsidia</span> <span class='ocrx_word' id='word_1_93' title='bbox 578 832 837 884; x_wconf 86' lang='lat' dir='ltr'>consulatus,</span> <span class='ocrx_word' id='word_1_94' title='bbox 875 832 1076 873; x_wconf 85' lang='lat' dir='ltr'>voluntas</span> <span class='ocrx_word' id='word_1_95' title='bbox 1102 831 1320 874; x_wconf 85' lang='lat' dir='ltr'>militum?</span> <span class='ocrx_word' id='word_1_96' title='bbox 1347 846 1453 886; x_wconf 87' lang='lat' dir='ltr'>quae</span> 
     </span>
     <span class='ocr_line' id='line_1_14' title="bbox 108 890 1452 946; baseline -0.001 -13"><span class='ocrx_word' id='word_1_97' title='bbox 108 907 202 933; x_wconf 87' lang='lat' dir='ltr'>cum</span> <span class='ocrx_word' id='word_1_98' title='bbox 240 906 316 946; x_wconf 85' lang='lat' dir='ltr'>per</span> <span class='ocrx_word' id='word_1_99' title='bbox 348 906 392 933; x_wconf 90' lang='lat' dir='ltr'>se</span> <span class='ocrx_word' id='word_1_100' title='bbox 425 891 542 932; x_wconf 85' lang='lat' dir='ltr'>valet</span> <span class='ocrx_word' id='word_1_101' title='bbox 573 890 860 944; x_wconf 87' lang='lat' dir='ltr'>multitudine,</span> <span class='ocrx_word' id='word_1_102' title='bbox 893 906 988 933; x_wconf 91' lang='lat' dir='ltr'>cum</span> <span class='ocrx_word' id='word_1_103' title='bbox 1021 890 1134 945; x_wconf 87' lang='lat' dir='ltr'>apud</span> <span class='ocrx_word' id='word_1_104' title='bbox 1165 905 1265 932; x_wconf 89' lang='lat' dir='ltr'>suos</span> <span class='ocrx_word' id='word_1_105' title='bbox 1299 890 1452 946; x_wconf 86' lang='lat' dir='ltr'>gratia,</span> 
     </span>
     <span class='ocr_line' id='line_1_15' title="bbox 106 949 1452 1003; baseline -0.001 -11"><span class='ocrx_word' id='word_1_106' title='bbox 106 956 197 992; x_wconf 87' lang='lat' dir='ltr'>tum</span> <span class='ocrx_word' id='word_1_107' title='bbox 238 964 338 992; x_wconf 87' lang='lat' dir='ltr'>vero</span> <span class='ocrx_word' id='word_1_108' title='bbox 377 951 423 991; x_wconf 91' lang='lat' dir='ltr'>in</span> <span class='ocrx_word' id='word_1_109' title='bbox 461 949 633 991; x_wconf 88' lang='lat' dir='ltr'>consule</span> <span class='ocrx_word' id='word_1_110' title='bbox 671 949 926 991; x_wconf 88' lang='lat' dir='ltr'>declarando</span> <span class='ocrx_word' id='word_1_111' title='bbox 959 949 1145 991; x_wconf 90' lang='lat' dir='ltr'>multum</span> <span class='ocrx_word' id='word_1_112' title='bbox 1178 949 1309 991; x_wconf 89' lang='lat' dir='ltr'>etiam</span> <span class='ocrx_word' id='word_1_113' title='bbox 1341 950 1452 1003; x_wconf 88' lang='lat' dir='ltr'>apud</span> 
     </span>
     <span class='ocr_line' id='line_1_16' title="bbox 106 1007 1501 1063; baseline -0.001 -13"><span class='ocrx_word' id='word_1_114' title='bbox 106 1009 354 1051; x_wconf 84' lang='lat' dir='ltr'>universum</span> <span class='ocrx_word' id='word_1_115' title='bbox 386 1008 594 1063; x_wconf 90' lang='lat' dir='ltr'>populum</span> <span class='ocrx_word' id='word_1_116' title='bbox 625 1007 868 1049; x_wconf 83' lang='lat' dir='ltr'>Romanum</span> <span class='ocrx_word' id='word_1_117' title='bbox 900 1008 1171 1050; x_wconf 79' lang='lat' dir='ltr'>auctoritatis</span> <span class='ocrx_word' id='word_1_118' title='bbox 1202 1008 1333 1050; x_wconf 90' lang='lat' dir='ltr'>habet</span> <span class='ocrx_word' id='word_1_119' title='bbox 1358 1007 1444 1050; x_wconf 85' lang='lat' dir='ltr'>suf-</span> <span class='ocrx_word' id='word_1_120' title='bbox 1466 1019 1501 1045; x_wconf 86' lang='lat'>15</span> 
     </span>
     <span class='ocr_line' id='line_1_17' title="bbox 106 1066 1451 1123; baseline -0.001 -14"><span class='ocrx_word' id='word_1_121' title='bbox 106 1068 296 1123; x_wconf 80' lang='lat' dir='ltr'>fragatio</span> <span class='ocrx_word' id='word_1_122' title='bbox 328 1067 548 1120; x_wconf 84' lang='lat' dir='ltr'>militaris3</span> <span class='ocrx_word' id='word_1_123' title='bbox 579 1066 861 1120; x_wconf 83' lang='lat' dir='ltr'>imperatores</span> <span class='ocrx_word' id='word_1_124' title='bbox 893 1066 1006 1108; x_wconf 90' lang='lat' dir='ltr'>enim</span> <span class='ocrx_word' id='word_1_125' title='bbox 1039 1066 1224 1108; x_wconf 85' lang='lat' dir='ltr'>comitiis</span> <span class='ocrx_word' id='word_1_126' title='bbox 1256 1067 1451 1108; x_wconf 90' lang='lat' dir='ltr'>consula-</span> 
     </span>
     <span class='ocr_line' id='line_1_18' title="bbox 107 1124 1451 1180; baseline -0.001 -13"><span class='ocrx_word' id='word_1_127' title='bbox 107 1126 243 1179; x_wconf 87' lang='lat' dir='ltr'>ribus,</span> <span class='ocrx_word' id='word_1_128' title='bbox 285 1140 373 1167; x_wconf 91' lang='lat' dir='ltr'>non</span> <span class='ocrx_word' id='word_1_129' title='bbox 415 1126 643 1166; x_wconf 86' lang='lat' dir='ltr'>verborum</span> <span class='ocrx_word' id='word_1_130' title='bbox 691 1125 947 1180; x_wconf 85' lang='lat' dir='ltr'>interpretes</span> <span class='ocrx_word' id='word_1_131' title='bbox 986 1125 1244 1180; x_wconf 82' lang='lat' dir='ltr'>deliguntur.</span> <span class='ocrx_word' id='word_1_132' title='bbox 1312 1124 1451 1174; x_wconf 82' lang='lat' dir='ltr'>Quare</span> 
     </span>
     <span class='ocr_line' id='line_1_19' title="bbox 109 1183 1450 1239; baseline -0.001 -13"><span class='ocrx_word' id='word_1_133' title='bbox 109 1185 253 1239; x_wconf 78' lang='lat' dir='ltr'>gravis</span> <span class='ocrx_word' id='word_1_134' title='bbox 303 1187 369 1225; x_wconf 88' lang='lat' dir='ltr'>est</span> <span class='ocrx_word' id='word_1_135' title='bbox 411 1184 489 1225; x_wconf 89' lang='lat' dir='ltr'>illa</span> <span class='ocrx_word' id='word_1_136' title='bbox 533 1184 690 1225; x_wconf 89' lang='lat' dir='ltr'>oratio:</span> <span class='ocrx_word' id='word_1_137' title='bbox 742 1183 826 1225; x_wconf 73' lang='lat' dir='ltr'>‘Me</span> <span class='ocrx_word' id='word_1_138' title='bbox 871 1183 1063 1225; x_wconf 87' lang='lat' dir='ltr'>saucium</span> <span class='ocrx_word' id='word_1_139' title='bbox 1106 1183 1334 1237; x_wconf 86' lang='lat' dir='ltr'>recreavit,</span> <span class='ocrx_word' id='word_1_140' title='bbox 1383 1198 1450 1224; x_wconf 92' lang='lat' dir='ltr'>me</span> 
     </span>
     <span class='ocr_line' id='line_1_20' title="bbox 106 1242 1451 1298; baseline -0.001 -14"><span class='ocrx_word' id='word_1_141' title='bbox 106 1244 265 1298; x_wconf 88' lang='lat' dir='ltr'>praeda</span> <span class='ocrx_word' id='word_1_142' title='bbox 305 1242 498 1296; x_wconf 85' lang='lat' dir='ltr'>donavit3</span> <span class='ocrx_word' id='word_1_143' title='bbox 536 1242 617 1284; x_wconf 90' lang='lat' dir='ltr'>hoc</span> <span class='ocrx_word' id='word_1_144' title='bbox 644 1242 747 1284; x_wconf 89' lang='lat' dir='ltr'>duce</span> <span class='ocrx_word' id='word_1_145' title='bbox 780 1245 922 1284; x_wconf 84' lang='lat' dir='ltr'>castra</span> <span class='ocrx_word' id='word_1_146' title='bbox 953 1242 1160 1298; x_wconf 80' lang='lat' dir='ltr'>cepimus,</span> <span class='ocrx_word' id='word_1_147' title='bbox 1200 1242 1325 1296; x_wconf 83' lang='lat' dir='ltr'>signa</span> <span class='ocrx_word' id='word_1_148' title='bbox 1357 1256 1451 1283; x_wconf 89' lang='lat' dir='ltr'>con-</span> 
     </span>
     <span class='ocr_line' id='line_1_21' title="bbox 107 1300 1506 1356; baseline -0.002 -13"><span class='ocrx_word' id='word_1_149' title='bbox 107 1302 303 1355; x_wconf 84' lang='lat' dir='ltr'>tulimus3</span> <span class='ocrx_word' id='word_1_150' title='bbox 340 1315 575 1355; x_wconf 84' lang='lat' dir='ltr'>numquam</span> <span class='ocrx_word' id='word_1_151' title='bbox 612 1302 693 1342; x_wconf 88' lang='lat' dir='ltr'>iste</span> <span class='ocrx_word' id='word_1_152' title='bbox 733 1301 829 1355; x_wconf 91' lang='lat' dir='ltr'>plus</span> <span class='ocrx_word' id='word_1_153' title='bbox 868 1301 998 1342; x_wconf 90' lang='lat' dir='ltr'>militi</span> <span class='ocrx_word' id='word_1_154' title='bbox 1039 1301 1201 1342; x_wconf 85' lang='lat' dir='ltr'>laboris</span> <span class='ocrx_word' id='word_1_155' title='bbox 1233 1300 1451 1356; x_wconf 87' lang='lat' dir='ltr'>imposuit,</span> <span class='ocrx_word' id='word_1_156' title='bbox 1470 1312 1506 1338; x_wconf 77' lang='lat'>20</span> 
     </span>
     <span class='ocr_line' id='line_1_22' title="bbox 108 1358 1450 1415; baseline -0.002 -13"><span class='ocrx_word' id='word_1_157' title='bbox 108 1375 236 1415; x_wconf 89' lang='lat' dir='ltr'>quam</span> <span class='ocrx_word' id='word_1_158' title='bbox 270 1360 353 1401; x_wconf 90' lang='lat' dir='ltr'>sibi</span> <span class='ocrx_word' id='word_1_159' title='bbox 385 1359 570 1415; x_wconf 88' lang='lat' dir='ltr'>sumpsit</span> <span class='ocrx_word' id='word_1_160' title='bbox 600 1359 703 1414; x_wconf 88' lang='lat' dir='ltr'>ipse,</span> <span class='ocrx_word' id='word_1_161' title='bbox 735 1374 831 1402; x_wconf 89' lang='lat' dir='ltr'>cum</span> <span class='ocrx_word' id='word_1_162' title='bbox 862 1359 1000 1413; x_wconf 86' lang='lat' dir='ltr'>fortis,</span> <span class='ocrx_word' id='word_1_163' title='bbox 1031 1362 1123 1400; x_wconf 86' lang='lat' dir='ltr'>tum</span> <span class='ocrx_word' id='word_1_164' title='bbox 1155 1359 1286 1400; x_wconf 86' lang='lat' dir='ltr'>etiam</span> <span class='ocrx_word' id='word_1_165' title='bbox 1317 1358 1450 1400; x_wconf 70' lang='lat' dir='ltr'>felix.²</span> 
     </span>
     <span class='ocr_line' id='line_1_23' title="bbox 106 1418 1450 1473; baseline -0.002 -12"><span class='ocrx_word' id='word_1_166' title='bbox 106 1419 201 1461; x_wconf 88' lang='lat' dir='ltr'>Hoc</span> <span class='ocrx_word' id='word_1_167' title='bbox 234 1418 384 1473; x_wconf 86' lang='lat' dir='ltr'>quanti</span> <span class='ocrx_word' id='word_1_168' title='bbox 417 1422 545 1472; x_wconf 87' lang='lat' dir='ltr'>putas</span> <span class='ocrx_word' id='word_1_169' title='bbox 578 1432 670 1460; x_wconf 90' lang='lat' dir='ltr'>esse</span> <span class='ocrx_word' id='word_1_170' title='bbox 702 1418 755 1460; x_wconf 88' lang='lat' dir='ltr'>ad</span> <span class='ocrx_word' id='word_1_171' title='bbox 787 1418 944 1460; x_wconf 87' lang='lat' dir='ltr'>famam</span> <span class='ocrx_word' id='word_1_172' title='bbox 977 1418 1201 1460; x_wconf 89' lang='lat' dir='ltr'>hominum</span> <span class='ocrx_word' id='word_1_173' title='bbox 1227 1432 1276 1460; x_wconf 88' lang='lat' dir='ltr'>ac</span> <span class='ocrx_word' id='word_1_174' title='bbox 1301 1418 1450 1459; x_wconf 86' lang='lat' dir='ltr'>volun-</span> 
     </span>
     <span class='ocr_line' id='line_1_24' title="bbox 107 1476 1452 1532; baseline -0.001 -13"><span class='ocrx_word' id='word_1_175' title='bbox 107 1478 271 1519; x_wconf 80' lang='lat' dir='ltr'>tatem?</span> <span class='ocrx_word' id='word_1_176' title='bbox 333 1477 520 1532; x_wconf 84' lang='lat' dir='ltr'>Etenim,</span> <span class='ocrx_word' id='word_1_177' title='bbox 552 1477 588 1518; x_wconf 88' lang='lat' dir='ltr'>si</span> <span class='ocrx_word' id='word_1_178' title='bbox 619 1480 743 1518; x_wconf 87' lang='lat' dir='ltr'>tanta</span> <span class='ocrx_word' id='word_1_179' title='bbox 773 1476 862 1518; x_wconf 87' lang='lat' dir='ltr'>illis</span> <span class='ocrx_word' id='word_1_180' title='bbox 896 1477 1082 1519; x_wconf 90' lang='lat' dir='ltr'>comitiis</span> <span class='ocrx_word' id='word_1_181' title='bbox 1113 1476 1265 1531; x_wconf 82' lang='lat' dir='ltr'>religio</span> <span class='ocrx_word' id='word_1_182' title='bbox 1293 1478 1372 1529; x_wconf 82' lang='lat' dir='ltr'>est,</span> <span class='ocrx_word' id='word_1_183' title='bbox 1402 1479 1452 1517; x_wconf 85' lang='lat' dir='ltr'>ut</span> 
     </span>
     <span class='ocr_line' id='line_1_25' title="bbox 109 1534 1452 1591; baseline -0.001 -14"><span class='ocrx_word' id='word_1_184' title='bbox 109 1537 245 1578; x_wconf 87' lang='lat' dir='ltr'>adhuc</span> <span class='ocrx_word' id='word_1_185' title='bbox 302 1550 469 1590; x_wconf 88' lang='lat' dir='ltr'>semper</span> <span class='ocrx_word' id='word_1_186' title='bbox 525 1550 650 1577; x_wconf 91' lang='lat' dir='ltr'>omen</span> <span class='ocrx_word' id='word_1_187' title='bbox 698 1536 883 1577; x_wconf 83' lang='lat' dir='ltr'>valuerit</span> <span class='ocrx_word' id='word_1_188' title='bbox 931 1535 1296 1591; x_wconf 81' lang='lat' dir='ltr'>praerogativum,</span> <span class='ocrx_word' id='word_1_189' title='bbox 1351 1534 1452 1589; x_wconf 88' lang='lat' dir='ltr'>quid</span> 
     </span>
     <span class='ocr_line' id='line_1_26' title="bbox 108 1594 1506 1647; baseline -0.001 -12"><span class='ocrx_word' id='word_1_190' title='bbox 108 1595 265 1636; x_wconf 83' lang='lat' dir='ltr'>mirum</span> <span class='ocrx_word' id='word_1_191' title='bbox 320 1597 386 1636; x_wconf 86' lang='lat' dir='ltr'>est</span> <span class='ocrx_word' id='word_1_192' title='bbox 435 1595 479 1635; x_wconf 84' lang='lat' dir='ltr'>in</span> <span class='ocrx_word' id='word_1_193' title='bbox 528 1595 610 1636; x_wconf 91' lang='lat' dir='ltr'>hoc</span> <span class='ocrx_word' id='word_1_194' title='bbox 657 1594 879 1636; x_wconf 83' lang='lat' dir='ltr'>felicitatis</span> <span class='ocrx_word' id='word_1_195' title='bbox 923 1594 1085 1636; x_wconf 88' lang='lat' dir='ltr'>famam</span> <span class='ocrx_word' id='word_1_196' title='bbox 1128 1607 1452 1647; x_wconf 85' lang='lat' dir='ltr'>sermonemque</span> <span class='ocrx_word' id='word_1_197' title='bbox 1471 1603 1506 1630; x_wconf 84' lang='lat'>2⁵</span> 
     </span>
     <span class='ocr_line' id='line_1_27' title="bbox 108 1653 325 1695; baseline -0.005 -1"><span class='ocrx_word' id='word_1_198' title='bbox 108 1653 325 1695; x_wconf 81' lang='lat' dir='ltr'>valuisse?</span> 
     </span>
    </p>

    <p class='ocr_par' dir='ltr' id='par_1_4' title="bbox 41 1709 1504 2292">
     <span class='ocr_line' id='line_1_28' title="bbox 41 1709 1451 1766; baseline -0.001 -13"><span class='ocrx_word' id='word_1_199' title='bbox 41 1712 91 1753; x_wconf 86' lang='lat'>19</span> <span class='ocrx_word' id='word_1_200' title='bbox 199 1711 280 1752; x_wconf 79' lang='lat' dir='ltr'>Sed</span> <span class='ocrx_word' id='word_1_201' title='bbox 319 1711 355 1752; x_wconf 89' lang='lat' dir='ltr'>si</span> <span class='ocrx_word' id='word_1_202' title='bbox 393 1711 498 1753; x_wconf 89' lang='lat' dir='ltr'>haec</span> <span class='ocrx_word' id='word_1_203' title='bbox 535 1712 700 1753; x_wconf 87' lang='lat' dir='ltr'>leviora</span> <span class='ocrx_word' id='word_1_204' title='bbox 731 1711 868 1766; x_wconf 87' lang='lat' dir='ltr'>ducis,</span> <span class='ocrx_word' id='word_1_205' title='bbox 910 1726 1017 1766; x_wconf 89' lang='lat' dir='ltr'>quae</span> <span class='ocrx_word' id='word_1_206' title='bbox 1051 1713 1151 1752; x_wconf 90' lang='lat' dir='ltr'>sunt</span> <span class='ocrx_word' id='word_1_207' title='bbox 1182 1709 1451 1766; x_wconf 86' lang='lat' dir='ltr'>gravissima,</span> 
     </span>
     <span class='ocr_line' id='line_1_29' title="bbox 109 1767 1451 1825; baseline -0.002 -14"><span class='ocrx_word' id='word_1_208' title='bbox 109 1773 151 1811; x_wconf 86' lang='lat' dir='ltr'>et</span> <span class='ocrx_word' id='word_1_209' title='bbox 197 1770 308 1810; x_wconf 89' lang='lat' dir='ltr'>hanc</span> <span class='ocrx_word' id='word_1_210' title='bbox 352 1770 562 1811; x_wconf 86' lang='lat' dir='ltr'>urbanam</span> <span class='ocrx_word' id='word_1_211' title='bbox 601 1770 954 1825; x_wconf 82' lang='lat' dir='ltr'>suffragationem</span> <span class='ocrx_word' id='word_1_212' title='bbox 994 1768 1174 1811; x_wconf 86' lang='lat' dir='ltr'>militari</span> <span class='ocrx_word' id='word_1_213' title='bbox 1213 1767 1451 1823; x_wconf 82' lang='lat' dir='ltr'>anteponis,</span> 
     </span>
     <span class='ocr_line' id='line_1_30' title="bbox 107 1826 1451 1884; baseline -0.002 -14"><span class='ocrx_word' id='word_1_214' title='bbox 107 1828 198 1870; x_wconf 90' lang='lat' dir='ltr'>noli</span> <span class='ocrx_word' id='word_1_215' title='bbox 229 1827 427 1869; x_wconf 89' lang='lat' dir='ltr'>ludorum</span> <span class='ocrx_word' id='word_1_216' title='bbox 459 1828 586 1869; x_wconf 82' lang='grc'>11111113</span> <span class='ocrx_word' id='word_1_217' title='bbox 619 1829 879 1884; x_wconf 80' lang='lat' dir='ltr'>elegantiam</span> <span class='ocrx_word' id='word_1_218' title='bbox 906 1831 950 1870; x_wconf 88' lang='lat' dir='ltr'>et</span> <span class='ocrx_word' id='word_1_219' title='bbox 975 1841 1151 1870; x_wconf 85' lang='lat' dir='ltr'>scaenae</span> <span class='ocrx_word' id='word_1_220' title='bbox 1178 1826 1451 1882; x_wconf 80' lang='lat' dir='ltr'>magnificen-</span> 
     </span>
     <span class='ocr_line' id='line_1_31' title="bbox 107 1884 1504 1951; baseline -0.004 -23"><span class='ocrx_word' id='word_1_221' title='bbox 107 1887 213 1928; x_wconf 87' lang='lat' dir='ltr'>tiam</span> <span class='ocrx_word' id='word_1_222' title='bbox 251 1886 374 1928; x_wconf 82' lang='lat' dir='ltr'>valde</span> <span class='ocrx_word' id='word_1_223' title='bbox 420 1889 707 1941; x_wconf 82' lang='lat' dir='ltr'>contemnere3</span> <span class='ocrx_word' id='word_1_224' title='bbox 753 1902 860 1942; x_wconf 88' lang='lat' dir='ltr'>quae</span> <span class='ocrx_word' id='word_1_225' title='bbox 903 1886 1002 1928; x_wconf 89' lang='grc'>111110</span> <span class='ocrx_word' id='word_1_226' title='bbox 1041 1885 1269 1927; x_wconf 87' lang='lat' dir='ltr'>admodum</span> <span class='ocrx_word' id='word_1_227' title='bbox 1306 1884 1449 1951; x_wconf 75' lang='lat' dir='ltr'>profu·</span> <span class='ocrx_word' id='word_1_228' title='bbox 1468 1896 1504 1922; x_wconf 74' lang='lat'>30</span> 
     </span>
     <span class='ocr_line' id='line_1_32' title="bbox 109 1943 1450 2001; baseline -0.002 -14"><span class='ocrx_word' id='word_1_229' title='bbox 109 1948 244 1987; x_wconf 89' lang='lat' dir='ltr'>er.unt</span> <span class='ocrx_word' id='word_1_230' title='bbox 306 1943 421 1986; x_wconf 91' lang='lat' dir='ltr'>Nam</span> <span class='ocrx_word' id='word_1_231' title='bbox 454 1945 554 1998; x_wconf 87' lang='lat' dir='ltr'>quid</span> <span class='ocrx_word' id='word_1_232' title='bbox 586 1959 665 2000; x_wconf 82' lang='lat' dir='ltr'>ego</span> <span class='ocrx_word' id='word_1_233' title='bbox 699 1946 838 1988; x_wconf 87' lang='lat' dir='ltr'>dicam</span> <span class='ocrx_word' id='word_1_234' title='bbox 868 1945 1075 2001; x_wconf 88' lang='lat' dir='ltr'>populum</span> <span class='ocrx_word' id='word_1_235' title='bbox 1109 1958 1158 1985; x_wconf 89' lang='grc'>30</span> <span class='ocrx_word' id='word_1_236' title='bbox 1188 1943 1343 1998; x_wconf 83' lang='lat' dir='ltr'>vulgus</span> <span class='ocrx_word' id='word_1_237' title='bbox 1375 1943 1450 1984; x_wconf 91' lang='lat' dir='ltr'>im-</span> 
     </span>
     <span class='ocr_line' id='line_1_33' title="bbox 108 2000 1452 2059; baseline -0.003 -13"><span class='ocrx_word' id='word_1_238' title='bbox 108 2004 344 2058; x_wconf 73' lang='lat' dir='ltr'>peritomm</span> <span class='ocrx_word' id='word_1_239' title='bbox 387 2002 497 2044; x_wconf 86' lang='lat' dir='ltr'>ludis</span> <span class='ocrx_word' id='word_1_240' title='bbox 543 2017 702 2059; x_wconf 81' lang='lat' dir='ltr'>magno</span> <span class='ocrx_word' id='word_1_241' title='bbox 743 2018 869 2059; x_wconf 88' lang='lat' dir='ltr'>opere</span> <span class='ocrx_word' id='word_1_242' title='bbox 908 2002 1136 2045; x_wconf 78' lang='lat' dir='ltr'>delectari?</span> <span class='ocrx_word' id='word_1_243' title='bbox 1203 2000 1347 2043; x_wconf 89' lang='lat' dir='ltr'>Minus</span> <span class='ocrx_word' id='word_1_244' title='bbox 1385 2004 1452 2043; x_wconf 87' lang='lat' dir='ltr'>est</span> 
     </span>
     <span class='ocr_line' id='line_1_34' title="bbox 109 2060 1451 2116; baseline -0.002 -12"><span class='ocrx_word' id='word_1_245' title='bbox 109 2062 361 2104; x_wconf 87' lang='lat' dir='ltr'>mirandum.</span> <span class='ocrx_word' id='word_1_246' title='bbox 413 2060 680 2116; x_wconf 83' lang='lat' dir='ltr'>Quamquam</span> <span class='ocrx_word' id='word_1_247' title='bbox 712 2062 811 2104; x_wconf 90' lang='lat' dir='ltr'>huic</span> <span class='ocrx_word' id='word_1_248' title='bbox 843 2076 994 2104; x_wconf 86' lang='lat' dir='ltr'>causae</span> <span class='ocrx_word' id='word_1_249' title='bbox 1025 2061 1068 2102; x_wconf 91' lang='lat' dir='ltr'>id</span> <span class='ocrx_word' id='word_1_250' title='bbox 1101 2060 1206 2102; x_wconf 86' lang='lat' dir='ltr'>satis</span> <span class='ocrx_word' id='word_1_251' title='bbox 1234 2062 1316 2116; x_wconf 80' lang='lat' dir='ltr'>est3</span> <span class='ocrx_word' id='word_1_252' title='bbox 1349 2062 1451 2101; x_wconf 90' lang='lat' dir='ltr'>sunt</span> 
     </span>
     <span class='ocr_line' id='line_1_35' title="bbox 109 2118 1450 2175; baseline -0.001 -13"><span class='ocrx_word' id='word_1_253' title='bbox 109 2121 222 2163; x_wconf 90' lang='lat' dir='ltr'>enim</span> <span class='ocrx_word' id='word_1_254' title='bbox 263 2119 412 2175; x_wconf 89' lang='lat' dir='ltr'>populi</span> <span class='ocrx_word' id='word_1_255' title='bbox 452 2133 500 2162; x_wconf 90' lang='lat' dir='ltr'>ac</span> <span class='ocrx_word' id='word_1_256' title='bbox 541 2120 829 2162; x_wconf 86' lang='lat' dir='ltr'>multitudinis</span> <span class='ocrx_word' id='word_1_257' title='bbox 868 2119 1052 2162; x_wconf 89' lang='lat' dir='ltr'>comitia.</span> <span class='ocrx_word' id='word_1_258' title='bbox 1114 2118 1272 2173; x_wconf 87' lang='lat' dir='ltr'>Quare,</span> <span class='ocrx_word' id='word_1_259' title='bbox 1310 2118 1347 2160; x_wconf 85' lang='lat' dir='ltr'>si</span> <span class='ocrx_word' id='word_1_260' title='bbox 1378 2133 1450 2172; x_wconf 92' lang='lat' dir='ltr'>po-</span> 
     </span>
     <span class='ocr_line' id='line_1_36' title="bbox 109 2177 1502 2234; baseline -0.003 -13"><span class='ocrx_word' id='word_1_261' title='bbox 109 2181 209 2234; x_wconf 89' lang='lat' dir='ltr'>pulo</span> <span class='ocrx_word' id='word_1_262' title='bbox 261 2180 458 2220; x_wconf 88' lang='lat' dir='ltr'>ludorum</span> <span class='ocrx_word' id='word_1_263' title='bbox 503 2178 823 2233; x_wconf 81' lang='lat' dir='ltr'>magnificentia</span> <span class='ocrx_word' id='word_1_264' title='bbox 866 2177 1076 2233; x_wconf 86' lang='lat' dir='ltr'>voluptati</span> <span class='ocrx_word' id='word_1_265' title='bbox 1121 2180 1204 2231; x_wconf 90' lang='lat' dir='ltr'>est,</span> <span class='ocrx_word' id='word_1_266' title='bbox 1253 2191 1341 2218; x_wconf 90' lang='lat' dir='ltr'>non</span> <span class='ocrx_word' id='word_1_267' title='bbox 1383 2179 1449 2218; x_wconf 88' lang='lat' dir='ltr'>est</span> <span class='ocrx_word' id='word_1_268' title='bbox 1467 2187 1502 2213; x_wconf 73' lang='lat'>⁸5</span> 
     </span>
     <span class='ocr_line' id='line_1_37' title="bbox 109 2234 1450 2292; baseline -0.002 -13"><span class='ocrx_word' id='word_1_269' title='bbox 109 2238 351 2280; x_wconf 80' lang='lat' dir='ltr'>mirandum</span> <span class='ocrx_word' id='word_1_270' title='bbox 389 2251 482 2278; x_wconf 90' lang='lat' dir='ltr'>eam</span> <span class='ocrx_word' id='word_1_271' title='bbox 514 2236 560 2277; x_wconf 92' lang='lat' dir='ltr'>L.</span> <span class='ocrx_word' id='word_1_272' title='bbox 592 2235 795 2278; x_wconf 86' lang='lat' dir='ltr'>Murenae</span> <span class='ocrx_word' id='word_1_273' title='bbox 833 2237 943 2292; x_wconf 87' lang='lat' dir='ltr'>apud</span> <span class='ocrx_word' id='word_1_274' title='bbox 981 2235 1188 2290; x_wconf 91' lang='lat' dir='ltr'>populum</span> <span class='ocrx_word' id='word_1_275' title='bbox 1227 2234 1450 2290; x_wconf 85' lang='lat' dir='ltr'>profuisse.</span> 
     </span>
    </p>

    <p class='ocr_par' dir='ltr' id='par_1_5' title="bbox 39 2293 1451 2350">
     <span class='ocr_line' id='line_1_38' title="bbox 39 2293 1451 2350; baseline -0.003 -12"><span class='ocrx_word' id='word_1_276' title='bbox 39 2307 83 2337; x_wconf 83' lang='lat'>39</span> <span class='ocrx_word' id='word_1_277' title='bbox 112 2295 192 2338; x_wconf 80' lang='lat' dir='ltr'>Sed</span> <span class='ocrx_word' id='word_1_278' title='bbox 231 2297 269 2338; x_wconf 89' lang='lat' dir='ltr'>si</span> <span class='ocrx_word' id='word_1_279' title='bbox 299 2297 469 2338; x_wconf 87' lang='lat' dir='ltr'>nosmet</span> <span class='ocrx_word' id='word_1_280' title='bbox 499 2294 601 2350; x_wconf 86' lang='lat' dir='ltr'>ipsi,</span> <span class='ocrx_word' id='word_1_281' title='bbox 639 2295 711 2349; x_wconf 88' lang='lat' dir='ltr'>qui</span> <span class='ocrx_word' id='word_1_282' title='bbox 749 2299 792 2336; x_wconf 87' lang='lat' dir='ltr'>et</span> <span class='ocrx_word' id='word_1_283' title='bbox 829 2296 882 2337; x_wconf 89' lang='lat' dir='ltr'>ab</span> <span class='ocrx_word' id='word_1_284' title='bbox 922 2294 1204 2336; x_wconf 87' lang='lat' dir='ltr'>delectatione</span> <span class='ocrx_word' id='word_1_285' title='bbox 1237 2293 1451 2335; x_wconf 87' lang='lat' dir='ltr'>communi</span> 
     </span>
    </p>
   </div>
  </div>
 </body>
</html>
