1619 2542
76 619 119 650 19

75 1472 132 1555 ἑὲ)

75 2257 119 2288 21

143 103 231 144 296
463 101 514 138 IN
540 102 577 137 L⁴
606 102 868 138 CATILINAM
895 102 1068 138 ORATIO
1096 104 1156 139 IV.

144 200 326 255 supplex
352 214 502 242 manus
528 201 667 242 tendit
692 199 834 254 patria
860 199 1106 253 eommunis,
1131 199 1253 241 vobis
1280 214 1335 254 se,
1359 201 1481 243 vobis

143 259 280 301 vitam
324 260 513 300 omnium
558 259 730 312 civium,
774 257 895 299 vobis
940 272 1078 299 arcem
1123 261 1166 299 et
1209 257 1481 315 Capitolium,

143 317 269 359 vobis
303 332 398 359 aras
431 318 669 370 Penatium,
700 316 824 358 vobis
855 316 977 357 illum
1008 316 1153 372 ignem
1186 316 1344 358 Vestae
1377 332 1480 359 sem·

143 377 372 431 piternum,
398 376 520 418 vobis
536 377 737 428 *omnium
763 375 936 416 deorum
962 375 1126 429 templa
1147 377 1273 430 atque
1294 375 1480 431 delubra,

143 435 266 477 vobis
299 449 443 476 muros
476 438 603 489 atque
635 434 754 475 urbis
786 436 901 475 tecta
933 434 1213 475 commendat.
1255 433 1480 477 Praeterea

145 493 196 534 de
222 496 364 535 vestra
392 494 492 546 vita,
519 494 569 534 de
589 493 818 548 coniugum
839 494 1079 534 vestrarum
1100 497 1227 547 atque
1247 493 1479 535 liberorum

146 552 299 605 anima,
326 552 376 593 de
401 552 587 593 fortunis
613 552 815 604 omnium,
841 551 890 591 de
918 551 1099 606 sedibus,
1126 552 1175 593 de
1200 551 1307 594 focis
1326 552 1479 593 vestris

146 610 350 652 hodierno
395 610 461 652 die
498 611 620 652 vobis
664 609 935 651 iudicandum
973 612 1050 652 est.
1115 610 1294 652 Habetis
1333 610 1478 652 ducem

145 684 378 710 memorem
405 671 548 723 vestri,
573 669 755 711 oblitum
777 668 854 722 sui,
880 683 986 723 quae
1006 683 1092 710 non
1112 683 1278 724 semper
1295 668 1479 711 facultas

146 728 290 781 datur,
333 728 502 770 habetis
547 727 684 770 omnis
729 727 914 780 ordines,
958 727 1096 768 omnis
1134 728 1346 782 homines,
1390 728 1478 769 uni-

147 801 315 828 versum
352 788 558 842 populum
597 787 856 839 Romanum,
891 785 934 826 id
973 786 1085 840 quod
1121 787 1165 827 in
1203 786 1318 828 civili
1355 801 1481 828 causa

143 845 352 887 hodierno
385 846 451 886 die
483 846 668 899 primum
694 844 897 898 videmus,
927 859 1059 885 unum
1091 848 1218 899 atque
1250 845 1362 886 idem
1391 860 1481 886 sen-

143 904 334 946 tientem.
403 903 620 959 Cogitate,
664 903 833 957 quantis
877 903 1098 944 laboribus
1143 903 1365 945 fundatum
1405 903 1481 945 im-

144 963 331 1018 perium,
369 966 529 1016 quanta
560 962 719 1003 virtute
751 962 989 1003 stabilitam
1022 961 1284 1015 libertatem,
1322 965 1481 1016 quanta

145 1022 320 1063 deorum
369 1021 637 1077 benignitate
687 1024 831 1062 auctas
883 1024 1241 1074 exaggeratasque
1284 1021 1479 1062 fortunas

144 1094 230 1121 una
266 1094 351 1121 nox
390 1094 523 1133 paene
561 1079 723 1120 delerit.
784 1079 832 1119 Id
869 1093 922 1120 ne
953 1093 1154 1132 umquam
1186 1079 1365 1133 posthac
1396 1094 1481 1121 non

145 1138 272 1179 modo
313 1139 434 1190 [non]
473 1138 639 1189 confici,
679 1137 752 1179 sed
788 1152 840 1178 ne
872 1137 1054 1192 cogitari
1086 1137 1256 1191 quidem
1286 1137 1425 1192 possit
1456 1153 1482 1179 a

145 1196 327 1249 civibus,
366 1196 570 1237 hodierno
608 1196 674 1237 die
711 1195 1019 1250 providendum
1056 1199 1131 1237 est.
1192 1195 1335 1249 Atque
1366 1195 1481 1249 haec,

144 1269 229 1297 non
261 1258 309 1296 ut
339 1269 435 1308 vos,
467 1256 538 1309 qui
570 1255 676 1296 mihi
708 1254 849 1295 studio
881 1268 1015 1308 paene
1046 1254 1341 1308 praecurritis,
1373 1255 1478 1296 exci-

144 1316 295 1367 tarem,
326 1314 492 1355 locutus
525 1328 631 1367 sum,
665 1313 737 1354 sed
768 1318 816 1354 ut
847 1328 941 1354 mea
971 1327 1066 1365 νοΧ,
1099 1327 1206 1368 quae
1238 1312 1364 1354 debet
1389 1327 1479 1354 esse

144 1373 190 1413 in
226 1386 271 1413 re
311 1371 481 1425 publica
517 1373 733 1427 princeps,
772 1371 911 1413 officio
943 1371 1092 1413 functa
1123 1371 1336 1413 consulari
1367 1371 1479 1413 vide-

145 1433 274 1472 retur.

233 1488 370 1541 Nunc,
397 1492 624 1543 antequam
651 1489 703 1530 ad
731 1489 988 1530 sententiam
1014 1487 1151 1541 redeo,
1178 1488 1227 1529 de
1253 1502 1320 1529 me
1345 1502 1480 1543 pauca

147 1547 296 1589 dicam.
357 1548 473 1603 Ego,
512 1550 674 1602 quanta
706 1562 855 1588 manus
889 1550 954 1588 est
985 1547 1319 1601 coniuratorum,
1352 1561 1479 1601 quam

145 1606 297 1647 videtis
330 1620 421 1647 esse
453 1620 749 1661 permagnam,
779 1608 946 1647 tantam
977 1620 1044 1646 me
1075 1605 1344 1646 inimicorum
1376 1605 1480 1646 mul·
1500 1635 1512 1641 -

145 1664 375 1706 titudinem
401 1665 637 1718 suscepisse
659 1664 798 1717 video,
832 1665 904 1705 sed
925 1678 1018 1705 eam
1039 1678 1129 1705 esse
1149 1664 1288 1705 iudico
1308 1666 1479 1718 turpem

146 1724 190 1763 et
213 1722 429 1763 infirmam
456 1727 498 1764 et
524 1724 831 1777 [contemptam
858 1723 918 1775 et]
945 1722 1166 1764 abiectam.
1216 1720 1375 1770 Quodsi
1403 1721 1479 1762 ali-

146 1780 314 1835 quando
351 1781 528 1822 alicuius
559 1781 701 1822 furore
735 1784 776 1822 et
801 1781 957 1822 scelere
983 1781 1195 1822 concitata
1221 1794 1370 1821 manus
1394 1779 1479 1820 ista

147 1839 243 1892 plus
271 1839 453 1880 valuerit
481 1853 608 1893 quam
633 1842 778 1880 vestra
803 1854 851 1881 ac
876 1840 938 1880 rei
963 1839 1156 1892 publicae
1183 1838 1383 1893 dignitas,
1411 1852 1478 1879 me

145 1899 291 1938 tamen
323 1911 512 1938 meorum
544 1898 753 1939 factorum
783 1900 910 1952 atque
935 1897 1208 1939 consiliorum
1233 1910 1479 1950 numquam,

145 1957 290 2009 patres
322 1956 572 2009 conscripti,
604 1956 850 2009 paenitebit.
899 1956 1071 1996 Etenim
1097 1969 1229 2007 mors,
1261 1969 1388 2008 quam
1413 1955 1478 1995 illi

148 2013 289 2066 [mihi]
321 2012 504 2054 fortasse
536 2014 809 2068 minitantur,
847 2013 1041 2055 omnibus
1074 2015 1139 2054 est
1163 2015 1334 2067 parata3
1363 2012 1478 2054 vitae

145 2075 312 2113 tantam
337 2071 518 2125 laudem,
544 2075 704 2126 quanta
722 2087 798 2114 vos
819 2087 886 2113 me
904 2072 1059 2113 vestris
1080 2071 1257 2112 decretis
1277 2071 1478 2112 honesta-

147 2131 238 2184 stis,
263 2144 388 2171 nemo
416 2132 480 2171 est
500 2129 736 2171 adsecutus.
776 2130 935 2172 Ceteris
956 2129 1066 2170 enim
1086 2129 1193 2170 bene
1213 2132 1347 2184 gesta,
1372 2129 1477 2170 mihi

1498 446 1514 472 5

1500 740 1534 764 10

1501 1031 1534 1057 15

1500 1323 1535 1349 20

1498 1908 1534 1933 30

146 2189 220 2230 uni
264 2190 514 2230 conservata
552 2202 597 2229 re
634 2188 806 2242 publica
847 2188 1178 2244 gratulationem
1219 2187 1476 2229 decrevistis.
1496 2197 1530 2223 35

148 2245 213 2288 Sit
256 2246 397 2301 Scipio
442 2246 581 2288 clarus
624 2246 716 2300 ille,
766 2247 883 2288 cuius
928 2246 1105 2287 consilio
1151 2248 1276 2299 atque
1319 2245 1476 2287 virtute

146 2305 367 2347 Hannibal
399 2305 442 2346 in
468 2304 658 2346 Africam
690 2304 826 2346 redire
859 2306 984 2358 atque
1012 2304 1096 2356 [ex]
1125 2304 1252 2345 Italia
1279 2304 1476 2345 decedere
