1619 2542
529 90 628 127 CAP.
657 94 794 127 16—-18
821 94 839 133 g
865 94 1004 126 43—49
1360 90 1445 132 205

106 189 230 230 illum
268 189 409 243 ipsum
446 188 606 241 locum,
645 202 728 243 quo
760 187 941 240 venerit,
979 186 1100 228 illam
1132 186 1270 241 ipsam
1304 186 1446 228 sedem

107 247 387 302 hospitalem,
424 246 468 288 in
505 261 632 301 quam
670 247 751 287 erit
787 246 1010 298 deductus7
1050 245 1267 299 publicam
1298 246 1447 300 populi

107 306 292 348 Romani
338 319 429 347 esse
468 305 595 346 dicet!
647 304 707 346 At
745 308 905 359 quanta
942 304 1166 345 calamitas
1204 304 1373 359 populi,
1411 304 1446 344 si

107 365 274 419 dixerit,
300 366 484 419 quantus
510 364 594 418 ipsi
620 366 836 418 quaestus,
862 363 898 404 si
923 363 1110 417 negarit!
1158 362 1301 417 Atque
1322 362 1446 416 idem,

73 435 89 461 5
110 424 183 478 qui
213 423 318 464 haec
350 425 570 477 appetunt,
602 423 722 477 queri
752 437 839 464 non
870 436 1101 475 numquam
1135 422 1276 463 solent
1308 421 1445 463 omnis

108 484 246 523 terras
279 480 353 523 Cn.
372 481 576 536 Pompeio
611 484 738 535 atque
772 481 914 522 omnia
945 480 1081 521 maria
1107 494 1198 522 esse
1223 480 1443 534 permissa.

109 540 257 582 Simile
289 554 388 582 vero
428 542 493 580 est
531 539 668 580 multa
709 539 922 581 committi
954 541 996 580 et
1028 539 1261 580 condonari
1293 539 1446 591 omnia,

109 599 246 641 labori
273 601 316 640 et
334 598 508 653 negotio
529 598 735 653 praeponi
755 613 811 639 an
830 597 1011 653 praedae
1033 600 1075 638 et
1096 598 1303 651 quaestui,
1329 598 1447 638 mitti

110 657 164 699 ad
201 657 338 699 socios
381 657 626 699 liberandos
665 672 720 698 an
764 657 815 698 ad
854 656 1174 711 opprimendos!
1240 656 1445 710 Denique,

58 729 91 754 10
111 716 147 757 si
185 716 257 771 qui
297 718 362 758 est
397 716 534 757 honos
573 716 822 781 singularis,
865 715 1027 756 nihilne
1066 715 1263 768 interest,
1300 717 1445 756 utrum

108 776 292 829 populus
324 775 542 816 Romanus
581 789 695 828 eum,
735 774 802 816 cui
833 774 956 826 velit,
994 773 1176 827 deferat,
1215 788 1269 815 an
1299 774 1335 815 is
1368 774 1443 814 im-

108 834 315 889 pudenter
334 834 492 888 populo
508 833 702 875 Romano
722 848 796 887 pei
816 833 924 887 legis
944 807 984 873 i'r
988 832 1137 873 audem
1159 832 1436 886 surripiatur.
1424 832 1445 863 ‘2

110 952 321 1006 permissu
351 951 566 993 vendituri
606 951 704 993 sint.
763 950 864 992 Non
895 952 961 991 est
987 950 1104 991 satis.
1167 948 1274 991 Cum
1307 964 1350 990 se
1384 964 1446 990 so-

58 1022 91 1047 15
112 1010 284 1063 ciorum,
309 1024 404 1052 cum
430 1013 672 1051 exterarum
691 1009 927 1063 nationum,
954 1024 1048 1050 cum
1068 1022 1217 1063 regum
1239 1008 1447 1062 sanguine

111 1069 346 1123 implerint,
383 1069 572 1110 incidant
609 1083 763 1110 nervos
795 1068 945 1123 populi
977 1067 1176 1121 Romani,
1216 1067 1448 1108 adhibeant

111 1141 260 1168 manus
303 1127 585 1182 vectigalibus
629 1127 802 1181 vestris,
845 1128 1087 1181 irrumpant
1137 1126 1182 1167 111
1225 1125 1449 1167 aerarium.

112 1184 311 1240 Sequitur
342 1186 455 1227 enim
487 1188 627 1241 caput,
660 1201 742 1240 quo
776 1186 915 1240 capite
945 1200 998 1226 ne
1024 1184 1237 1240 permittit
1265 1184 1447 1238 quidem,

112 1244 149 1285 si
196 1245 307 1286 forte
351 1245 461 1286 desit
503 1245 700 1300 pecunia,
750 1259 857 1298 quae
901 1247 1023 1285 tanta
1064 1258 1114 1284 ex
1156 1243 1446 1297 superioribus

58 1316 92 1340 20
111 1303 244 1358 recipi
273 1306 435 1358 potest,
466 1306 514 1344 ut
546 1304 691 1344 deesse
723 1317 809 1344 non
840 1302 1010 1355 debeat,
1042 1302 1133 1356 sed,
1164 1302 1291 1355 plane
1324 1302 1446 1356 quasi

113 1376 162 1402 ea
192 1376 260 1403 res
291 1362 414 1403 vobis
442 1362 572 1403 saluti
596 1362 743 1403 futura
769 1362 838 1415 sit,
869 1361 932 1402 ita
958 1361 1074 1416 cogit
1101 1363 1228 1414 atque
1253 1360 1448 1414 imperat,

111 1422 160 1460 ut
209 1420 436 1461 decemviri
484 1423 629 1461 vestra
672 1419 900 1474 vectigalia
943 1419 1129 1460 vendant
1178 1418 1446 1459 nominatim.

113 1477 249 1526 Quam
280 1481 329 1519 tu
359 1478 466 1519 mihi
492 1493 542 1519 ex
568 1478 714 1519 ordine
740 1478 873 1519 recita
899 1478 948 1518 de
974 1477 1083 1532 legis
1111 1477 1272 1531 scripto
1297 1476 1447 1531 populi

112 1536 295 1578 Romani
345 1537 602 1591 auctionem3
651 1551 777 1590 quam
827 1536 1068 1577 mehercule
1123 1549 1201 1590 ego
1246 1535 1448 1590 praeconi

61 1608 93 1633 25
112 1595 211 1636 huic
236 1595 319 1649 ipsi
339 1595 579 1636 luctuosam
600 1598 642 1636 et
662 1596 859 1636 acerbam
879 1593 1238 1649 praedicationem
1258 1593 1448 1635 futuram

112 1657 229 1709 puto.
248 1678 305 1682 —
326 1653 385 1695 Ut
417 1654 460 1694 in
494 1654 580 1694 suis
612 1653 752 1706 rebus,
782 1654 844 1694 ita
868 1653 912 1693 in
937 1667 982 1693 re
1009 1652 1180 1707 publica
1204 1653 1448 1693 luxuriosus

112 1726 257 1766 nepos,
290 1712 362 1766 qui
393 1712 509 1766 prius
543 1712 672 1753 silvas
704 1711 860 1752 vendat
892 1726 1018 1765 quam
1050 1711 1213 1752 vineas!
1274 1709 1448 1752 Italiam

113 1770 410 1826 percensuisti3
447 1784 577 1826 perge
614 1770 660 1811 in
698 1769 900 1811 Siciliam.
941 1794 989 1799 —
1027 1769 1149 1810 Nihil
1186 1772 1252 1811 est
1287 1769 1333 1810 in
1369 1769 1449 1811 hac

114 1829 350 1883 provincia,
390 1829 503 1883 quod
541 1832 614 1870 aut
649 1829 695 1869 in
731 1828 898 1883 oppidis
937 1830 1010 1869 aut
1041 1828 1087 1869 in
1118 1828 1234 1883 agris
1265 1828 1448 1869 maiores

62 1900 96 1925 30
114 1888 253 1930 nostri
300 1888 522 1942 proprium
571 1887 695 1928 nobis
745 1887 1012 1941 reliquerint,
1063 1886 1165 1941 quin
1212 1886 1256 1927 id
1304 1887 1449 1928 venire

114 1946 271 1987 iubeat.
332 1945 452 1994 Quod
489 1949 661 2000 partum
699 1945 860 1986 recenti
890 1945 1070 1987 victoria
1108 1945 1291 1987 maiores
1324 1945 1447 1986 vobis

115 2004 161 2045 in
197 2005 409 2046 sociorum
446 2004 624 2046 urbibus
664 2018 711 2045 ac
748 2004 903 2044 finibus
941 2007 984 2045 et
1008 2004 1226 2045 vinculum
1257 2003 1373 2057 pacis
1407 2006 1449 2044 et

116 2066 438 2104 monumentum
456 2063 561 2104 belli
580 2062 855 2116 reliquerunt,
886 2062 930 2103 id
948 2077 1023 2104 vos
1045 2062 1098 2103 ab
1118 2062 1206 2103 illis
1228 2064 1449 2114 acceptum

116 2121 197 2163 hoc
241 2123 410 2162 auctore
453 2121 675 2162 vendetis?
742 2120 825 2162 Hic
868 2120 974 2161 mihi
1017 2135 1246 2175 parumper
1283 2123 1448 2160 mentes

64 2191 97 2217 35
116 2182 300 2234 vestras,
343 2178 548 2234 Quirites,
592 2193 857 2221 commovere
893 2179 1056 2232 videor,
1101 2179 1201 2219 dum
1237 2177 1447 2232 patefacio

117 2238 251 2292 vobis,
283 2252 386 2292 quas
418 2238 491 2278 isti
522 2239 691 2292 penitus
719 2238 940 2279 abstrusas
971 2237 1148 2278 insidias
1182 2251 1226 2278 se
1255 2236 1449 2290 posuisse

119 2298 384 2338 arbitrantur
423 2299 571 2338 contra
603 2295 676 2338 Cn.
708 2295 886 2350 Pompei
917 2296 1181 2351 dignitatem.
1243 2294 1301 2335 Et
1332 2293 1449 2348 mihi,

1463 865 1515 907 18

197 892 494 958 Intellexistis,
534 894 638 947 quot
675 906 742 933 res
781 894 823 933 et
861 894 1043 946 quantas
1076 891 1305 933 decemviri
1336 891 1445 945 legis
1473 918 1516 948 47

1473 1488 1517 1519 48

1475 1955 1517 1985 49
