1687 2533
209 96 294 138 536
426 96 488 132 DE
515 96 824 133 HARUSPICUM
850 97 1097 133 RESPONSO
1127 97 1312 134 ORATIO.

208 193 482 248 optimatium
533 193 753 235 discordiis
803 194 996 248 excitari,
1047 195 1164 236 cuius
1213 194 1338 237 initia
1386 195 1542 237 furoris

208 252 543 294 dissensionibus
577 267 740 306 eorum,
782 253 851 306 qui
885 255 976 293 tum
1009 267 1034 293 a
1064 253 1186 294 vobis
1220 254 1401 295 seiuncti
1432 254 1543 296 vide-

207 310 384 365 bantur,
423 313 664 352 sustentata
703 313 814 352 sunt.
875 310 1057 365 Reliqua
1094 311 1179 353 iam
1218 312 1542 367 praecipitantis

206 369 452 411 tribunatus
486 369 614 411 etiam
640 373 739 423 post
764 369 1031 411 tribunatum
1059 370 1369 412 obtrectatores
1397 385 1543 413 eorum

206 430 334 482 atque
366 428 598 469 adversarii
631 427 920 482 defenderunt,
952 443 1003 469 ne
1037 444 1061 470 a
1093 444 1137 470 re
1169 429 1340 482 publica
1372 429 1434 471 rei
1464 445 1541 484 pu·
1561 442 1577 468 5

205 487 340 528 blicae
366 488 499 542 pestis
527 489 827 540 removeretur,
853 487 1119 540 restiterunt,
1147 488 1276 529 etiam
1297 502 1349 529 ne
1369 502 1542 530 causam

206 545 380 598 diceret,
425 546 554 586 etiam
599 560 651 586 ne
694 545 887 599 privatus
932 549 1056 587 esset.
1122 545 1322 588 Etiamne
1366 547 1410 587 in
1448 547 1543 588 sinu

205 606 332 657 atque
377 604 420 644 in
465 604 625 645 deliciis
671 604 841 657 quidam
881 605 1033 658 optimi
1071 604 1152 646 viri
1190 606 1382 659 viperam
1420 605 1542 646 illam

203 667 457 703 venenatam
491 677 538 704 ac
570 663 819 717 pestiferam
851 663 1008 704 habere
1041 664 1300 717 potuerunt?
1334 678 1417 718 quo
1449 667 1541 705 tan-

204 721 297 762 dem
332 721 495 775 decepti
527 722 729 762 munere?
792 720 948 774 ‘Volo',
979 722 1196 777 inquiunt,
1229 721 1354 775 ‘esse‚
1393 722 1465 777 qui
1495 723 1540 764 in
1562 735 1595 760 10

204 780 403 821 contione
447 779 644 821 detrahat
683 780 732 821 de
770 779 1002 834 Pompeio.'
1072 781 1283 822 Detrahat
1321 781 1395 823 ille
1432 781 1541 823 vitu-

202 838 420 892 perando?
482 838 626 880 Velim
665 839 725 880 sie
762 839 843 881 hoc
882 839 947 880 vir
986 853 1175 880 summus
1215 842 1343 893 atque
1377 839 1539 894 optime

203 897 252 938 de
279 911 374 938 mea
401 897 540 938 salute
567 898 744 939 meritus
771 898 964 952 accipiat,
991 901 1038 938 ut
1065 913 1088 939 a
1115 912 1182 939 me
1207 898 1377 951 dicitur3
1404 898 1539 940 dicam

203 955 371 1009 quidem
411 959 541 1006 certe,
581 956 692 1010 quod
731 956 879 997 sentio.
941 955 1051 997 Mihi
1090 957 1252 998 medius
1291 957 1415 998 fidius
1447 959 1541 997 tum

202 1014 251 1055 de
288 1014 405 1056 illius
444 1015 713 1068 amplissima
752 1015 963 1069 dignitate
1002 1015 1240 1068 detrahere,
1283 1030 1377 1056 cum
1416 1015 1540 1055 illum
1562 1027 1594 1052 15

203 1073 399 1114 maximis
426 1073 624 1114 laudibus
651 1073 875 1126 ecferebat,
907 1073 1140 1114 videbatur.
1187 1073 1341 1115 Utrum
1367 1073 1540 1115 tandem

202 1130 246 1172 C.
277 1131 438 1172 Marius
473 1131 745 1185 splendidior,
781 1146 875 1172 cum
908 1146 1004 1172 eum
1036 1130 1079 1172 C.
1113 1131 1291 1173 Glaucia
1324 1132 1541 1185 laudabat,

202 1204 255 1231 an
297 1204 391 1231 cum
431 1190 609 1231 eundem
647 1191 783 1231 iratus
821 1193 972 1244 postea
1003 1190 1304 1244 vituperabat?
1366 1191 1435 1230 An
1466 1190 1540 1231 ille

201 1249 371 1289 demens
411 1252 453 1289 et
489 1248 576 1290 iam
614 1248 779 1303 pridem
818 1248 871 1289 ad
909 1263 1091 1303 poenam
1130 1249 1389 1303 exitiumque
1421 1263 1540 1302 prae-

201 1321 299 1361 ceps
328 1306 493 1348 foedior
520 1309 593 1348 aut
619 1307 883 1361 inquinatior
906 1308 950 1348 in
977 1306 1050 1348 Cn.
1070 1306 1274 1361 Pompeio
1303 1307 1538 1348 accusando
1560 1318 1593 1343 20

201 1380 328 1419 quam
346 1365 391 1406 in
410 1366 608 1406 universo
630 1369 779 1406 senatu
799 1366 1079 1420 vituperando
1100 1365 1211 1406 fuit?
1237 1365 1348 1419 quod
1369 1365 1538 1419 quidem

201 1425 345 1477 miror,
372 1438 466 1465 cum
494 1425 676 1465 alterum
703 1427 874 1479 gratum
895 1424 952 1465 sit
970 1424 1105 1477 iratis,
1132 1425 1316 1465 alterum
1337 1438 1428 1465 esse
1448 1426 1539 1464 tam

202 1483 324 1524 bonis
357 1483 519 1524 civibus
552 1498 638 1524 non
670 1483 881 1524 acerbum.
933 1482 1014 1524 Sed
1046 1497 1098 1524 ne
1130 1483 1173 1523 id
1204 1483 1317 1524 viros
1351 1482 1538 1537 optimos

202 1541 359 1582 diutius
398 1541 597 1594 delectet,
633 1542 780 1596 legant
811 1542 920 1583 hanc
953 1542 1041 1583 eius
1074 1542 1335 1595 contionem,
1373 1540 1423 1581 de
1456 1555 1538 1595 qua

200 1601 371 1654 loquor,
402 1601 447 1640 in
479 1614 562 1654 qua
594 1600 846 1654 Pompeium
879 1603 1003 1641 ornat
1035 1614 1089 1641 an
1119 1600 1261 1654 potius
1295 1598 1535 1641 deformat?
1556 1609 1588 1635 25

202 1658 325 1700 Certe
370 1659 517 1699 laudat
560 1661 602 1699 et
645 1673 776 1700 unum
821 1673 912 1700 esse
950 1659 994 1699 in
1030 1659 1111 1699 hac
1150 1658 1323 1700 civitate
1361 1658 1536 1712 dignum

201 1716 328 1757 huius
372 1717 541 1771 imperii
585 1717 725 1772 gloria
768 1718 869 1759 dicit
913 1720 955 1758 et
1000 1716 1214 1772 significat
1258 1731 1302 1758 se
1339 1716 1404 1756 illi
1445 1730 1536 1757 esse

203 1775 507 1816 amicissimum
547 1779 588 1816 et
626 1776 1016 1817 reconciliationem
1047 1789 1138 1816 esse
1171 1775 1334 1830 gratiae
1366 1774 1536 1816 factam.

133 1845 173 1874 ἰ
202 1833 323 1882 Quod
373 1847 451 1888 ego
504 1848 763 1888 quamquam
814 1835 915 1888 quid
959 1834 1016 1875 sit
1058 1834 1218 1886 nescio,
1268 1836 1413 1874 tamen
1456 1833 1536 1874 hoo

203 1895 364 1945 statuo,
406 1892 536 1944 hunc,
575 1893 611 1933 si
650 1893 810 1934 amicus
850 1895 961 1934 esset
998 1892 1222 1946 Pompeio,
1261 1891 1534 1932 laudaturum
1555 1902 1589 1926 30

201 1951 321 1991 illum
365 1964 450 1992 non
493 1950 635 1991 fuisse.
704 1950 812 1999 Quid
855 1951 986 2003 enim,
1030 1951 1066 1992 si
1110 1951 1176 1991 illi
1215 1949 1534 1991 inimicissimus

202 2012 327 2062 esset,
354 2009 536 2063 amplius
564 2009 615 2050 ad
643 2009 731 2050 eius
757 2010 924 2050 laudem
951 2009 1223 2051 minuenda-m
1248 2008 1388 2049 facere
1414 2010 1536 2061 potu-

201 2068 334 2108 isset?
387 2067 571 2108 Videant
609 2068 654 2120 ii,
694 2069 764 2121 qui
803 2068 924 2109 illum
955 2067 1158 2121 Pompeio
1191 2066 1411 2108 inimicum
1444 2080 1534 2107 esse

203 2126 446 2180 gaudebant
485 2126 538 2167 ob
572 2140 748 2179 eamque
781 2141 953 2167 causam
985 2127 1029 2167 in
1060 2129 1126 2167 tot
1157 2125 1374 2178 tantisque
1407 2124 1534 2165 scele—

202 2184 319 2225 ribus
373 2185 626 2225 conivebant
677 2187 719 2224 et
762 2199 849 2226 non
892 2199 1124 2239 numquam
1168 2184 1256 2225 eius
1302 2182 1533 2224 indomitos
1553 2191 1587 2217 35

202 2245 329 2295 atque
368 2243 604 2284 ecfrenatos
644 2242 807 2284 furores
846 2244 997 2296 plausu
1035 2243 1163 2283 etiam
1203 2256 1277 2283 suo
1311 2254 1533 2295 proseque-

201 2300 369 2355 bantur,
403 2316 530 2355 quam
563 2315 606 2342 se
639 2301 721 2342 cito
755 2302 989 2343 inverterit.
1033 2300 1157 2342 Nunc
1189 2300 1301 2340 enim
1333 2300 1418 2340 iam
1443 2299 1533 2339 lau-
