1687 2533
232 68 319 111 370
627 67 721 104 PRO
746 67 787 105 P.
815 68 969 103 sULLA
995 67 1184 103 ORATIO.

231 164 489 207 iudicetur?²
550 164 647 221 Ego
679 179 799 216 vero,
836 164 1014 218 iudices,
1053 178 1140 205 non
1172 164 1298 205 modo
1330 163 1436 206 mihi
1465 164 1574 205 nihil

233 225 423 278 adsumo,
454 224 500 265 in
533 239 615 279 quo
644 223 858 278 quispiam
883 225 1107 278 repugnet,
1139 222 1212 263 sed
1238 222 1381 277 etiam,
1413 222 1448 263 si
1474 222 1575 277 quid

233 283 287 324 ab
321 283 520 324 omnibus
553 283 810 334 conceditur,
840 281 884 323 id
909 281 1037 323 reddo
1070 296 1118 323 ac
1150 281 1337 322 remitto.
1397 280 1497 322 Non
1530 282 1575 322 in

233 356 283 383 ea
314 356 359 383 re
391 341 566 396 publica
597 355 758 395 versor,
787 355 875 381 non
905 340 958 381 iis
984 340 1252 395 temporibus
1280 355 1422 381 meum
1448 342 1575 394 caput

233 400 371 441 obtuli
403 415 481 456 pro
507 399 650 455 patria
681 399 883 455 periculis
916 399 1128 452 omnibus,
1157 413 1244 441 non
1277 401 1350 440 aut
1381 398 1444 440 ita
1475 401 1611 440 sunt5

233 459 423 512 extincti,
457 473 561 514 quos
593 458 689 511 vici,
722 461 797 499 aut
828 458 890 499 ita
917 457 1044 513 grati,
1076 472 1183 512 quos
1211 457 1388 511 servavi,
1420 459 1469 498 ut
1495 471 1575 512 ego

233 518 338 558 mihi
364 518 462 571 plus
483 519 684 572 appetere
704 531 841 570 coner,
868 531 996 571 quam
1017 519 1225 570 quantum
1246 531 1392 557 omnes
1412 515 1576 558 inimici

161 588 206 619 85
232 576 450 630 invidique
470 576 703 630 patiantur.
736 574 876 617 Grave
897 589 987 616 esse
1007 575 1175 616 videtur
1190 589 1297 629 eum,
1319 575 1391 630 qui
1404 576 1576 616 investi-

235 636 349 689 gai-it
368 635 718 688 coniurationem,
739 634 812 689 qui
831 634 1093 689 patefecerit,
1120 633 1193 689 qui
1213 633 1488 688 oppresserit,
1508 633 1575 675 cui

234 696 407 735 senatus
451 693 743 749 singularibus
788 693 930 734 verbis
977 693 1141 748 gratias
1186 693 1342 748 egerit,
1392 692 1459 734 cui
1501 693 1575 734 uni
1594 704 1630 730 10

233 755 384 807 togato
429 752 790 807 supplicationem
835 751 1086 805 decreverit,
1131 751 1269 793 dicere
1313 752 1358 792 in
1400 751 1574 793 iudicio:

236 811 289 852 ‘N
295 826 350 852 on
382 810 663 862 defenderem,
697 810 733 852 si
764 809 1055 852 coniurasset?
1117 810 1216 852 Non
1249 810 1342 852 dico
1374 810 1429 865 id,
1462 810 1575 864 quod

235 884 365 925 grave
398 873 476 923 est,
507 870 600 911 dico
632 869 752 923 illud,
785 869 896 924 quod
928 869 974 910 in
1004 869 1072 910 his
1105 869 1244 910 causis
1271 869 1575 910 coniurationis

233 943 317 970 non
356 929 606 970 auctoritati
639 928 880 982 adsumam,
919 927 993 969 sed
1023 927 1177 983 pudori
1208 942 1319 969 meo:
1360 927 1469 984 ‘Ego
1501 927 1575 969 ille

234 987 541 1029 coniurationis
589 987 875 1042 investigator
913 989 1040 1041 atque
1077 987 1195 1027 ultor
1233 989 1347 1028 certe
1384 1001 1472 1028 non
1509 986 1630 1028 de-15

232 1046 448 1087 fenderem
482 1044 663 1099 Sullam,
702 1046 739 1086 si
771 1045 1014 1087 coniurasse
1047 1045 1308 1086 arbitrarer?
1364 1044 1479 1101 Ego,
1516 1046 1577 1086 iu-

234 1105 363 1158 dices,
414 1104 464 1146 de
513 1104 648 1145 tantis
698 1104 888 1145 omnium
938 1103 1139 1158 periculis
1185 1118 1279 1145 cum
1328 1118 1576 1158 quaererem

235 1163 391 1217 omnia,
423 1163 561 1204 multa
595 1162 798 1215 audirem,
831 1163 1044 1204 crederem
1078 1177 1166 1204 non
1196 1162 1351 1215 omnia,
1383 1177 1576 1204 caverem

235 1222 388 1272 omnia,
415 1222 508 1263 dico
533 1221 625 1276 hoc,
653 1221 765 1276 quod
783 1221 907 1262 initio
930 1221 1028 1274 dixi,
1048 1221 1206 1262 nullius
1226 1221 1395 1273 indicio,
1415 1221 1574 1262 nullius

233 1281 398 1333 nuntio,
434 1280 592 1321 nullius
630 1280 882 1335 suspicione,
913 1280 1072 1321 nullius
1105 1279 1262 1321 litteris
1297 1279 1347 1321 de
1378 1279 1424 1321 P.
1457 1278 1576 1321 Sulla
1595 1292 1630 1317 20

235 1353 325 1380 rem
357 1339 492 1380 ullam
525 1339 578 1380 ad
613 1353 680 1380 me
713 1353 805 1380 esse
839 1339 1038 1380 delatam.

162 1384 217 1467 {³61
324 1396 462 1446 Quam
483 1398 537 1439 ob
558 1412 648 1438 rem
668 1412 757 1451 vos,
778 1398 819 1439 di
840 1397 970 1452 patrii
991 1412 1038 1439 ac
1057 1399 1248 1452 penates,
1269 1397 1342 1451 qui
1360 1397 1459 1438 huic
1478 1397 1576 1438 urbi

236 1459 363 1511 atque
395 1456 494 1498 huic
520 1456 582 1498 rei
610 1456 806 1511 publicae
837 1456 1103 1511 praesidetis,
1133 1457 1205 1510 qui
1230 1455 1311 1497 hoc
1336 1455 1575 1510 imperium,

236 1516 307 1569 qui
332 1516 442 1556 hanc
467 1515 725 1569 libertatem,
759 1515 831 1570 qui
857 1515 1065 1570 populum
1091 1514 1346 1568 Romanum,
1372 1515 1443 1568 qui
1470 1514 1575 1556 haec

233 1577 347 1615 tecta
368 1576 496 1628 atque
516 1574 678 1628 templa
698 1588 765 1615 me
786 1575 957 1615 consule
977 1576 1119 1615 vestro
1139 1573 1312 1614 numine
1333 1573 1574 1628 auxilioque
1594 1584 1628 1610 25

236 1633 452 1687 servastis,
483 1635 620 1674 testor
651 1633 821 1688 integro
855 1647 922 1674 me
955 1632 1097 1674 animo
1130 1646 1178 1673 ac
1204 1632 1340 1674 libero
1367 1631 1412 1673 P.
1432 1630 1574 1673 Sullae

235 1705 408 1732 causam
453 1691 692 1745 defendere,
734 1691 900 1732 nullum
939 1706 963 1732 a
1001 1706 1068 1732 me
1107 1691 1266 1732 sciente
1303 1690 1467 1731 facinus
1506 1705 1574 1732 oc-

235 1750 409 1803 cultari,
440 1750 607 1790 nullum
641 1750 778 1791 scelus
813 1752 1057 1803 susceptum
1090 1751 1239 1790 contra
1272 1749 1455 1790 salutem
1487 1763 1573 1790 om-

234 1808 353 1849 nium
396 1808 561 1849 defendi
603 1823 650 1850 ac
681 1808 783 1863 tegi.
845 1807 967 1849 Nihil
1000 1808 1050 1848 de
1082 1808 1163 1849 hoc
1195 1808 1342 1848 consul
1375 1807 1574 1861 comperi,

164 1877 207 1909 87
234 1866 343 1907 nihil
383 1867 625 1920 suspicatus
665 1881 778 1921 sum,
815 1867 923 1908 nihil
956 1866 1111 1908 audivi.
1164 1866 1317 1919 Itaque
1348 1865 1459 1906 idem
1492 1880 1572 1921 ego
1592 1877 1628 1903 30

234 1925 319 1978 ille,
352 1925 425 1990 qui
455 1924 682 1966 vehemens
714 1925 759 1966 in
792 1926 912 1979 alios,
945 1925 1016 1980 qui
1040 1924 1315 1966 inexorabilis
1340 1924 1385 1965 in
1410 1926 1574 1966 ceteros

236 1998 328 2026 esse
360 1983 476 2025 visus
508 1997 621 2036 sum,
652 1984 840 2037 persolvi
871 1985 1054 2038 patriae,
1087 1983 1199 2037 quod
1226 1982 1369 2037 debui3
1408 1983 1574 2038 reliqua

234 2043 321 2084 iam
366 2057 390 2083 a
433 2056 500 2082 me
546 2056 664 2083 meae
708 2045 940 2097 perpetuae
979 2040 1274 2084 consuetudini
1310 2044 1573 2095 naturaeque

236 2101 462 2154 debentur3
493 2102 583 2141 tam
611 2114 703 2141 sum
730 2101 985 2155 misericors,
1015 2100 1186 2166 iudices,
1213 2114 1342 2154 quam
1367 2114 1457 2153 VOS,
1482 2102 1572 2141 tam

237 2159 354 2200 mitis
405 2173 532 2213 quam
583 2158 655 2212 qui
705 2159 966 2213 lenissimus3
1016 2159 1061 2199 in
1110 2173 1193 2223 quo
1237 2158 1466 2199 vehemens
1509 2157 1572 2198 fui
1591 2168 1626 2195 35

235 2218 478 2270 vobiscum,
509 2216 618 2257 nihil
648 2216 729 2258 feci
761 2217 845 2258 nisi
877 2220 1059 2270 coactus,
1090 2217 1152 2257 rei
1182 2217 1380 2270 publicae
1411 2216 1572 2270 praeci-

234 2276 394 2331 pitanti
422 2276 612 2330 subveni,
637 2275 821 2329 patriam
849 2275 1088 2317 demersam
1108 2275 1257 2330 extuli3
1283 2274 1573 2317 misericordia
