1619 2542
137 395 175 426 14

139 1099 176 1130 15

134 1744 176 1775 115

203 113 259 153 22
563 112 656 148 PRO
684 114 732 149 M.
759 112 973 148 FONTEIO
1003 112 1192 148 ORATIO.

203 209 307 251 orbe
339 211 551 251 terrarum
585 224 609 250 a
642 210 798 264 populo
830 209 1025 251 Romano
1059 209 1333 264 gerebantur,
1366 225 1546 266 magnas

202 268 403 322 pecunias
450 268 500 309 ad
546 283 693 309 eorum
737 268 1016 322 stipendium,
1064 268 1298 309 maximum
1341 268 1547 311 frumenti

203 342 427 368 numerum
461 326 514 368 ad
545 326 834 380 Hispaniense
865 326 1028 368 bellum
1063 327 1336 368 tolerandum
1367 329 1546 382 impera-

203 386 278 427 vit.
334 386 391 438 [4]
435 385 498 438 Is,
531 385 603 439 qui
636 386 788 440 gessit,
819 385 865 426 in
898 385 1099 427 iudicium
1125 389 1321 440 vocatur,
1352 401 1442 441 vos,
1474 387 1546 441 qui

202 444 247 485 in
285 458 331 485 re
368 459 454 485 non
491 444 767 497 interfuistis,
806 458 978 485 causam
1017 459 1101 485 una
1139 459 1233 485 cum
1272 445 1432 499 populo
1464 445 1581 487 Pto-⁵

203 517 329 544 mano
368 502 644 557 cognoscitis,
690 503 835 544 dicunt
872 505 1038 556 contra,
1085 503 1237 557 quibus
1277 503 1545 545 invitissimis

202 562 463 615 imperatum
501 564 583 615 est,
621 561 784 615 dicunt,
824 561 897 616 qui
935 576 985 602 ex
1026 562 1142 617 agris
1181 576 1231 603 ex
1263 561 1337 604 Cn.
1369 562 1547 616 Pompei

205 620 373 661 decreto
401 620 601 661 decedere
628 623 727 661 sunt
752 620 901 673 coacti,
928 620 1083 673 dicunt,
1116 620 1188 674 qui
1215 635 1264 661 ex
1290 621 1394 662 belli
1420 621 1546 663 caede

205 682 247 720 et
278 679 382 734 fuga
412 693 526 720 nunc
557 678 743 734 primum
776 679 933 720 audent
965 682 1114 721 contra
1144 678 1199 720 M.
1229 679 1454 721 Fonteium
1485 680 1546 721 in-

205 752 364 778 ermem
409 738 653 779 consistere.
728 736 867 786 Quid‘?
912 737 1054 779 coloni
1097 736 1401 780 Narbonenses
1447 738 1601 794 quidm

203 796 366 847 volunt,
393 796 494 850 quid
521 797 800 838 existimant?
850 795 976 838 Hunc
1003 811 1079 850 per
1103 810 1180 837 vos
1206 798 1369 849 volunt,
1401 811 1445 838 se
1471 812 1546 851 per

202 854 315 896 hunc
354 855 587 896 incolumes
621 855 870 896 existimant
902 869 1005 896 esse.
1067 853 1177 903 Quid
1207 853 1546 898 Massiliensium

204 913 382 955 civitas?
432 913 557 955 Hunc
589 916 859 968 praesentem
890 913 945 955 iis
978 913 1134 955 adfecit
1158 913 1406 968 honoribus,
1439 929 1545 969 quos

203 972 354 1013 habuit
387 972 693 1026 amplissimos3
725 988 798 1014 vos
831 975 975 1013 autem
1009 972 1162 1014 absens
1189 975 1284 1014 orat
1314 976 1441 1027 atque
1474 974 1545 1015 ob-

204 1033 354 1083 secrat,
380 1034 428 1072 ut
455 1045 531 1072 sua
557 1031 722 1086 religio,
750 1031 953 1082 laudatio,
986 1031 1219 1072 auctoritas
1247 1031 1407 1086 aliquid
1434 1032 1545 1086 apud
1565 1043 1597 1068 15

203 1093 367 1131 vestros
389 1089 554 1131 animos
582 1091 789 1131 momenti
819 1090 1019 1131 habuisse
1046 1090 1251 1132 videatur.
1302 1091 1359 1143 [5]
1407 1089 1544 1139 Quid?

203 1148 359 1189 civium
385 1148 677 1189 Romanorum
711 1163 819 1203 quae
850 1149 1049 1190 voluntas
1083 1149 1177 1190 est?
1227 1148 1364 1190 Nemo
1398 1152 1463 1191 est
1495 1164 1546 1191 ex

202 1209 324 1248 tanto
354 1221 544 1257 numero,
577 1207 680 1261 quin
710 1207 822 1248 hunc
849 1207 1011 1261 optime
1045 1207 1094 1248 de
1120 1207 1351 1261 provincia,
1384 1208 1434 1249 de
1465 1208 1546 1249 im-

203 1265 339 1319 perio,
383 1265 433 1306 de
472 1265 598 1306 sociis
637 1268 680 1307 et
721 1266 883 1307 civibus
922 1266 1123 1307 meritum
1165 1280 1257 1307 esse
1300 1266 1545 1308 arbitretur.

204 1325 268 1377 [3]
307 1322 518 1372 Quoniam
549 1323 683 1379 igitur
715 1324 881 1377 videtis,
913 1324 985 1378 qui
1016 1326 1312 1378 oppugnatum
1345 1324 1401 1367 M.
1435 1325 1542 1366 Fon·
1563 1335 1594 1360 20

202 1382 354 1436 teium,
392 1384 630 1438 cognostis,
663 1383 736 1436 qui
768 1382 988 1423 defensum
1021 1383 1171 1435 velint,
1211 1382 1388 1424 statuite
1420 1397 1543 1437 nunc,

204 1441 303 1495 quid
343 1444 487 1482 vestra
532 1441 744 1495 aequitas,
790 1441 891 1495 quid
934 1441 1082 1494 populi
1125 1441 1309 1482 Romani
1353 1441 1542 1497 dignitas

202 1500 405 1554 postulet,
437 1503 583 1541 utrum
609 1500 770 1541 colonis
796 1499 965 1553 vestris,
996 1500 1342 1555 negotiatoribus
1374 1500 1542 1554 vestris,

203 1559 473 1600 amicissimis
515 1561 642 1613 atque
687 1558 995 1613 antiquissimis
1040 1558 1165 1600 sociis
1207 1561 1250 1600 et
1291 1558 1459 1601 credere
1500 1562 1543 1601 et
1600 1567 1602 1577 ²

203 1618 423 1658 consulere
449 1617 610 1659 malitis
644 1632 698 1658 an
728 1617 793 1671 iis,
825 1617 978 1672 quibus
1010 1632 1146 1671 neque
1178 1620 1354 1671 propter
1377 1618 1542 1659 iracun-
1562 1629 1588 1655 25

204 1675 315 1716 diam
355 1676 481 1717 fidem
513 1691 648 1730 neque
686 1678 861 1729 propter
897 1676 1196 1717 infidelitatem
1233 1676 1438 1731 honorem
1470 1675 1543 1717 ha-
1596 1671 1598 1700 ²

203 1734 302 1775 bere
334 1734 509 1775 debetis.
573 1736 629 1787 [6]
682 1734 819 1783 Quid?
851 1734 886 1775 si
918 1735 1121 1776 maiorem
1155 1734 1284 1775 etiam
1316 1733 1540 1776 hominum
1594 1769 1596 1781 ÷

202 1792 605 1834 honestissimorum
643 1793 810 1848 copiam
848 1793 1055 1847 adferam,
1094 1807 1200 1847 quae
1232 1792 1357 1833 huius
1388 1792 1540 1835 virtuti

203 1854 330 1905 atque
355 1851 622 1893 innocentiae
647 1852 896 1895 testimonio
922 1852 1061 1907 possit
1087 1865 1188 1904 esse,
1219 1853 1418 1892 tamenne
1442 1852 1539 1906 plus
1594 1883 1597 1892 .

204 1908 428 1951 Gallorum
455 1910 675 1951 consensio
702 1910 864 1952 valebit
896 1925 1023 1964 quam
1052 1923 1242 1951 summae
1269 1909 1539 1951 auctoritatis
1558 1920 1597 1966 ³⁴-

201 1967 453 2009 hominum?
517 1967 623 2009 Cum
668 1968 833 2010 Galliae
878 1967 1080 2010 Fonteius
1122 1970 1358 2022 praeesset,
1402 1968 1538 2023 scitis,

202 2026 379 2080 iudices,
410 2026 620 2067 maximos
658 2028 807 2081 populi
837 2026 1020 2069 Romani
1054 2025 1261 2067 exercitus
1298 2026 1343 2068 in
1375 2026 1538 2068 duabus
1584 2064 1590 2079 ,Ι

201 2084 424 2138 Hispaniis
469 2085 815 2140 clarissimosque
857 2085 1137 2140 imperatores
1181 2084 1325 2127 fuisse.
1400 2084 1537 2134 Quam
1582 2082 1590 2141 ,ξ’

202 2144 329 2184 multi
366 2143 529 2197 equites
568 2143 770 2195 Romani,
811 2159 938 2198 quam
976 2143 1102 2184 multi
1140 2143 1303 2185 tribuni
1339 2144 1536 2196 militum,
1586 2142 1589 2151 ’

203 2202 350 2256 quales
392 2204 435 2243 et
475 2204 579 2256 quot
623 2204 664 2242 et
706 2203 901 2256 quotiens
944 2201 1078 2256 legati
1119 2201 1171 2242 ad
1212 2216 1284 2243 eos
1328 2202 1536 2244 exiermzt!
1554 2212 1574 2237 3v

202 2260 426 2302 Exercitus
458 2262 679 2315 praeterea
709 2260 782 2302 Cn.
808 2260 985 2314 Pompei
1017 2259 1227 2301 maximus
1260 2262 1387 2314 atque
1413 2275 1535 2302 orna-

201 2318 394 2361 tissimus
439 2318 644 2360 hiemavit
694 2318 738 2360 in
784 2318 923 2360 Gallia
966 2318 1020 2360 M.
1064 2317 1241 2360 Fonteio
1285 2318 1535 2375 imperante.
