1619 2542
184 90 268 131 126
524 91 617 126 PRO
644 92 687 127 A.
713 90 954 126 CLUhNTlO
983 91 1170 127 ORATIO.

178 187 369 228 habebat
413 188 456 228 et
493 187 654 228 maiore
699 201 749 228 ex
790 190 914 241 parte
959 202 1003 228 se
1046 186 1205 228 habere
1255 187 1521 245 simulabat),

107 246 163 286 ,⁶25
178 245 385 286 auxilium
432 245 561 299 capiti
601 260 648 286 ac
678 245 865 286 fortunis
905 246 991 287 suis
1029 249 1174 300 petere
1212 246 1364 300 coepit.
1429 247 1521 289 Iam

109 432 151 462 ‘58

112 1193 154 1224 69

177 304 259 345 hoc
302 319 388 345 non
428 303 658 359 ignoratiS‚
707 304 885 357 iudices,
938 307 984 345 ut
1028 304 1157 345 etiam
1201 305 1365 346 bestiae
1407 305 1520 347 fame

178 362 366 404 monitae
402 363 653 417 plerumque
692 363 745 403 ad
784 378 880 404 eum
918 363 1076 416 locum,
1120 363 1195 404 ubi
1232 366 1382 417 pastae
1421 367 1521 405 sunt

179 421 427 475 aliquando,
476 424 758 462 revertantur.
832 420 1028 462 Staienus
1076 421 1148 462 ille
1198 422 1369 463 biennio
1421 425 1519 463 ante

180 495 276 521 cum
314 494 486 521 causam
524 479 733 520 bonorum
773 478 906 521 Safini
943 480 1113 521 Atellae
1150 480 1400 534 recepisset,
1438 495 1521 522 ses-

180 538 315 580 centis
342 538 771 583 milibusnummum
798 553 842 580 se
872 538 1075 580 iudicium
1102 542 1402 593 corrupturum
1429 554 1521 581 esse

181 597 356 638 dixerat.
423 596 540 645 Quae
585 611 681 638 cum
717 597 949 650 accepisset
989 612 1013 638 a
1053 598 1238 651 pupillo,
1282 598 1521 652 suppressit

179 655 418 709 iudicioque
456 655 572 696 facto
603 670 680 696 neo
713 654 872 696 Safinio
903 670 980 697 nec
1011 656 1223 697 bonorum
1255 657 1519 710 emptoribus

180 714 375 755 reddidit.
450 713 586 762 Quam
637 729 732 755 cum
782 714 1004 768 pecuniam
1047 714 1310 769 profudisset
1353 718 1395 756 et
1439 715 1529 756 sibi*

181 773 289 814 nihil
320 787 407 813 non
439 772 565 813 modo
599 772 652 813 ad
678 773 934 827 cupiditates
967 788 1076 826 suaS‚
1109 774 1182 814 sed
1212 788 1265 814 ne
1298 773 1350 814 ad
1382 788 1522 815 neces-

184 832 358 872 sitatem
405 831 574 884 quidem
616 831 880 885 reliquisset,
923 832 1078 873 statuit
1122 832 1175 873 ad
1216 832 1384 873 easdem
1430 846 1521 873 esse

183 890 265 931 sibi
304 890 483 944 praedas
525 904 573 930 ac
606 890 929 955 suppressiones
961 890 1178 931 iudiciales
1211 891 1521 932 revertendum.

181 949 354 1002 Itaque,
386 963 482 989 cum
515 947 798 1002 Oppianicum
829 948 915 990 iam
946 949 1159 1003 perditum
1191 951 1234 990 et
1266 949 1430 990 duobus
1461 949 1520 990 iu-

184 1008 379 1062 gulatum
413 1007 683 1060 praeiudiciis
716 1007 891 1061 videret⁷
922 1008 1146 1062 promissis
1174 1007 1261 1049 suis
1294 1022 1389 1048 eum
1415 1008 1519 1049 exci

181 1066 291 1107 tavit
329 1065 543 1106 abiectum
582 1068 624 1105 et
656 1065 781 1106 simul
809 1066 939 1106 saluti
972 1066 1196 1119 desperare
1228 1068 1374 1108 vetuit.
1436 1066 1521 1121 Op-

181 1123 374 1177 pianicus
431 1126 574 1164 autem
620 1138 742 1164 orare
785 1124 1003 1165 hominem
1048 1125 1206 1179 coepit,
1255 1127 1304 1165 ut
1342 1124 1424 1166 sib'i
1455 1139 1521 1166 ra-

182 1183 345 1223 tionem
389 1182 632 1222 ostenderet
682 1182 826 1223 iudicii
875 1183 1183 1237 corrumpendi.
1243 1182 1322 1223 Ille
1367 1185 1521 1236 autem,

184 1255 309 1295 quem
348 1240 401 1281 ad
440 1240 613 1281 modum
652 1255 701 1281 ex
733 1240 826 1295 ipso
860 1240 1096 1295 Oppianico
1129 1244 1279 1294 postea
1310 1243 1375 1282 est
1405 1241 1520 1283 audi—

184 1303 294 1351 tum,
332 1299 508 1353 negavit
547 1313 805 1352 quemquam
844 1314 935 1340 esse
972 1299 1016 1340 in
1054 1299 1228 1341 civitate
1260 1302 1431 1354 praeter
1463 1314 1518 1352 se,

184 1358 257 1412 qui
290 1357 333 1397 id
359 1357 525 1398 efficere
550 1360 709 1411 posset.
754 1355 835 1398 Sed
861 1358 1000 1412 primo
1028 1358 1198 1413 gravari
1224 1358 1375 1413 coepit,
1407 1359 1519 1412 quod

184 1416 448 1458 aedilitatem
488 1430 532 1457 se
570 1419 713 1470 petere
751 1431 845 1457 cum
883 1416 1128 1457 hominibus
1165 1417 1446 1458 nobilissimis
1479 1422 1520 1457 et

182 1475 388 1516 invidiam
421 1476 548 1528 atque
575 1474 852 1516 offensionem
885 1475 1035 1516 timere
1062 1475 1241 1516 dicebat.
1290 1475 1395 1517 Post
1426 1489 1519 1517 exo-

182 1536 302 1575 ratus
336 1533 460 1574 initio
488 1547 769 1588 permagnam
796 1533 1019 1588 pecuniam
1045 1534 1258 1588 poposcit,
1291 1533 1439 1575 deinde
1466 1534 1518 1575 ad

181 1593 223 1632 id
256 1592 469 1645 pervenit,
502 1592 613 1646 quod
646 1592 797 1633 confici
827 1592 987 1646 potuit3
1018 1590 1091 1633 HS
1118 1595 1311 1634 sescenta
1341 1592 1517 1646 quadra·
1538 1606 1551 1629 ε’

184 1650 305 1705 ginta
338 1650 458 1690 milia
485 1650 639 1691 deferri
666 1650 719 1691 ad
746 1665 789 1691 se
817 1651 988 1691 domum
1014 1650 1150 1692 iussit.
1200 1650 1316 1699 Quae
1341 1652 1520 1704 pecunia

183 1709 309 1750 simul
349 1711 476 1762 atque
516 1709 569 1749 ad
608 1723 704 1749 eum
743 1709 886 1750 delata
924 1711 1006 1763 est,
1042 1709 1171 1751 homo
1202 1709 1517 1764 impurissimus

183 1767 331 1808 statim
358 1767 497 1820 coepit
522 1767 567 1807 in
593 1767 682 1808 eius
703 1767 818 1808 modi
837 1770 979 1808 mente
1000 1770 1042 1808 et
1062 1768 1323 1822 cogitatione
1342 1767 1517 1821 versari,

180 1825 289 1866 nihil
335 1839 427 1865 esse
471 1825 558 1866 suis
602 1825 841 1866 rationibus
880 1826 1028 1867 utilius
1068 1841 1196 1880 quam
1234 1825 1517 1879 Oppianicum

182 1883 472 1936 condemnari3
496 1883 573 1924 illo
601 1884 798 1925 absoluto
824 1884 1047 1938 pecuniam
1071 1884 1191 1925 illam
1213 1888 1287 1925 aut
1306 1883 1514 1925 iudicibus

182 1941 516 1996 dispertiendam
537 1944 610 1982 aut
629 1942 712 1996 ipsi
732 1957 824 1984 esse
843 1942 1123 1996 reddundam3
1143 1942 1344 1983 damnato
1364 1943 1517 1996 repeti-

182 2003 326 2041 turum
352 2013 444 2040 esse
463 1999 688 2041 neminem.
727 2000 878 2055 Itaque
897 2015 987 2042 rem
1007 2000 1223 2055 excogitat
1243 2001 1516 2055 singularem.

182 2060 325 2113 Atque
355 2058 472 2109 haec,
502 2057 673 2111 iudices,
706 2073 812 2112 quae
843 2073 943 2101 vera
974 2058 1170 2100 dicuntur
1201 2073 1226 2099 a
1250 2059 1386 2112 nobis,
1416 2058 1516 2100 faei-

183 2118 265 2158 lius
303 2116 502 2166 credetis⁷
541 2116 576 2156 si
615 2131 709 2157 cum
749 2117 902 2158 animis
936 2116 1091 2158 vestris
1124 2117 1255 2172 longo
1286 2117 1514 2158 intervallo

1541 728 1575 753 10

1541 1020 1573 1046 15

1539 1313 1573 1338 20

1536 1897 1548 1905 ο

1535 1896 1570 1921 00

182 2175 398 2217 recordari
430 2173 473 2215 C.
494 2173 655 2215 Staieni
686 2175 820 2216 vitam
847 2178 890 2216 et
913 2178 1112 2216 naturam
1138 2176 1377 2230 volueritis3
1402 2190 1515 2228 nam,
1535 2187 1568 2212 3⁵

182 2234 355 2289 perinde
387 2235 435 2274 ut
467 2231 610 2286 opinio
643 2235 708 2273 est
741 2233 790 2274 de
823 2233 1022 2287 cuiusque
1053 2233 1262 2287 moribus,
1298 2234 1378 2288 ita,
1415 2234 1515 2288 quid

184 2293 236 2334 ab
277 2306 325 2333 eo
362 2291 523 2332 factum
563 2293 637 2332 aut
666 2305 754 2332 non
784 2291 944 2333 factum
977 2291 1051 2346 sit,
1092 2292 1329 2333 existimari
1359 2295 1512 2346 potest.
