1619 2542
114 821 157 852 20

117 1640 159 1672 21

180 125 264 167 256
520 124 571 160 IN
598 126 638 160 L.
659 123 924 160 CATILINAM
951 123 1124 158 ORATIO
1150 124 1177 159 Ι.

181 222 295 264 domi
321 236 439 263 meae
465 223 508 262 te
535 221 816 274 adservarem,
849 220 1027 274 rogasti.
1071 218 1179 262 Cum
1207 235 1231 261 a
1257 234 1323 261 me
1352 235 1519 275 quoque

180 282 223 323 id
263 295 515 335 responsum
555 280 745 332 tulisses,
790 293 855 319 me
896 279 1015 320 nullo
1055 279 1180 320 modo
1219 293 1346 333 posse
1384 279 1519 321 isdem

181 340 416 394 parietibus
459 341 554 379 tuto
600 352 690 379 esse
734 340 893 389 tecum,
938 338 1009 392 qui
1053 351 1210 392 magno
1248 338 1291 378 in
1329 338 1518 391 periculo

182 413 329 451 essem,
363 397 475 452 quod
501 397 635 438 isdem
669 397 893 437 moenibus
926 396 1251 450 contineremur,
1283 396 1335 438 ad
1368 396 1414 445 Q.
1435 396 1520 438 Me-

180 458 330 499 tellum
356 459 597 510 praetorem
623 455 791 496 venisti.
824 456 863 496 A
885 469 967 509 quo
988 455 1236 509 repudiatus
1257 455 1310 496 ad
1332 455 1520 496 sodalem
1539 466 1557 493 5

181 519 314 568 tuum,
340 515 478 556 virum
506 517 742 569 optumum,
767 513 824 555 M.
844 513 1078 567 Metellum,
1101 513 1366 568 demigrasti3
1394 529 1518 569 quem

181 578 229 616 tu
260 574 455 615 videlicet
488 576 530 614 et
563 572 615 613 ad
642 572 963 614 custodiendum
991 572 1369 628 diligentissimum
1397 575 1439 614 et
1466 572 1520 614 ad

183 633 482 687 suspicandum
523 632 850 686 sagacissimum
888 634 930 672 et
962 631 1015 672 ad
1045 631 1345 673 vindicandum
1376 631 1519 673 fortis-

183 693 339 733 simum
375 691 467 732 fore
506 691 681 745 putasti.
743 689 824 731 Sed
856 705 983 744 quam
1015 691 1141 745 longe
1174 690 1342 732 videtur
1374 705 1398 731 a
1430 705 1518 731 car—

183 765 276 792 cere
317 752 443 805 atque
476 765 500 790 a
530 749 710 790 vinculis
743 749 890 790 abesse
923 749 1092 803 debere,
1131 749 1202 803 qui
1235 763 1278 790 se
1310 750 1400 803 ipse
1432 749 1519 790 iam
1541 762 1575 788 10

184 810 360 864 dignum
399 808 592 849 custodia
625 807 842 849 iudicarit!
906 807 1021 856 Quae
1054 822 1149 849 cum
1181 808 1244 848 ita
1276 808 1373 862 sint,
1406 806 1521 849 Cati-

182 869 287 921 lina,
318 867 507 919 dubitas,
539 866 574 907 si
607 867 741 908 emori
773 880 907 920 aequo
940 867 1081 907 animo
1113 880 1199 907 non
1231 870 1371 920 potes,
1404 866 1521 908 abire

182 928 227 968 in
277 926 441 980 aliquas
490 928 627 966 terras
672 927 714 966 et
757 925 891 966 vitam
934 926 1061 966 istam
1105 926 1253 967 multis
1299 925 1520 980 suppliciis

182 985 308 1026 iustis
337 984 575 1038 debitisque
603 986 792 1037 ereptam
818 983 945 1038 fugae
966 983 1268 1037 solitudinique
1289 984 1521 1025 mandare?

272 1042 443 1096 eRefer',
473 1042 628 1096 inquis,
661 1042 730 1082 ead
762 1041 992 1096 senatum'3
1023 1042 1066 1083 id
1099 1042 1211 1083 enim
1244 1044 1435 1096 postulas
1468 1045 1523 1096 et,
1543 1055 1575 1080 15

185 1103 221 1144 si
251 1102 321 1143 hic
353 1101 455 1143 ordo
490 1101 608 1153 [sibi]
641 1101 809 1154 placere
843 1101 1079 1142 decreverit
1110 1104 1152 1141 te
1178 1101 1240 1142 ire
1265 1101 1308 1142 in
1337 1101 1524 1152 exilium,

184 1162 581 1215 optemperat-,urum
612 1162 655 1200 te
687 1174 778 1200 esse
816 1159 932 1201 dicis.
981 1158 1080 1200 Non
1111 1159 1305 1213 referam,
1336 1159 1380 1201 id
1412 1160 1525 1214 quod

185 1220 387 1260 abhorret
419 1233 444 1259 a
476 1219 580 1259 meis
614 1218 822 1271 moribus,
863 1220 905 1258 et
937 1220 1081 1259 tamen
1112 1218 1286 1272 faciam,
1324 1221 1372 1259 ut
1403 1218 1524 1259 intel-

185 1279 321 1332 legas,
366 1276 466 1332 quid
508 1276 554 1317 hi
598 1276 647 1317 de
692 1279 735 1317 te
779 1277 978 1320 sentiant.
1050 1276 1265 1331 Egredere
1309 1291 1359 1317 ex
1402 1277 1521 1329 urbe,

187 1335 390 1388 Catilina,
435 1335 570 1376 libera
607 1349 696 1376 rem
738 1335 954 1389 publicam
992 1338 1125 1388 metu,
1169 1336 1213 1376 in
1252 1335 1442 1387 exilium,
1488 1335 1524 1375 si
1544 1348 1578 1373 20

186 1395 293 1436 hanc
325 1408 472 1435 vocem
505 1397 713 1447 expectas,
744 1394 1021 1448 proficiscere.
1069 1393 1177 1442 Quid
1204 1396 1281 1448 est,
1307 1392 1523 1435 Catilina?

187 1453 336 1508 ecquid
368 1453 567 1506 attendis,
593 1452 741 1506 ecquid
768 1452 1070 1494 animadvertis
1096 1453 1250 1493 horum
1277 1452 1524 1494 silentium?

186 1512 432 1565 Patiuntur,
475 1514 631 1552 tacent.
705 1511 814 1560 Quid
864 1513 1060 1566 expectas
1112 1511 1412 1553 auctoritatem
1464 1512 1526 1552 lo-

187 1571 424 1625 quentium,
474 1584 655 1624 quorum
698 1570 965 1611 voluntatem
1014 1570 1242 1612 tacitorum
1287 1569 1523 1625 perspicis?

187 1632 247 1670 At
278 1629 314 1670 si
344 1629 424 1670 hoc
455 1628 567 1670 idem
598 1628 697 1670 huie
729 1629 989 1670 adulescenti
1021 1629 1197 1683 optimo,
1228 1627 1272 1670 P.
1305 1628 1457 1682 Sestio,
1490 1628 1525 1669 si
1546 1640 1579 1683 ‚²⁵

186 1687 421 1728 fortissimo
453 1688 566 1740 viro,
596 1686 651 1728 M.
677 1686 893 1741 Marcello,
925 1687 1139 1741 dixissem,
1171 1687 1257 1729 iam
1290 1687 1395 1728 mihi
1427 1701 1524 1728 con-

189 1746 270 1786 suli
306 1745 389 1786 hoc
420 1746 512 1798 ipso
550 1746 595 1786 in
631 1747 792 1800 templo
831 1746 922 1787 iure
963 1747 1125 1800 optimo
1159 1748 1332 1787 senatus
1363 1745 1450 1786 vim
1483 1748 1526 1786 et

188 1818 338 1844 manus
376 1803 604 1844 intulisset.
665 1804 729 1845 De
767 1808 810 1846 te
843 1808 1005 1858 autem,
1044 1803 1244 1858 Catilina,
1283 1818 1378 1845 cum
1411 1803 1525 1858 quie·

190 1864 326 1914 scunt,
357 1862 554 1915 probant,
587 1876 681 1904 cum
707 1864 941 1917 patiuntur,
974 1863 1216 1916 decernunt,
1247 1876 1341 1903 cum
1367 1864 1525 1915 tacent,

190 1920 395 1974 clamant,
426 1934 562 1974 neque
594 1920 637 1961 hi
671 1922 831 1975 solum,
870 1935 1048 1976 quorum
1080 1921 1160 1961 tibi
1194 1921 1426 1962 auctoritas
1459 1923 1525 1962 est
1544 1932 1580 1958 30

189 1978 386 2020 videlicet
422 1993 538 2032 cara,
580 1979 669 2020 vita
705 1980 932 2034 vilissima,
973 1979 1047 2021 sed
1085 1979 1215 2020 etiam
1254 1979 1320 2019 illi
1361 1979 1525 2033 equites

190 2036 390 2090 Romani,
444 2036 736 2078 honestissimi
787 2041 913 2093 atque
963 2037 1114 2092 optimi
1158 2037 1256 2091 viri,
1313 2037 1526 2092 ceterique

189 2094 416 2136 fortissimi
460 2095 591 2147 cives,
636 2096 708 2149 qui
759 2097 1040 2138 circumstant
1085 2098 1299 2150 senatum,
1347 2110 1526 2151 quorum

190 2156 238 2194 tu
289 2156 332 2194 et
378 2152 663 2206 frequentiam
719 2154 859 2196 videre
909 2157 952 2196 et
1001 2154 1143 2195 studia
1193 2154 1433 2209 perspicere
1485 2158 1528 2196 et

190 2226 315 2253 voces
364 2211 494 2266 paulo
547 2214 645 2252 ante
696 2213 892 2254 exaudire
942 2212 1135 2267 potuisti.
1209 2212 1397 2261 Quorum
1447 2227 1526 2268 ego
1546 2223 1579 2250 35

191 2271 261 2311 vix
307 2270 382 2311 abs
427 2272 469 2310 te
512 2269 599 2310 iam
644 2270 713 2311 diu
761 2286 910 2312 manus
956 2285 1004 2312 ac
1048 2271 1135 2312 tela
1176 2272 1391 2325 contineo,
1437 2285 1525 2312 eos-

192 2328 285 2369 dem
323 2327 448 2369 facile
486 2327 708 2383 adducam,
745 2332 793 2370 ut
833 2333 876 2371 te
913 2329 1036 2383 haee,
1085 2343 1192 2383 quae
1232 2332 1401 2371 vastare
1441 2330 1528 2371 iam
