1687 2533
178 612 203 653 09

229 101 313 143 376
546 100 638 135 PRO
666 99 850 134 ARCHIA
874 99 1034 134 POETA
1060 98 1251 134 ORATIO

228 212 428 269 persona,
468 212 574 252 quae
612 200 788 252 propter
831 196 964 237 otium
1002 209 1048 236 ac
1086 194 1275 236 studium
1313 194 1486 236 minime
1524 194 1570 236 in

228 257 394 298 iudiciis
427 256 712 311 periculisque
744 257 933 296 tractata
965 257 1040 307 est,
1072 253 1136 295 uti
1166 268 1298 308 prope
1329 268 1440 295 novo
1467 268 1568 307 quo-

230 315 327 356 dam
372 317 414 356 et
457 314 662 355 inusitato
710 328 862 369 ο··011010
907 312 1082 354 dicendi.
1149 311 1271 360 Quod
1314 312 1351 353 si
1395 312 1501 353 mihi
1544 327 1569 353 a

228 374 351 416 vobis
383 374 515 414 tribui
541 372 796 427 concedique
823 372 1016 425 sentiam,
1042 371 1259 425 perficiam
1286 370 1490 424 profecto,
1521 373 1570 411 111

228 433 341 474 1111110
373 432 424 473 A.
458 432 665 476 Licinium
702 446 789 472 non
828 431 953 472 modo
985 445 1072 471 non
1103 430 1436 485 segregandum,
1473 439 1607 471 cum5

231 491 287 532 sit
319 491 434 545 civis,
467 506 491 532 a
521 505 698 531 numero
727 489 892 542 civium,
924 503 1071 530 verum
1099 490 1240 542 etiam,
1273 488 1309 529 si
1333 503 1419 530 non
1445 490 1569 541 esset,

228 550 389 605 putetis
422 549 712 591 asciscendum
743 548 885 589 fuisse.

318 608 443 662 Nam,
475 612 523 649 111
554 609 740 663 primum
774 622 823 648 ex
854 607 997 661 pueris
1025 606 1205 647 excessit
1231 605 1413 647 Archias
1441 607 1569 659 atque

233 667 285 708 ab
318 667 370 708 iis
404 668 587 719 artibus,
627 666 781 721 quibus
815 668 932 707 aetas
963 665 1140 720 puerilis
1173 665 1225 706 ad
1257 664 1570 705 humanitatem

230 726 453 767 informari
484 726 606 779 solet,
639 740 682 766 30
715 725 769 766 ad
800 724 1012 766 scribendi
1045 723 1233 765 studium
1264 723 1458 776 contulit,
1488 723 1571 776 pri·
1591 735 1626 761 ιο

232 800 348 825 mum
398 784 656 827 Antiochiae
707 782 830 838 (nam
873 783 934 824 ibi
982 785 1109 823 natus
1161 785 1226 824 est
1268 782 1362 824 1000
1406 780 1572 836 nobili),

233 843 390 885 celebri
429 843 643 897 quondam
682 843 787 883 urbe
827 844 869 883 et
904 842 1077 896 copiosa
1109 843 1236 895 atque
1269 839 1571 882 eruditissimis

231 902 476 943 hominibus
509 901 907 955 liberalissimisque
941 900 1092 941 studiis
1127 899 1339 954 affluenti,
1376 898 1572 941 celeriter

233 961 488 1002 antecellere
533 960 730 1002 omnibus
774 959 935 1014 ingenii
979 959 1119 1013 gloria
1162 959 1314 1013 coepit.
1381 958 1488 999 Post
1527 957 1572 998 in

234 1019 385 1061 ceteris
418 1019 548 1060 Asiae
583 1019 776 1073 partibus
810 1020 1044 1071 cunctaque
1077 1016 1255 1058 Graecia
1287 1016 1348 1058 310
1379 1016 1468 1057 01113
1502 1016 1571 1057 ad·
1591 1027 1626 1054 15

231 1081 383 1119 ventus
428 1078 773 1131 celebrabantur,
822 1079 870 1117 ut
913 1076 1074 1117 famam
1118 1075 1281 1130 ingenii
1330 1074 1571 1130 expectatio

231 1136 437 1189 hominis,
479 1136 819 1190 expectationem
850 1135 985 1189 ipsius
1019 1134 1225 1175 adventus
1259 1133 1572 1187 admiratioque

235 1197 468 1250 superaret.
528 1194 637 1236 Erat
668 1194 796 1235 Italia
832 1196 925 1234 tum
963 1194 1091 1247 plena
1123 1193 1382 1234 Graecarum
1415 1192 1572 1233 artium

236 1269 283 1295 ac
317 1253 651 1308 disciplinarum,
682 1253 907 1306 studiaque
933 1252 1038 1293 haec
1064 1254 1106 1292 et
1130 1251 1174 1292 in
1199 1250 1325 1292 Latio
1350 1250 1573 1292 vehemen-

232 1313 317 1353 tius
344 1315 436 1353 tum
463 1312 715 1353 colebantur
739 1326 868 1365 quam
893 1325 1004 1351 nunc
1029 1310 1164 1351 isdem
1190 1310 1235 1350 in
1254 1309 1421 1364 oppidis
1443 1312 1486 1350 et
1503 1309 1572 1350 hic
1591 1321 1626 1347 20

232 1372 394 1412 Romae
414 1373 590 1426 propter
609 1369 970 1425 tranquillitatem
990 1369 1052 1410 rei
1066 1368 1261 1423 publicae
1275 1383 1362 1410 non
1375 1368 1572 1423 neglege-

232 1431 402 1471 bantur.
444 1428 595 1483 Itaque
621 1429 734 1470 hunc
760 1431 802 1469 et
821 1427 1044 1469 Tarentini
1070 1431 1107 1469 et
1123 1428 1339 1469 Locrenses
1359 1430 1401 1468 et
1419 1426 1574 1481 Regini

234 1492 276 1530 et
295 1487 574 1543 Neapolitani
599 1487 773 1529 civitate
799 1487 1033 1540 ceterisque
1058 1485 1260 1541 praemiis
1281 1485 1506 1540 donarunt,
1532 1489 1575 1527 et

235 1561 399 1600 01111103,
438 1547 509 1601 qui
542 1546 703 1600 aliquid
735 1545 785 1586 de
816 1545 1000 1600 ingeniis
1032 1547 1232 1600 poterant
1263 1544 1469 1598 iudicare,
1507 1558 1573 1586 co-

235 1605 425 1660 gnitione
470 1607 599 1659 atque
642 1604 831 1659 hospitio
876 1604 1051 1659 dignum
1095 1604 1407 1645 existimarunt.
1479 1603 1572 1644 Hac
1591 1613 1626 1641 25

234 1667 358 1705 tanta
404 1664 654 1705 celebritate
702 1662 844 1704 famae
894 1677 989 1704 cum
1040 1665 1152 1704 esset
1191 1662 1278 1703 iam
1322 1661 1571 1702 absentibus

233 1725 375 1775 notus,
404 1721 588 1763 Romam
619 1721 735 1763 venit
760 1721 897 1762 Mario
930 1721 1103 1771 consule
1128 1723 1171 1761 et
1197 1719 1363 1762 Catulo.
1407 1719 1571 1761 Nactus

235 1784 300 1821 031
337 1780 524 1834 primum
563 1781 757 1822 consules
797 1794 887 1834 003,
925 1794 1105 1834 quorum
1144 1780 1251 1820 alter
1287 1793 1354 1820 res
1387 1778 1441 1819 ad
1473 1778 1572 1819 scri-

235 1840 419 1880 bendum
459 1853 698 1892 maxumas,
738 1839 848 1880 alter
885 1853 979 1879 cum
1017 1852 1086 1879 res
1118 1839 1280 1892 gestas,
1318 1840 1407 1877 tum
1441 1837 1571 1878 etiam

236 1897 423 1939 studium
457 1899 583 1950 atque
617 1912 738 1938 aures
772 1897 972 1938 adhibere
1003 1899 1162 1951 posset.
1206 1894 1361 1937 Statim
1392 1894 1571 1949 Luculli,
1590 1906 1626 1932 30

236 1971 331 1998 cum
351 1958 645 2010 praetextatus
667 1956 796 1996 etiam
810 1958 909 2007 tum
929 1954 1110 1996 Archias
1131 1956 1255 2007 esset,
1281 1968 1377 1995 eum
1398 1953 1571 1995 domum

238 2029 359 2056 suam
390 2016 652 2067 receperunt.
715 2014 773 2055 Et
805 2016 898 2054 erat
929 2013 1010 2055 hoc
1040 2027 1128 2054 non
1160 2012 1299 2053 solum
1330 2012 1492 2067 ingenii
1523 2027 1572 2054 ac

235 2074 498 2126 litterarum,
540 2086 689 2113 verum
735 2072 864 2113 etiam
906 2074 1086 2113 naturae
1125 2073 1252 2125 atque
1288 2070 1480 2124 virtutis,
1522 2073 1572 2112 ut

237 2132 404 2185 (lomus,
443 2144 550 2185 quae
587 2130 712 2171 huius
746 2130 1058 2171 adulescentiae
1090 2130 1230 2183 prima
1259 2128 1386 2183 favit,
1425 2129 1570 2170 eadem

238 2192 350 2231 esset
388 2188 729 2230 familiarissima
767 2188 986 2230 senectuti.
1047 2187 1156 2229 Erat
1186 2187 1452 2242 temporibus
1483 2187 1570 2228 illis
1589 2197 1624 2224 35

236 2248 442 2290 iucundus
470 2247 518 2296 Q.
536 2247 712 2288 Metello
739 2247 803 2287 illi
829 2246 1055 2288 Numidico
1082 2249 1125 2287 et
1151 2246 1240 2287 eius
1266 2246 1342 2287 Pio
1367 2246 1470 2298 filio,
1502 2261 1570 2287 au-

238 2307 435 2348 diebatur
480 2321 504 2347 a
546 2304 602 2346 M.
635 2305 839 2357 Aemilio,
882 2305 1056 2347 vivebat
1099 2319 1193 2346 cum
1238 2303 1284 2355 Q.
1329 2303 1483 2346 Catulo
1528 2307 1571 2346 et
