1619 2542
512 565 574 630 M.
615 583 803 629 TULLI
842 581 1168 630 CICERONIS

171 693 267 746 DE
311 692 497 746 LEGE
541 691 855 746 AGRARIA
899 691 1151 746 ORATIO
1191 689 1511 746 SECUNDA

171 794 425 841 CONTRA
463 794 515 840 P.
545 793 889 840 SERVILIUM
922 793 1184 839 RULLUM
1211 793 1305 839 TR.
1333 791 1509 838 PLEB.

624 875 709 921 AD
747 874 1053 922 POPULUM.

644 1040 1035 1079 ARGUMENTUM.

267 1117 358 1151 Cum
383 1117 430 1151 M.
459 1116 585 1152 Cicero
612 1116 704 1161 ipsis
730 1117 908 1150 Kalendis
935 1116 1132 1160 Ianuariis,
1159 1128 1231 1160 quo
1258 1116 1317 1151 die
1343 1116 1511 1151 consula-

171 1166 251 1199 tum
276 1164 378 1205 iniit,
410 1164 466 1198 ita
491 1164 605 1198 verba
630 1163 675 1197 de
701 1163 784 1208 lege
811 1163 975 1207 agraria,
1008 1175 1117 1207 quam
1143 1163 1448 1208 promulgaverat
1471 1164 1509 1198 P.

174 1210 350 1246 Servilius
375 1210 521 1253 Rullus,
553 1210 718 1252 fecisset,
745 1210 787 1244 ut
813 1210 1009 1244 adsensum
1035 1210 1186 1254 quidem
1212 1213 1361 1245 senatus
1386 1210 1511 1254 ferret,

172 1259 251 1303 ipse
272 1259 397 1292 autem
416 1257 588 1292 tribunus
608 1268 629 1291 a
648 1257 839 1302 proposito
859 1268 932 1291 non
953 1258 1152 1299 recederet,
1179 1268 1250 1301 quo
1272 1257 1332 1292 die
1351 1257 1511 1301 primum

172 1305 271 1350 apud
303 1305 479 1350 populum
507 1304 642 1347 oravit,
677 1304 832 1338 alteram
857 1304 951 1338 hanc
977 1305 1183 1338 orationem
1211 1306 1338 1338 contra
1362 1304 1401 1339 P.
1429 1304 1510 1339 Ser-

172 1352 240 1386 vili
277 1351 400 1396 legem
435 1351 583 1394 habuit,
619 1362 692 1395 qua
729 1351 887 1395 primum
923 1362 1023 1386 more
1056 1354 1093 1385 et
1124 1350 1297 1385 instituto
1328 1351 1511 1386 maiorum

171 1398 311 1444 populo
337 1398 504 1432 Romano
530 1398 670 1442 gratias
691 1399 779 1443 egit,
805 1398 902 1442 quod
923 1409 960 1432 se
981 1398 1170 1432 consulem
1190 1398 1350 1441 fecisset,
1376 1399 1511 1434 deinde

172 1446 295 1489 legem
322 1445 516 1480 Serviliam
548 1445 783 1490 impugnavit
814 1445 1015 1489 multisque
1048 1445 1093 1480 de
1120 1446 1240 1479 causis
1265 1446 1511 1490 perniciosam

173 1504 252 1528 esse
278 1492 474 1527 universae
499 1493 551 1526 rei
577 1492 748 1537 publicae
776 1492 949 1526 ostendit.

263 1658 344 1700 Est
379 1659 461 1700 hoc
497 1658 543 1700 in
580 1673 698 1700 more
735 1659 941 1713 positum,
985 1658 1188 1712 Quirites,
1226 1659 1511 1713 institutoque

175 1717 400 1769 maiorum,
430 1720 479 1758 ut
511 1718 559 1772 ei,
593 1717 663 1771 qui
691 1717 893 1758 beneficio
920 1720 1063 1758 vestro
1088 1718 1298 1773 imagines
1323 1717 1511 1759 familiae

176 1790 275 1816 suae
308 1776 525 1816 consecuti
557 1779 667 1828 sunt,
699 1790 793 1817 eam
825 1776 1007 1829 primam
1038 1776 1227 1817 habeant
1258 1776 1510 1830 contionem,

176 1848 260 1887 qua
299 1834 484 1888 gratiam
523 1834 717 1875 beneficii
748 1834 880 1875 vestri
911 1849 1006 1875 cum
1044 1849 1217 1875 suorum
1255 1834 1379 1875 laude
1417 1850 1511 1876 con—

173 1892 367 1947 iungant.
430 1891 522 1940 Qua
560 1893 604 1933 in
642 1893 835 1934 oratione
871 1907 958 1934 non
989 1893 1097 1933 nulli
1130 1893 1357 1947 aliquando
1391 1893 1509 1949 digni
1529 1906 1547 1933 5

174 1950 385 1991 maiorum
425 1950 519 1991 loco
558 1952 844 2004 reperiuntur,
890 1951 1083 2005 plerique
1122 1953 1263 1992 autem
1303 1951 1383 1993 hoc
1419 1967 1511 2006 per-

173 2009 340 2061 ficiunt,
388 2012 436 2049 ut
485 2011 655 2050 tantum
705 2009 938 2050 maioribus
988 2023 1134 2050 eorum
1184 2009 1376 2051 debitum
1420 2025 1512 2052 esse

173 2067 382 2118 videatur,
413 2067 523 2107 unde
556 2067 697 2121 etiam,
729 2068 842 2122 quod
872 2067 1055 2121 posteris
1083 2067 1329 2121 solveretur,
1360 2068 1512 2109 redun-

175 2126 307 2167 daret.
373 2124 499 2176 Mihi,
537 2124 741 2179 Quirites,
780 2126 891 2180 apud
928 2140 1004 2167 vos
1043 2125 1093 2166 de
1131 2127 1237 2167 meis
1277 2127 1510 2168 maioribus

175 2184 340 2225 dicendi
370 2183 555 2225 facultas
581 2198 667 2224 non
694 2184 828 2236 datur,
860 2198 947 2225 non
979 2198 1061 2238 quo
1094 2198 1181 2225 non
1206 2185 1314 2226 tales
1340 2185 1510 2238 fuerint,
1531 2197 1565 2222 10

176 2243 324 2297 quales
355 2257 433 2283 nos
465 2241 636 2282 illorum
671 2243 877 2296 sanguine
903 2245 1067 2283 creatos
1100 2243 1420 2297 disciplinisque
1451 2244 1512 2284 in-

175 2301 352 2342 stitutos
379 2300 546 2353 videtis,
572 2300 643 2340 sed
672 2301 783 2354 quod
810 2300 934 2342 laude
961 2301 1160 2354 populari
1188 2304 1315 2355 atque
1335 2301 1512 2344 honoris
