1619 2542
135 102 203 136 XII
539 101 821 137 ADNOTATIO
849 101 1049 137 CRITICA.

135 201 212 231 352.
240 200 283 231 23
309 200 452 231 noscent
476 195 519 239 V,
547 200 625 231 511.
653 200 696 230 30
722 196 932 240 cognoscitis
957 195 1100 229 MVW.
1128 216 1170 221 -
1198 195 1236 231 P.
1257 200 1313 232 42.
1340 200 1360 231 6
1385 207 1465 240 sqq.

135 243 187 277 sic
214 242 367 277 distinxi
394 244 496 286 orat,
522 244 563 276 ut
588 243 632 278 Is
650 243 827 278 Aebutius
853 242 996 276 dicatur
1021 242 1133 277 fuisse
1156 242 1369 278 Caesenniae
1391 254 1465 278 non

131 292 368 336 propinquus,
394 301 468 324 non
494 291 630 324 amicus
655 302 678 324 α
703 290 779 324 viro
804 290 972 332 traditus,
999 289 1064 324 sed
1083 291 1311 325 voluntarius
1329 291 1466 325 amicus

134 359 180 363 —
205 339 432 380 coniunctus,
464 336 564 381 vulg.
599 336 651 370 sic
682 336 831 380 interp:
865 337 908 370 Is
941 336 1037 371 Caes.
1069 338 1143 379 fuit
1173 338 1360 372 Aebutius.
1409 336 1468 371 Ne

135 386 226 427 forte
259 395 398 428 quaer„
430 395 518 418 num
539 383 794 428 propinquus?
845 383 951 417 Nihil
975 384 1139 418 alienius.
1166 385 1315 419 Amicus
1340 405 1394 418 —.
1421 403 1466 409 —

134 431 173 467 P.
198 435 252 466 42.
276 435 316 465 11
344 434 532 475 oportun.
560 430 664 464 codd.
692 429 768 473 ΤΕ,
794 442 828 474 p.
850 434 905 464 91.
928 434 969 464 32
996 429 1077 473 ΤΗ,
1104 434 1182 465 221.
1203 435 1222 465 9
1248 442 1323 465 non
1347 430 1467 465 solum

135 478 219 521 EF,
254 478 318 512 sed
351 478 461 511 etiam
488 477 510 511 S
547 479 583 511 et
610 480 629 510 8
654 477 764 521 ng.,
799 481 875 511 164.
903 480 922 510 2
949 476 1044 511 Bait.
1071 478 1141 513 tac.
1173 481 1327 522 φρονῇς
1358 477 1406 511 ad
1431 476 1465 511 S.

134 525 240 560 Rosc.
255 537 289 569 p.
306 528 360 559 53.
376 528 430 560 21.
447 545 489 549 —
504 523 542 557 P.
559 527 613 558 42.
629 528 671 557 22
694 535 746 567 sq.
760 522 886 558 illius?
911 523 1023 558 Illius
1040 524 1104 558 hoc
1122 535 1251 559 munus
1264 524 1466 559 Francken.

136 585 170 617 p.
193 576 272 606 261.
295 592 337 596 —
358 571 396 604 P.
417 575 472 605 42.
494 575 537 605 33
563 572 595 605 εί
620 571 682 615 qui
706 571 798 612 forte
821 581 895 605 non
919 572 1113 614 audissent,
1138 572 1168 605 ii
1194 572 1258 615 (hi)
1285 572 1467 614 Momms,

134 621 196 664 qui
220 629 294 653 non
319 619 494 659 audisset,
525 619 556 652 is
581 637 624 642 -—-
646 621 764 661 posset
789 616 902 659 Bait,
935 616 1064 661 Kays.,
1096 619 1148 652 vel
1174 617 1314 661 Klotz,
1339 619 1398 653 hie
1423 638 1466 643 —

132 670 248 711 posset
272 664 444 699 Wesenb.
473 664 557 698 Obs.
584 663 623 697 in
650 664 741 698 Sest.
768 675 802 708 p.
831 668 850 698 2
878 675 930 707 sq.
955 676 990 698 n.
1016 668 1053 707 2,
1080 665 1127 707 is,
1153 665 1224 707 his,
1249 666 1307 708 iis,
1333 666 1413 707 hiis,
1438 665 1469 699 iz·

135 734 177 738 —-
199 716 344 757 possent
376 711 480 746 codd.
514 731 557 736 —-
589 711 628 744 P.
661 715 717 745 43.
744 715 764 745 4
796 712 944 746 avertit
975 710 1143 746 Kraffert.
1170 722 1292 756 progr.
1318 711 1467 746 Aurich.

141 763 229 795 1883
255 771 290 803 p.
315 763 397 800 1153
425 758 529 801 quasi
549 768 634 792 vero
654 768 728 791 non
746 757 862 791 multo
883 757 1102 792 invidiosius
1123 757 1196 794 Cic.
1217 758 1469 793 adversarium

135 807 256 851 ipsum
297 805 390 838 illud
427 803 636 849 argumenti
667 804 749 839 loco
780 804 1029 849 proferentem
1059 804 1188 848 faciat,
1227 816 1336 849 quam
1368 806 1398 839 si
1430 816 1470 839 se

136 856 276 888 certum
302 851 394 886 scire
422 851 623 886 simularet.
638 852 681 886 V.
702 864 735 896 p.
757 855 811 886 39.
836 855 889 886 15.
906 872 947 876 —-
962 851 998 885 P.
1021 856 1075 887 43.
1098 857 1140 887 26
1167 864 1216 887 ac
1239 856 1329 888 cont.
1352 863 1468 897 susp.;

137 900 183 934 ad
210 899 311 933 Vei-r.
337 911 372 943 p.
401 902 479 933 441.
509 903 568 941 14,
596 909 817 942 quamquam
842 898 895 932 ibi
921 899 1056 933 omissa
1082 901 1167 933 sunt
1191 899 1255 934 Ac.
1282 899 1316 933 Π
1343 903 1396 934 11.
1423 903 1470 934 34

135 958 178 982 ac
203 957 354 990 compr„
383 945 427 979 de
455 957 504 980 or.
531 945 547 978 Ι
574 949 604 979 2.
632 949 651 979 8
679 957 720 980 ac
745 946 838 989 aab„
865 944 917 978 ΙΙΙ
945 949 997 980 15.
1025 950 1067 980 57
1095 957 1137 981 ac
1162 957 1300 991 quaem
1326 958 1358 982 v,
1384 945 1469 980 infr.

135 1006 168 1038 p.
199 996 267 1037 (54.
296 995 371 1035 36,)
405 996 458 1027 75.
487 995 546 1035 33,
581 996 634 1026 85.
663 996 724 1033 363
757 996 835 1026 224.
866 996 925 1035 17,
958 997 1036 1027 276.
1064 997 1120 1029 34.
1146 993 1184 1028 P.
1212 997 1289 1028 293.
1317 997 1337 1027 3
1363 993 1469 1027 codd.

134 1041 201 1075 bis
221 1051 263 1075 ac
283 1050 389 1081 cruc,
411 1043 488 1073 453.
512 1045 528 1073 1
551 1038 655 1073 GSV
674 1050 717 1073 ac
734 1040 862 1083 gloria,
884 1042 961 1074 514.
977 1043 1022 1073 20
1041 1041 1192 1075 simulac
1212 1040 1275 1075 Cn.
1291 1040 1333 1081 G,
1357 1040 1470 1084 vulg.,

134 1088 243 1123 simul
275 1087 323 1121 ad
349 1085 530 1128 PEMW,
564 1090 643 1120 530.
671 1090 714 1120 26
747 1097 790 1120 ac
820 1097 912 1121 cons.
939 1086 991 1129 M,
1025 1085 1122 1121 Cael.
1149 1091 1204 1121 29.
1232 1091 1275 1122 68
1300 1086 1401 1121 Harl.
1428 1097 1473 1122 ac

136 1136 241 1178 clar„
279 1132 382 1166 Balb.
417 1136 471 1166 24.
505 1137 549 1167 54
579 1132 680 1176 vulg.
713 1144 755 1167 ac
790 1144 906 1178 9razn,
945 1133 1016 1167 Pis.
1050 1138 1104 1168 39.
1132 1137 1175 1168 95
1194 1146 1229 1178 p.
1249 1145 1295 1168 m.
1328 1133 1396 1168 MS
1428 1144 1473 1168 ac

136 1191 248 1216 conse.
276 1200 320 1206 —
346 1179 384 1214 P.
411 1183 466 1214 43.
493 1183 537 1214 29
570 1180 730 1224 Itaque
760 1181 834 1214 illis
865 1179 993 1223 Kays.;
1029 1181 1075 1214 ad
1105 1192 1140 1224 p.
1162 1184 1240 1215 393.
1263 1185 1299 1223 1,
1337 1184 1416 1214 421.
1438 1185 1472 1224 3,

137 1227 170 1262 S.
193 1228 298 1262 Rosc.
322 1230 376 1261 37.
399 1230 458 1267 333
485 1237 520 1270 p.
535 1230 613 1260 431.
630 1231 647 1260 7
669 1225 767 1260 mell.
789 1225 894 1260 codd.
912 1229 1042 1271 itaque.
1062 1247 1107 1252 —
1127 1227 1178 1263 Ib.
1194 1228 1254 1262 ille
1271 1229 1320 1262 iis
1338 1226 1470 1270 Klotz„

137 1274 235 1318 quod
269 1273 513 1318 ‘pronomine,
553 1272 651 1316 quod
684 1273 730 1306 ad
763 1272 842 1307 Ser..
869 1273 1021 1307 Aebutii
1050 1285 1245 1318 personam
1274 1274 1472 1319 pertineat,

137 1332 228 1365 opus
255 1320 331 1355 sit'.
359 1319 401 1354 V.
422 1319 481 1353 vel
505 1319 586 1355 infr.
608 1324 639 1355 8.
666 1324 707 1354 21
736 1321 774 1353 et
798 1324 853 1362 23,
880 1320 1020 1355 Cluent.
1048 1324 1079 1355 8.
1100 1324 1146 1355 24
1171 1332 1237 1364 ex„
1268 1325 1320 1356 14.
1341 1325 1386 1356 40
1410 1332 1471 1364 m.,

136 1381 170 1413 p.
205 1371 285 1402 408.
317 1371 361 1401 25
395 1378 464 1410 sq„
498 1366 595 1401 Cael.
630 1370 685 1400 21.
714 1356 772 1401 ¹52.
801 1387 842 1391 —
870 1366 908 1401 P.
935 1370 991 1402 43.
1018 1371 1062 1401 34
1093 1371 1176 1403 tuus
1206 1367 1329 1412 potius
1362 1379 1472 1412 quam

137 1416 244 1450 istius
268 1413 432 1455 Hotom,
460 1412 662 1448 Francken.
688 1425 722 1457 p.
750 1417 815 1448 261
844 1425 896 1457 sq.
923 1413 1077 1458 probab.
1105 1435 1147 1439 —
1173 1413 1212 1450 P.
1239 1419 1294 1449 43.
1315 1418 1359 1449 35
1385 1415 1474 1460 [hoe

138 1462 209 1506 est]
234 1460 354 1506 Kays.,
382 1471 452 1494 om.
481 1460 559 1494 cod.
589 1461 633 1502 T3
665 1460 711 1494 ad
736 1472 771 1505 p.
797 1464 853 1496 41.
882 1464 933 1494 13.
956 1481 999 1486 —
1019 1460 1057 1495 Ρ.
1079 1464 1134 1495 44.
1156 1466 1175 1495 5
1207 1462 1472 1497 conlocuntur

140 1508 220 1543 cod.
249 1508 289 1551 T,
316 1508 538 1542 collocuntur
563 1506 603 1549 E,
630 1508 893 1551 conloquuntur
913 1509 978 1541 aut
996 1509 1116 1552 colloq.
1138 1507 1238 1546 edd:
1264 1507 1346 1543 infr.
1368 1507 1416 1542 ad
1434 1519 1471 1552 p,

140 1559 194 1590 56.
222 1559 282 1597 22,
317 1558 395 1590 266.
423 1558 484 1596 35,
511 1557 589 1588 489.
617 1557 654 1596 9,
682 1557 760 1588 529.
783 1558 843 1595 213
870 1558 948 1589 202.
971 1559 1024 1596 19,
1051 1558 1128 1589 330.
1150 1558 1187 1596 23
1214 1554 1316 1590 Verr.
1336 1566 1371 1598 p.
1392 1559 1470 1590 300.

140 1606 171 1636 6.
192 1621 235 1626 -
257 1601 296 1636 Ρ.
323 1605 378 1635 44.
408 1605 426 1635 7
453 1611 496 1634 ex
521 1600 638 1643 codd,
665 1612 688 1634 a
713 1600 819 1643 Bait,
846 1600 967 1645 Kays,
994 1600 1113 1635 Klotz.
1141 1601 1242 1636 Caes.
1264 1601 1353 1636 G.V
1372 1606 1428 1637 21.
1450 1606 1472 1636 2

138 1659 213 1683 non
240 1649 340 1692 lonae
365 1658 408 1682 ecc
433 1657 470 1681 eo
492 1647 564 1682 Ioco
584 1648 756 1691 oppidum
775 1649 901 1690 abesse,
928 1647 1046 1684 Plaut.
1076 1648 1169 1682 Rud.
1190 1652 1258 1683 266
1275 1649 1360 1683 hinc
1376 1650 1473 1684 imus

139 1695 237 1730 haud
262 1695 403 1738 lonqule
428 1705 470 1728 ex
494 1695 557 1728 hoc
582 1695 666 1729 loco.
694 1714 736 1719 —
763 1694 802 1728 P.
830 1698 885 1728 44.
913 1698 956 1729 27
989 1696 1135 1730 derecto
1161 1706 1245 1738 scr.,
1279 1696 1348 1730 dir.
1376 1694 1472 1738 edd,

139 1743 274 1777 decreto
301 1741 379 1775 cod.
407 1740 452 1782 T,
480 1740 569 1774 item
593 1752 628 1785 p.
656 1745 734 1775 204.
763 1745 806 1775 19
832 1741 954 1785 codd,
983 1741 1030 1776 ad
1054 1753 1088 1786 p.
1117 1746 1194 1776 300.
1222 1745 1282 1785 24,
1309 1745 1388 1777 332.
1414 1746 1472 1785 26,

142 1788 182 1830 Q.
217 1788 321 1822 Rosc.
347 1799 382 1831 p.
411 1791 464 1821 84.
493 1791 547 1821 32.
574 1807 617 1811 —
643 1787 681 1821 P.
708 1792 763 1822 44.
790 1792 834 1822 29
866 1790 897 1822 ei
926 1799 1008 1823 voce
1037 1790 1138 1823 clara
1162 1787 1299 1830 Klotz,
1331 1793 1363 1823 et
1392 1800 1472 1824 voce

141 1836 182 1870 cI.
220 1834 324 1869 codd.
352 1832 438 1876 TE,
472 1837 504 1867 et
535 1834 636 1868 clam
666 1845 744 1869 voce
774 1837 806 1869 et
829 1834 923 1869 Bait.
951 1836 1046 1869 auct.
1073 1834 1184 1878 Kays.
1211 1855 1254 1860 —
1281 1834 1318 1870 P.
1344 1839 1399 1870 44.
1426 1839 1473 1871 30

141 1882 217 1916 ord.
243 1882 430 1916 transisset
455 1879 655 1914 Francken.
675 1892 709 1925 p.
731 1885 809 1924 262,
837 1881 935 1925 quod
961 1882 1049 1915 ordo
1074 1881 1169 1915 nihil
1194 1882 1404 1917 circumdet.
1427 1903 1471 1908 —

142 1928 179 1962 P.
207 1932 262 1963 45.
292 1932 308 1962 1
343 1928 531 1969 conferunt
560 1939 637 1962 una
667 1929 776 1962 amici
799 1929 916 1972 vulg,
948 1927 1061 1970 Bait,
1096 1927 1223 1971 Kays,
1251 1930 1372 1972 confer
1395 1940 1472 1964 una

141 1976 261 2009 mez'eci
293 1974 371 2008 cod.
405 1974 451 2016 T,
485 1985 562 2008 una
594 1985 661 2008 om.
695 1974 839 2018 aliquot
870 1975 960 2009 dett.
992 1974 1115 2018 codd„
1147 1974 1284 2018 Klotz,
1317 1987 1349 2019 q.
1374 1987 1409 2012 v,
1434 1988 1469 2021 p.

142 2021 323 2056 XXXVII.
373 2020 550 2054 Similiter
580 2033 615 2065 p.
644 2025 697 2055 71.
727 2026 743 2055 1
771 2021 799 2054 Τ
819 2021 933 2056 habet
957 2025 1030 2056 tam
1054 2033 1098 2056 ne
1122 2033 1159 2056 re
1185 2021 1220 2063 (i.
1249 2033 1278 2056 e.
1303 2026 1472 2066 manere),

143 2068 220 2103 rell.
247 2073 364 2103 tamen
388 2078 539 2102 manere.
566 2088 608 2092 —
635 2067 674 2101 P.
700 2071 754 2103 45.
778 2072 820 2102 12
846 2069 951 2103 istius
976 2067 1054 2102 cod.
1082 2068 1162 2102 Par.
1188 2067 1224 2111 k,
1251 2068 1374 2112 Kays,
1398 2080 1472 2105 non

142 2127 174 2148 v.
206 2120 245 2149 19
271 2125 338 2149 nee
363 2125 397 2158 p.
425 2118 479 2148 38.
508 2118 562 2156 13,
589 2118 643 2149 39.
672 2118 725 2157 15,
755 2119 807 2157 17,
834 2118 888 2149 40.
915 2119 970 2157 29,
997 2118 1050 2149 63.
1079 2118 1134 2157 32,
1162 2119 1215 2150 73.
1239 2119 1280 2149 15
1308 2117 1411 2157 cett.;
1437 2127 1470 2150 v.

145 2161 264 2196 Klotz.
297 2173 331 2206 p.
359 2160 513 2194 XXXVI
546 2172 615 2204 sq.,
648 2171 714 2194 nos
746 2161 793 2194 ad
818 2161 919 2196 Verr.
951 2173 987 2206 p.
1022 2165 1097 2196 162.
1124 2166 1156 2196 3.
1206 2161 1302 2196 Raro
1333 2163 1372 2196 in
1401 2163 1473 2198 hoc

143 2208 212 2242 vol.
235 2219 277 2242 ea
302 2207 520 2252 pronomina
543 2208 753 2252 permutata
779 2209 875 2252 sunt,
899 2209 976 2242 ille
1000 2219 1067 2252 pro
1092 2209 1174 2242 iste
1193 2208 1316 2252 script.
1336 2221 1371 2254 p.
1392 2213 1470 2245 280.

144 2259 187 2289 35
218 2255 256 2288 in
289 2265 360 2289 uno
388 2253 467 2289 cod.
493 2254 546 2298 (in
575 2253 742 2298 pluribus
766 2256 852 2298 his),
886 2258 964 2290 283.
993 2259 1011 2289 7
1036 2255 1075 2289 in
1099 2253 1217 2289 tribus
1244 2255 1347 2290 codd.
1379 2255 1471 2299 bis,

144 2312 235 2344 quos
250 2301 367 2335 Halm.
387 2301 490 2344 sequi
504 2299 605 2344 solet,
627 2304 704 2335 392.
721 2305 763 2335 36
778 2300 817 2335 in
832 2300 927 2343 TW,
942 2304 1021 2337 404.
1038 2305 1080 2336 14
1093 2302 1131 2335 in
1146 2301 1314 2336 omnibus
1325 2303 1474 2348 praeter
