1619 2542
107 1214 153 1244 59

107 1671 164 1712 22

105 2206 150 2237 60

180 111 263 152 122
525 109 617 144 PRO
643 109 684 145 A.
713 108 954 145 CLUENTIO
981 109 1168 145 ORATIO.

177 207 325 261 paucis
363 207 505 249 verbis
551 208 722 248 accusat
765 210 813 247 ut
858 205 907 246 de
950 220 996 247 re
1035 205 1222 247 iudicata
1260 204 1517 261 Cannutius3

176 266 329 320 incipit
384 266 514 321 longo
573 268 615 306 et
664 265 751 306 alte
800 265 936 318 petito
992 264 1211 319 prooemio
1260 266 1516 320 respondere

178 325 316 366 maior
347 323 592 379 Caepasius.
657 323 802 364 Primo
842 325 1003 364 attente
1043 323 1213 364 auditur
1245 323 1334 364 eius
1366 324 1516 366 oratio.

177 383 390 438 Erigebat
422 383 611 424 animum
643 382 731 422 iam
758 381 987 422 demissum
1014 384 1057 422 et
1083 396 1333 436 oppressum
1362 381 1517 437 Oppia-

177 442 315 495 nicus3
360 441 575 496 gaudebat
606 440 696 495 ipse
728 439 967 494 Fabricius3
997 454 1083 481 non
1114 440 1397 495 intellegebat
1428 441 1515 482 ani·
1535 450 1552 477 5

178 515 271 542 mos
315 500 502 541 iudicum
545 514 634 540 non
676 499 792 540 illius
837 499 1098 553 eloquentia,
1143 499 1215 540 sed
1260 498 1516 540 defensionis

178 559 444 613 impudentia
476 557 747 600 commoveri.
807 557 1094 611 Posteaquam
1127 557 1176 597 de
1208 572 1253 598 re
1285 557 1426 612 coepit
1457 558 1516 598 di-

178 632 291 671 cere,
324 617 376 659 ad
410 632 475 671 ea,
508 631 616 671 quae
649 618 770 657 erant
799 616 845 657 in
876 630 1015 669 causa,
1048 616 1231 657 addebat
1263 616 1393 657 etiam
1424 616 1516 670 ipse

177 691 291 717 nova
317 676 523 730 quaedam
550 675 738 728 vulnera,
771 677 830 728 ut,
862 689 1121 728 quamquam
1148 675 1293 716 sedulo
1318 674 1516 728 faciebat,

178 737 325 775 tamen
350 735 565 775 interdum
591 748 677 775 non
704 733 938 787 defendere,
970 734 1042 774 sed
1068 733 1354 787 praevaricari
1381 735 1516 786 [accu-
1537 745 1570 769 10

179 794 355 844 sationi]
388 793 615 834 videretur.
675 791 827 846 Itaque
860 807 954 833 cum
987 792 1263 833 callidissime
1296 806 1340 833 se
1378 791 1516 833 dicere

180 854 353 905 putaret
392 854 435 892 et
467 866 562 892 cum
593 851 669 892 illa
701 851 829 892 verba
862 849 1118 905 gravissima
1150 865 1198 891 ex
1230 850 1381 891 intimo
1415 851 1515 891 arti-

178 911 275 952 ficio
303 910 654 965 deprompsisset:
687 909 986 964 eRespicite,
1017 909 1228 962 iudices,
1254 908 1515 950 hominum

179 969 439 1022 fortunas,
495 968 741 1023 respicite
793 968 973 1009 dubios
1023 968 1297 1021 variosque
1348 981 1515 1018 casus,

179 1027 424 1082 respicite
457 1026 501 1068 C.
533 1026 736 1068 Fabrici
774 1026 1133 1079 senectutem',
1172 1041 1266 1067 cum
1303 1026 1385 1067 hoc
1417 1025 1568 1066 ‘re-15

181 1085 389 1139 spicite’
423 1085 638 1126 ornandae
671 1085 878 1127 orationis
911 1099 1039 1126 causa
1071 1099 1196 1139 saepe
1230 1084 1422 1138 dixisset,
1454 1099 1516 1125 re-

180 1144 320 1198 spexit
362 1144 465 1198 ipse.
539 1146 599 1184 At
643 1143 687 1186 C.
731 1143 951 1184 Fabricius
1001 1158 1026 1184 a
1070 1143 1286 1184 subselliis
1331 1143 1514 1184 demisso

182 1203 321 1257 capite
354 1203 617 1244 discesserat.
679 1201 761 1243 Hic
793 1202 950 1242 iudices
976 1201 1130 1255 ridere,
1163 1202 1423 1243 stomachari
1455 1204 1516 1242 at-

180 1276 259 1315 quc
305 1261 455 1302 acerbe
498 1261 609 1302 ferre
652 1263 860 1315 patronus
905 1275 1077 1301 causam
1121 1260 1203 1300 sibi
1247 1259 1354 1314 eripi
1391 1262 1433 1300 ct
1470 1274 1514 1301 se

179 1322 321 1360 cetera
360 1320 410 1360 de
447 1320 524 1360 illo
557 1320 650 1361 loco
683 1319 988 1373 Respieite,
1025 1317 1239 1359 iudices'
1270 1333 1357 1359 non
1388 1332 1514 1372 posse
1552 1329 1584 1354 2⁰

180 1378 334 1432 dicere3
381 1393 458 1419 nec
497 1378 725 1432 quicquam
763 1377 936 1432 propius
976 1379 1042 1418 est
1078 1377 1258 1430 factum,
1302 1391 1430 1430 quam
1466 1379 1514 1417 ut

178 1437 301 1477 illum
338 1439 666 1491 persequeretur
704 1438 746 1477 et
784 1436 895 1477 collo
928 1436 1101 1476 obtorto
1133 1435 1186 1476 ad
1218 1435 1423 1476 subsellia
1453 1449 1516 1476 re·

179 1495 367 1547 duceret,
408 1498 456 1536 ut
493 1496 658 1549 reliqua
695 1497 842 1548 posset
872 1508 1084 1549 perorare.
1144 1493 1214 1535 Ita
1243 1496 1336 1534 tum
1367 1492 1514 1534 Fabri-

179 1554 268 1596 cius
295 1554 482 1608 primum
509 1569 585 1595 suo
611 1553 779 1607 iudicio,
806 1553 918 1607 quod
939 1555 1003 1594 est
1024 1552 1339 1607 gravissimum,
1366 1551 1514 1593 deinde

178 1612 287 1667 legis
321 1612 362 1652 vi
396 1615 437 1653 et
470 1612 693 1653 sententiis
726 1612 911 1652 iudicum
943 1614 1009 1652 est
1041 1611 1358 1652 condemnatus.
1532 1619 1567 1645 25

269 1669 379 1718 Quid
413 1673 488 1724 est,
522 1671 634 1724 quod
660 1671 747 1712 iam
773 1670 823 1711 de
844 1669 1068 1724 Oppianici
1093 1683 1275 1723 persona
1301 1683 1513 1722 causaque

177 1729 304 1783 plura
336 1729 555 1770 dicamus?
600 1729 727 1783 Apud
753 1728 922 1769 eosdem
947 1728 1106 1769 iudices
1138 1742 1234 1768 reus
1267 1729 1332 1768 est
1362 1726 1513 1779 factus,

178 1801 273 1827 cum
312 1787 379 1828 his
413 1787 577 1828 duobus
609 1786 879 1841 praeiudiciis
911 1787 996 1827 iam
1029 1786 1254 1826 damnatus
1288 1787 1417 1837 esset,
1457 1784 1511 1825 ab

176 1845 311 1886 isdem
357 1848 499 1886 autem
535 1846 763 1897 iudicibus,
802 1846 872 1899 qui
909 1844 1201 1886 Fabriciorum
1240 1842 1512 1884 damnatione

178 1903 228 1944 de
267 1902 503 1957 Oppianico
545 1904 800 1956 iudicarant,
839 1904 956 1944 locus
995 1903 1032 1943 ei
1063 1902 1225 1956 primus
1258 1904 1324 1942 est
1355 1901 1510 1943 consti·
1531 1911 1565 1936 3⁰

176 1963 313 2015 tutus3
340 1964 562 2003 accusatus
590 1965 655 2002 est
679 1961 928 2003 criminibus
954 1960 1218 2015 gravissimis
1245 1962 1287 2000 et
1312 1959 1377 2014 iis,
1403 1974 1511 2014 quae

178 2035 202 2061 a
236 2034 303 2061 me
341 2020 527 2061 breviter
565 2020 678 2061 dicta
717 2022 833 2073 sunt,
871 2022 912 2060 et
943 2020 1165 2073 praeterea
1196 2018 1361 2072 multis,
1402 2032 1510 2072 quae

178 2092 257 2134 ego
292 2078 436 2119 omnia
468 2079 615 2130 [nunc]
644 2078 817 2130 omitto3
851 2079 1073 2119 accusatus
1100 2080 1163 2117 est
1190 2076 1302 2129 apud
1327 2090 1412 2131 eos,
1438 2076 1511 2130 qui

178 2136 485 2178 Scamandrum
517 2136 762 2177 ministrum
796 2135 1030 2190 Oppianici,
1063 2133 1108 2175 C.
1139 2134 1381 2176 Fabricium
1414 2149 1507 2176 con-

179 2195 312 2236 scium
344 2194 542 2236 maleficii
574 2195 918 2235 condemnarant.
967 2192 1141 2245 Utrum,
1178 2207 1255 2246 per
1293 2193 1392 2234 deos
1432 2192 1509 2233 im·
1528 2201 1561 2228 35

176 2253 399 2294 mortales!
431 2252 569 2307 magis
602 2255 668 2293 est
699 2252 957 2304 mirandum,
989 2251 1102 2305 quod
1133 2251 1170 2291 is
1202 2251 1508 2292 condemnatus

177 2315 259 2366 est,
304 2326 358 2353 an
403 2311 514 2365 quod
559 2310 732 2351 omnino
773 2309 1028 2364 respondere
1070 2323 1197 2350 ausus
1239 2310 1334 2351 est?
1399 2307 1508 2357 Quid
