1687 2533
220 62 304 104 388
602 60 695 96 PRO
722 61 760 96 L.
788 60 967 97 FLACCO
996 60 1183 97 ORATIO.

221 159 395 212 vestris,
438 158 692 200 vastitatem
730 173 755 198 a
793 157 983 212 templis,
1027 157 1235 211 delubris,
1273 158 1395 212 urbe,
1432 158 1562 200 Italia

222 217 506 272 depellebam,
533 217 772 271 sperabam,
798 216 967 268 iudices,
992 216 1168 257 honoris
1188 216 1331 271 potius
1353 216 1399 257 L.
1418 216 1563 258 Flacci

224 291 290 318 me
317 276 557 317 adiutorem
577 275 770 316 futurum
792 289 918 328 quam
940 275 1212 316 miseriarum
1232 275 1564 330 deprecatorem.

224 334 346 383 Quod
384 335 497 375 enim
536 336 648 375 esset
685 332 922 387 praemium
955 333 1197 389 dignitatis,
1236 334 1348 388 quod
1379 335 1560 389 populus

224 394 443 435 Romanus
471 407 566 434 cum
592 392 718 433 huius
744 392 977 433 maioribus
1005 407 1172 446 semper
1198 392 1433 447 detulisset,
1463 392 1563 435 huic
1600 403 1616 428 5

224 453 467 507 denegaret,
499 466 605 492 cum·
625 450 671 492 L.
703 449 880 492 Flaccus
913 453 1100 492 veterem
1119 450 1319 493 Valeriae
1352 451 1494 506 gentis
1520 452 1565 492 in

224 511 445 552 liberanda
488 509 631 564 patria
674 509 843 551 laudem
887 524 1020 564 prope
1064 509 1408 565 quingentesimo
1453 525 1564 552 anno

224 570 286 610 rei
323 569 519 623 publicae
558 568 829 609 rettulisset‘.>
891 567 973 609 Sed
1011 568 1047 609 si
1083 567 1196 610 forte
1229 568 1457 622 aliquando
1491 571 1565 610 aut

225 628 419 669 beneficii
467 627 593 668 huius
645 627 909 668 obtrectator
959 630 1032 668 aut
1082 627 1256 668 virtutis
1306 627 1445 669 hostis
1490 631 1565 669 aut

224 686 362 728 laudis
388 685 556 728 invidus
583 685 831 736 exstitisset,
857 685 1156 727 existimabam
1176 685 1222 728 L.
1242 685 1394 728 Flacco
1422 686 1565 727 multi-
1585 696 1618 721 1⁰

225 745 386 786 tudinis
430 744 574 800 potius
618 744 842 799 imperitae
885 745 1004 785 nullo
1048 747 1193 785 tamen
1237 759 1334 786 cum
1374 745 1565 799 periculo

226 819 355 858 quam
393 803 810 858 sapientissimorum
843 805 886 844 et
918 803 1250 845 lectissimorum
1282 804 1471 845 virorum
1502 803 1564 844 iu-

228 863 384 904 dicium
425 876 516 903 esse
555 862 832 903 subeundum.
894 861 1085 915 Etenim,
1125 862 1278 916 quibus
1317 862 1565 903 auctoribus

228 924 271 963 et
309 921 603 962 defensoribus
642 920 831 962 omnium
868 923 960 961 tum
999 921 1114 961 salus
1148 923 1262 962 esset
1292 935 1378 962 non
1410 921 1566 962 civium

228 980 385 1032 solum,
422 994 567 1020 verum
599 978 730 1020 etiam
763 979 955 1034 gentium
988 978 1161 1020 defensa
1193 994 1242 1021 ac
1274 982 1458 1033 retenta,
1494 989 1620 1021 ne-15

229 1039 388 1079 minem
421 1052 624 1091 umquam
656 1038 804 1091 putavi
835 1052 910 1092 per
937 1052 1008 1079 eos
1034 1037 1151 1092 ipsos
1178 1038 1414 1092 periculum
1439 1038 1566 1080 huius

227 1096 412 1138 fortunis
451 1099 579 1150 atque
610 1096 787 1137 insidias
826 1098 1078 1137 creaturum.
1141 1095 1303 1144 Quodsi
1340 1099 1453 1138 esset
1490 1097 1567 1138 ali-

229 1155 397 1210 quando
429 1154 633 1209 futurum,
664 1157 712 1195 ut
744 1154 897 1209 aliquis
930 1155 979 1195 de
1006 1154 1050 1197 L.
1070 1153 1210 1196 Flacci
1241 1156 1427 1207 pernicie
1456 1156 1568 1210 cogi·

229 1216 359 1268 taret,
401 1227 635 1267 numquam
678 1215 824 1254 tamen
867 1213 1126 1266 existimavi,
1168 1213 1345 1267 iudices,
1383 1213 1431 1255 D.
1465 1213 1568 1255 Lae-

229 1272 346 1327 lium,
379 1271 532 1325 optimi
563 1272 644 1313 viri
675 1272 825 1325 filium,
858 1271 1021 1325 optima
1050 1271 1192 1326 ipsum
1224 1286 1298 1327 spe
1325 1272 1566 1327 praeditum
1586 1283 1621 1308 20

229 1345 421 1373 summae
466 1330 710 1386 dignitatis,
759 1345 852 1371 eam
896 1333 1193 1385 suscepturum
1240 1330 1568 1385 accusationem,

230 1404 338 1445 quae
371 1390 676 1431 sceleratorum
709 1388 862 1430 civium
894 1389 1038 1444 potius
1072 1389 1168 1430 odio
1202 1391 1244 1430 et
1275 1389 1410 1431 furori
1439 1403 1569 1444 quam

229 1448 364 1502 ipsius
391 1447 541 1489 virtuti
567 1450 695 1502 atque
720 1447 945 1489 institutae
972 1447 1286 1489 adulescentiae
1312 1448 1568 1490 conveniret.

229 1507 413 1561 Etenim,
445 1521 540 1548 cum
574 1521 599 1547 a
629 1506 879 1548 clarissimis
905 1506 1009 1548 viris
1035 1506 1294 1548 iustissimas
1319 1506 1568 1548 inimicitias

231 1580 356 1620 saepe
401 1580 497 1607 cum
540 1565 648 1605 bene
692 1565 856 1606 meritis
901 1565 1065 1606 civibus
1110 1564 1326 1620 depositas
1372 1579 1463 1606 esse
1507 1565 1568 1607 vi·
1587 1575 1621 1600 25

231 1625 406 1677 dissem,
448 1638 535 1665 non
580 1638 675 1664 sum
719 1623 954 1664 arbitratus
993 1638 1248 1679 quemquam
1287 1623 1469 1665 amicum
1506 1623 1569 1665 rei

230 1683 438 1738 publicae,
470 1684 754 1736 posteaquam
785 1681 831 1723 L.
858 1682 1002 1723 Flacci
1033 1696 1153 1724 amor
1184 1682 1229 1723 in
1261 1683 1445 1737 patriam
1475 1696 1568 1737 per-

233 1743 400 1795 spectus
434 1743 559 1794 esset,
590 1755 722 1782 novas
754 1740 854 1782 huic
883 1740 1128 1782 inimicitias
1160 1741 1280 1782 nulla
1311 1743 1483 1794 accepta
1507 1740 1569 1781 in-

232 1800 341 1840 iuria
370 1799 726 1840 denuntiaturum.
772 1797 855 1840 Sed
880 1799 1091 1854 quoniam,
1123 1799 1295 1853 iudices,
1326 1799 1464 1840 multa
1488 1813 1568 1841 nos

233 1861 276 1899 et
299 1857 344 1898 in
368 1857 529 1898 nostris
555 1857 681 1898 rebus
707 1860 751 1898 et
774 1857 820 1898 in
845 1872 889 1898 re
916 1857 1087 1912 publica
1105 1857 1363 1910 fefellerunt,
1388 1857 1565 1899 ferimus
1587 1868 1623 1893 30

233 1931 299 1970 ea,
338 1930 445 1971 quae
485 1918 584 1956 sunt
620 1915 812 1969 ferenda3
850 1919 1019 1957 tantum
1059 1931 1083 1957 a
1121 1915 1243 1957 vobis
1280 1915 1485 1970 petimus,
1522 1918 1571 1957 ut

234 1975 377 2016 omnia
413 1974 475 2014 rei
511 1974 709 2028 publicae
747 1975 954 2027 subsidia,
992 1977 1133 2015 totum
1170 1976 1332 2015 statum
1369 1974 1570 2028 civitatis,

235 2047 406 2075 omnem
438 2032 690 2073 memoriam
722 2035 965 2087 temporum
997 2032 1346 2086 praeteritorum,
1385 2033 1570 2074 salutern

234 2091 542 2146 praesentium,
592 2104 711 2144 spem
762 2091 1024 2145 reliquorum
1067 2091 1111 2131 in
1154 2093 1298 2132 vestra
1341 2094 1570 2145 potestate,

234 2151 279 2190 in
309 2149 464 2191 vestris
497 2149 738 2202 sententiis,
770 2150 814 2190 in
846 2150 926 2191 hoc
957 2164 1041 2191 uno
1072 2148 1227 2190 iudicio
1260 2150 1446 2203 positam
1478 2164 1570 2190 esse
1590 2160 1624 2185 35

237 2211 279 2248 et
311 2208 492 2249 defixam
524 2207 697 2263 putetis.
743 2205 787 2248 Si
813 2222 1014 2262 umquam
1041 2221 1108 2248 res
1135 2208 1308 2260 publica
1333 2207 1570 2262 consilium,

236 2266 514 2321 gravitatem,
558 2265 814 2321 sapientiam
847 2265 1229 2321 [,providentiam]
1273 2266 1459 2308 iudicum
1495 2266 1572 2307 im-
