1687 2533
154 723 197 753 64

153 1487 197 1517 55

158 2129 203 2159 66

224 88 311 129 362
596 87 690 122 PRO
717 87 755 124 P.
783 85 938 121 SULLA
964 84 1155 120 ORATIO.

223 184 407 225 maxime
438 184 639 225 iudicatis
672 183 799 224 rebus
832 182 1095 235 continetur3
1126 195 1262 234 neque
1289 194 1369 235 ego
1395 182 1567 222 tantum

222 243 414 284 fraterno
453 243 591 284 amori
629 241 814 282 dandum
855 240 1059 293 arbitror,
1096 242 1144 280 ut
1183 239 1425 293 quisquam,
1466 238 1566 279 dum

223 302 354 342 saluti
404 316 578 342 suorum
629 300 843 353 consulat,
894 313 1163 340 communem
1207 298 1434 352 relinquat.
1507 297 1569 339 At

221 360 331 401 nihil
375 360 425 401 de
469 359 624 401 iudicio
669 358 853 411 ferebat,
898 357 971 398 sed
1013 371 1196 412 poenam
1241 356 1427 397 ambitus
1472 370 1566 397 eam

222 419 448 472 referebat,
481 432 588 472 quae
607 418 761 459 —fuerat
791 431 925 470 nuper
958 415 1250 471 superioribus
1276 415 1444 470 legibus
1472 429 1565 456 con·
1585 425 1602 451 5

223 478 390 518 stituta.
452 477 604 531 Itaque
636 476 717 517 hac
749 475 973 530 rogatione
1004 489 1092 516 non
1123 474 1308 515 iudicum
1342 473 1566 527 sententia,

224 536 296 577 sed
329 537 436 590 legis
469 536 624 576 vitium
657 534 964 589 corrigebatur.
1025 533 1164 574 Nemo
1195 532 1396 574 iudicium
1427 546 1567 586 repre-

222 594 384 647 hendit,
417 609 513 636 cum
546 594 595 635 de
627 608 765 648 poena
799 593 1000 647 queritur,
1033 592 1106 633 sed
1137 592 1289 646 legem.
1331 590 1565 632 Damnatio

224 657 289 695 est
328 654 441 694 enim
484 653 687 705 iudicum,
730 666 838 706 quae
870 651 1087 705 manebat,
1125 665 1263 704 poena
1294 650 1422 705 legis,
1460 663 1566 704 quae

224 713 460 753 levabatur.
529 710 634 753 Noli
672 710 806 766 igitur
844 710 1009 751 animos
1049 724 1195 750 eorum
1234 708 1449 763 ordinum,
1494 707 1567 762 qui
1588 719 1620 744 1⁰

223 773 428 825 praesunt
465 770 632 812 iudiciis
673 784 839 810 summa
879 783 973 810 cum
1016 768 1231 823 gravitate
1271 770 1313 809 et
1345 767 1566 822 dignitate,

224 830 409 871 alienare
437 844 461 870 a
488 844 625 871 causa.
670 828 808 870 Nemo
836 827 1097 868 labefactare
1122 826 1325 867 iudicium
1353 829 1417 867 est
1443 840 1565 867 cona-

222 892 312 941 tus,
344 889 454 929 nihil
487 890 551 929 est
584 888 673 929 eius
705 886 821 928 modi
852 886 1192 939 promulgatum,
1225 899 1391 939 semper
1423 883 1566 926 Caeci·

223 947 306 988 lius
338 947 382 988 in
416 947 663 988 calamitate
695 945 845 986 fr·at1is
879 945 944 985 sui
974 944 1161 985 iudicum
1186 946 1449 998 potestatem
1474 957 1567 998 per-

224 1005 502 1059 petuandam,
560 1005 669 1060 legis
721 1003 1002 1045 acerbitatem
1053 1002 1336 1057 mitigandam
1387 1002 1566 1056 putavit.
1588 1012 1619 1037 15

184 1084 194 1103 .>
225 1064 307 1105 Sed
367 1064 467 1118 quid
518 1078 596 1117 ego
649 1063 699 1104 de
748 1063 830 1104 hoc
879 1062 1002 1116 plura
1052 1061 1296 1126 disputem?
1370 1059 1566 1102 Dicerem

222 1122 426 1176 fortasse,
459 1125 502 1163 et
532 1122 658 1163 facile
691 1123 733 1162 et
764 1121 950 1161 libenter
982 1120 1174 1173 dicerem,
1207 1119 1243 1160 si
1274 1119 1403 1174 paulo
1437 1119 1567 1159 etiam

223 1182 409 1236 longius,
441 1195 568 1234 quam
600 1180 697 1221 finis
731 1179 936 1221 cotidiani
962 1179 1093 1220 officii
1118 1178 1322 1231 postulat,
1353 1176 1400 1219 L.
1421 1176 1567 1218 Caeci-

223 1240 329 1280 lium
362 1215 500 1294 pietas
529 1242 571 1280 et
595 1239 635 1279 f1
639 1242 811 1279 aternus
839 1252 959 1278 amor
984 1237 1259 1292 piopulisset,
1289 1236 1566 1291 implorarem

225 1313 372 1339 sensus
405 1301 592 1351 v,estros
630 1297 755 1338 unius
796 1297 999 1350 cuiusque
1036 1295 1351 1350 indulgentiam
1387 1294 1433 1336 in
1465 1308 1564 1335 suos
1586 1306 1620 1330 20

223 1360 418 1411 testarer,
452 1359 642 1411 peterem
674 1355 843 1397 veniam
876 1358 1015 1395 errato
1048 1353 1093 1395 L.
1126 1353 1287 1395 Caecili
1319 1368 1370 1394 ex
1401 1352 1566 1394 intimis

223 1415 379 1457 vestris
419 1414 758 1470 cogitationibus
798 1416 925 1467 atque
958 1427 1007 1454 ex
1039 1412 1308 1454 humanitate
1340 1411 1567 1453 communi.

225 1474 310 1515 Lex
339 1475 427 1515 dies
453 1474 537 1515 fuit
561 1473 787 1528 proposita
814 1486 984 1526 paucos,
1015 1471 1119 1512 ferri
1145 1474 1296 1526 coepta
1321 1484 1566 1524 numquam,

224 1533 420 1587 deposita
465 1535 530 1573 est
572 1532 618 1573 in
661 1533 822 1573 senatu.
884 1529 1088 1571 Kalendis
1132 1528 1343 1571 Ianuariis
1387 1542 1484 1570 cum
1521 1528 1566 1569 in

225 1591 487 1645 Capitolium
536 1605 615 1632 nos
667 1593 862 1631 senatum
913 1602 1287 1640 convocassemus,
1341 1587 1450 1629 nihil
1501 1590 1566 1627 est
1585 1597 1618 1622 25

224 1653 367 1691 actum
398 1649 530 1703 prius,
562 1652 605 1690 et
630 1649 673 1689 id
699 1648 903 1690 mandatu
930 1645 1074 1688 Sullae
1095 1646 1142 1695 Q.
1161 1646 1362 1688 Metellus
1390 1648 1564 1700 praetor

225 1723 268 1749 se
308 1708 426 1761 loqui
465 1708 589 1761 dixit,
631 1707 795 1749 Sullam
834 1706 956 1747 illam
988 1706 1257 1760 rogationem
1291 1704 1341 1746 de
1373 1718 1417 1745 se
1448 1703 1564 1744 nolle

223 1766 336 1806 ferri.
380 1765 446 1806 Ex
477 1766 552 1807 illo
584 1769 779 1821 tempore
810 1764 856 1807 L.
890 1763 1098 1805 Caecilius
1132 1764 1222 1819 egit
1247 1763 1298 1804 de
1323 1777 1368 1804 re
1393 1762 1565 1816 publica

225 1825 378 1877 multa3
419 1824 614 1879 agrariae
655 1824 759 1879 legi,
801 1838 909 1877 quae
948 1825 1042 1864 tota
1079 1837 1104 1864 a
1136 1836 1203 1863 me
1234 1821 1493 1876 reprehensa
1525 1824 1566 1861 et

226 1883 394 1924 abiecta
434 1886 516 1935 est,
558 1897 602 1923 se
639 1883 966 1924 intercessorem
996 1881 1089 1922 fore
1119 1881 1336 1935 professus
1369 1882 1454 1932 est,
1492 1879 1566 1920 im·
1585 1890 1619 1915 30

225 1941 373 1996 probis
400 1941 702 1995 largitionibus
733 1940 907 1992 restitit,
934 1941 1106 1980 senatus
1127 1938 1426 1980 auctoritatem
1446 1952 1566 1978 num-

227 2015 354 2054 quam
386 1999 629 2053 impedivit,
669 1999 731 2040 ita
763 2013 807 2040 se
841 1998 976 2053 gessit
1006 1998 1052 2039 in
1081 1997 1322 2050 tribunatu,
1360 1998 1408 2036 ut
1440 2010 1566 2037 onere

227 2058 422 2112 deposito
464 2057 688 2098 domestici
720 2057 850 2098 officii
881 2056 989 2097 nihil
1022 2058 1173 2110 postea
1203 2055 1287 2097 nisi
1319 2054 1369 2096 de
1399 2054 1462 2095 rei
1492 2069 1566 2108 pu·

231 2117 369 2158 blicae
408 2115 643 2158 commodis
682 2115 895 2170 cogitarit.
955 2113 1099 2168 Atque
1135 2114 1181 2154 in
1216 2114 1311 2167 ipsa
1341 2112 1566 2169 rogatione

225 2190 278 2216 ne
310 2189 386 2229 per
418 2174 505 2216 vim
538 2174 640 2228 quid
671 2176 886 2228 ageretur,
924 2172 1018 2227 quis
1051 2174 1143 2212 tum
1174 2174 1369 2213 nostrum
1403 2171 1567 2213 Sullam
1585 2182 1618 2207 35

228 2236 302 2274 aut
347 2231 581 2274 Caecilium
624 2232 881 2273 verebatur?
931 2245 1072 2272 nonne
1121 2230 1257 2271 omnis
1300 2230 1373 2271 ille
1416 2232 1566 2282 terror,

228 2292 367 2334 omnis
408 2291 630 2333 seditionis
668 2290 800 2331 timor
839 2293 966 2343 atque
1005 2288 1148 2342 opinio
1187 2303 1238 2330 ex
1269 2287 1454 2330 Autroni
1491 2287 1566 2328 im-
