1687 2533
248 78 334 118 516
468 77 532 111 DE
558 75 868 111 HARUSPICUM
894 75 1146 112 RESPONSO
1174 75 1359 111 ORATIO.

247 174 369 215 tales.
430 173 601 214 Etenim
644 173 743 214 illos
789 187 837 213 eo
883 173 1039 213 scelere
1082 172 1280 225 violavit,
1331 186 1413 226 quo
1457 185 1582 212 nemo

248 235 390 286 antea3
424 232 467 273 in
498 247 564 273 me
595 231 678 272 fuit
710 231 858 272 eodem
891 231 1045 284 animo,
1077 245 1160 285 quo
1191 231 1320 271 etiam
1346 230 1436 271 eius
1461 229 1584 271 fami-

247 291 367 332 liaris
401 290 605 344 Catilina,
644 290 679 330 si
711 289 902 343 vicisset,
932 289 1095 330 fuisset.
1156 289 1306 344 Itaque
1340 303 1436 330 eum
1466 303 1584 330 num-

248 365 375 404 quam
408 365 432 390 a
464 364 530 390 me
564 363 655 390 esse
690 348 972 390 accusandum
1004 348 1168 401 putavi,
1205 362 1293 389 non
1326 348 1422 401 plus
1456 362 1583 402 quam

249 409 440 463 stipitem
460 408 596 460 illum,
624 407 695 461 qui
722 421 901 461 quorum
927 406 1149 447 hominum
1171 409 1294 460 esset,
1313 406 1584 460 nesciremus,

246 468 329 508 nisi
369 481 412 508 se
445 466 646 520 Ligurem
685 466 776 519 ipse
816 480 907 506 esse
946 465 1112 506 diceret.
1176 464 1285 513 Quid
1325 465 1438 507 enim
1472 465 1584 506 hunc

247 540 493 580 persequar,
537 520 740 578 pecudem
786 539 833 565 ac
876 524 1063 577 beluam,
1113 524 1270 577 pabulo
1315 523 1584 566 inimicorum

248 599 439 625 meorum
471 586 514 624 et
546 583 698 638 glande
731 583 1007 637 corruptum?
1069 581 1150 630 Qui
1182 582 1218 624 si
1249 583 1394 636 sensit,
1425 597 1508 637 quo
1541 597 1585 623 se

248 644 403 684 scelere
443 642 698 693 devinxerit,
735 656 821 682 non
859 641 1023 695 dubito,
1063 641 1164 695 quin
1202 641 1257 682 sit
1289 641 1584 695 miserrumus3

249 702 313 742 sin
346 704 490 742 autem
522 700 564 741 id
595 715 682 742 non
713 700 841 753 videt,
873 700 1107 754 periculum
1141 702 1216 751 est,
1246 715 1299 741 ne
1326 715 1369 741 se
1396 700 1584 755 stuporis

251 761 521 801 excusatione
555 759 764 799 defendat.
826 758 1004 800 Accedit
1035 758 1183 811 etiam,
1226 758 1337 812 quod
1369 762 1585 812 exspecta-

248 819 364 860 tione
398 818 588 860 omnium
614 817 850 858 fortissimo
885 819 926 858 et
959 817 1196 858 clarissimo
1224 817 1328 871 viro,
1359 816 1406 858 T.
1432 817 1586 870 Annio,

249 878 402 919 devota
434 880 476 918 et
507 876 746 918 constituta
777 876 862 917 ista
892 876 1034 917 hostia
1067 890 1158 916 esse
1194 876 1380 930 videtur3
1419 876 1486 917 cui
1517 890 1585 917 me

247 936 489 990 praeripere
523 935 778 989 desponsam
812 935 896 975 iam
924 938 966 975 et
992 934 1249 975 destinatam
1276 935 1458 988 laudem,
1490 950 1584 976 cum

247 995 338 1049 ipse
371 996 459 1035 eius
493 1009 623 1048 opera
655 996 697 1034 et
729 993 983 1048 dignitatem
1015 996 1057 1033 et
1089 994 1270 1034 salutem
1302 994 1586 1048 reciperarim,

195 1054 222 1093 4
244 1053 366 1094 valde
408 1056 472 1094 est
510 1053 715 1106 iniquum.
778 1051 968 1103 Etenim,
1006 1054 1053 1092 ut
1090 1051 1134 1092 P.
1166 1052 1238 1092 ille
1278 1050 1420 1107 Scipio
1458 1055 1585 1093 natus

249 1112 356 1152 mihi
382 1111 550 1152 videtur
577 1110 629 1151 ad
654 1110 879 1151 interitum
906 1110 1166 1163 exitiumque
1195 1109 1482 1164 Carthaginis,
1515 1111 1587 1165 qui

248 1171 368 1211 illam
402 1185 426 1210 a
458 1169 604 1210 multis
636 1169 967 1223 imperatoribus
1006 1183 1242 1223 opsessam,
1281 1172 1587 1224 oppugnatam,

249 1228 525 1281 labefactam,
563 1242 697 1282 paene
736 1230 906 1281 captam
946 1227 1173 1281 aliquando
1206 1228 1328 1282 quasi
1359 1228 1484 1268 fatali
1516 1229 1586 1269 ad-

248 1290 380 1328 ventu
418 1287 532 1327 solus
571 1286 742 1337 evertit,
782 1286 841 1326 sic
879 1285 926 1327 T.
958 1285 1124 1326 Annius
1168 1286 1220 1327 ad
1260 1286 1381 1327 illam
1421 1289 1587 1341 pestem

251 1344 627 1399 comprimendam,
647 1344 990 1398 extinguendam,
1009 1343 1201 1385 funditus
1222 1345 1445 1386 delendam
1459 1348 1586 1386 natus

251 1418 343 1445 esse
380 1404 549 1445 videtur
588 1406 630 1444 et
667 1404 787 1457 quasi
827 1403 969 1444 divino
1001 1418 1173 1444 munere
1206 1403 1389 1445 donatus
1421 1404 1481 1445 rei
1513 1419 1587 1458 pu-

251 1463 397 1504 blicae.
449 1461 573 1503 Solus
606 1462 679 1502 ille
712 1461 924 1516 cognovit,
955 1476 1080 1515 quem
1101 1463 1154 1503 ad
1173 1463 1346 1504 modum
1374 1465 1588 1503 armatum

251 1522 404 1574 civem,
446 1521 518 1575 qui
559 1520 792 1573 lapidibus,
834 1521 905 1574 qui
945 1519 1057 1561 ferro
1100 1519 1206 1561 alios
1247 1520 1435 1574 fugaret,
1478 1522 1586 1562 alios

252 1580 367 1621 domi
407 1579 661 1632 contineret,
701 1579 773 1632 qui
809 1579 956 1619 urbem
995 1581 1149 1631 totam,
1187 1578 1259 1632 qui
1297 1579 1475 1630 curiam,
1516 1579 1621 1634 qui2

251 1638 410 1690 forum,
448 1639 520 1692 qui
555 1638 717 1691 templa
749 1638 891 1678 omnia
923 1637 1048 1678 caede
1079 1637 1366 1692 incendiisque
1397 1640 1588 1690 terreret,

251 1711 336 1737 non
368 1696 494 1737 modo
526 1696 648 1749 vinci,
679 1710 826 1737 verum
860 1696 989 1736 etiam
1021 1695 1171 1737 vinciri
1202 1699 1429 1750 oporteret.
1478 1696 1589 1738 Huic

253 1769 332 1808 ego
372 1758 413 1794 et
450 1755 529 1795 tali
568 1757 610 1795 et
647 1755 708 1795 ita
746 1754 795 1795 de
834 1769 901 1795 me
940 1769 988 1795 ac
1029 1754 1079 1795 de
1119 1755 1262 1809 patria
1301 1755 1453 1796 merito
1494 1755 1587 1796 viro

252 1827 484 1866 numquam
524 1827 617 1853 mea
655 1813 876 1854 voluntate
913 1813 1172 1867 praeripiam
1206 1827 1301 1853 eum
1333 1814 1586 1867 praesertim

252 1885 384 1924 reum,
410 1871 528 1912 cuius
555 1872 626 1911 ille
652 1871 897 1912 inimicitias
923 1885 1009 1912 non
1036 1871 1173 1912 solum
1201 1872 1388 1926 suscepit
1411 1874 1588 1926 propter

255 1930 437 1971 salutem
470 1944 621 1982 meam,
653 1944 799 1971 verum
833 1930 963 1971 etiam
996 1930 1215 1984 adpetivit.
1278 1929 1358 1971 Sed
1391 1931 1428 1971 si
1459 1931 1588 1972 etiam

253 2003 364 2030 nunc
395 1988 666 2042 inlaqueatus
703 1988 789 2029 iam
829 1988 1018 2029 omnium
1055 1988 1197 2042 legum
1228 1987 1445 2042 periculis,
1482 1990 1590 2030 inre-

254 2048 360 2087 titus
400 2046 496 2087 odio
537 2047 744 2087 bonorum
787 2047 994 2100 omnium,
1035 2047 1349 2100 exspectatione
1391 2047 1591 2102 supplicii

254 2106 340 2145 iam
371 2120 457 2146 non
489 2104 688 2145 diuturna
719 2105 963 2159 implicatus
993 2104 1154 2145 feretur
1191 2109 1334 2146 tamen
1371 2105 1589 2147 haesitans

256 2166 298 2204 et
323 2164 367 2203 in
393 2178 460 2204 me
485 2163 691 2216 impetum
718 2163 947 2217 impeditus
973 2162 1112 2204 facere
1133 2163 1366 2216 conabitur,
1391 2164 1589 2205 resistam
1609 2175 1622 2199 3

256 2224 298 2262 et
339 2224 413 2262 aut
455 2221 710 2263 concedente
752 2225 826 2262 aut
866 2222 996 2262 etiam
1038 2221 1266 2263 adiuvante
1304 2221 1463 2263 Milone
1500 2223 1590 2264 eius

256 2282 455 2321 conatum
487 2280 695 2334 refutabo,
727 2280 844 2320 velut
875 2280 1074 2321 hesterno
1107 2280 1172 2321 die
1205 2295 1299 2322 cum
1326 2280 1431 2321 mihi
1457 2282 1592 2322 stanti

1606 711 1639 735 10

1607 1004 1639 1029 15

1606 1298 1640 1322 20

1608 1883 1642 1908 30
