1619 2542
519 71 619 106 CAP.
645 74 700 114 23,
724 75 769 105 24
792 75 810 113 g
835 74 984 106 67-71.
1384 73 1441 113 99

95 169 177 210 hoc
214 182 349 222 neque
387 169 542 222 rogatu
579 168 718 208 facere
757 166 1024 221 cuiusquam,
1069 182 1205 223 neque
1245 183 1328 223 quo
1367 166 1441 210 Cn.

96 226 273 281 Pompei
325 226 510 282 gratiam
561 225 668 267 mihi
717 239 793 280 per
842 225 953 268 hanc
998 240 1172 267 causam
1217 227 1441 268 conciliari

97 288 257 340 putem,
288 299 424 339 neque
457 299 539 339 quo
572 284 677 325 mihi
704 298 754 325 ex
780 284 1030 339 cuiusquam
1057 285 1337 340 amplitudine
1366 288 1441 326 aut

99 343 312 398 praesidia
343 343 544 398 periculis
578 344 651 384 aut
684 342 930 384 adiumenta
960 343 1196 385 honoribus
1224 358 1439 398 quaeram,

63 414 79 439 ⁵
99 406 326 457 propterea
357 401 469 456 quod
500 401 690 456 pericula
722 401 858 455 facile,
889 405 938 442 ut
968 401 1187 443 hominem
1218 406 1440 456 praestare

100 463 287 516 oportet,
325 460 571 502 innocentia
612 459 716 501 tecti
747 460 1018 514 repellemus,
1056 460 1262 502 honorem
1296 464 1440 502 autem

98 534 234 574 neque
266 519 319 560 ab
351 533 434 560 uno
465 532 601 573 neque
627 532 677 559 ex
708 518 790 560 hoc
821 519 936 573 loco,
974 519 1047 560 sed
1080 519 1226 560 eadem
1258 520 1334 561 illa
1363 534 1440 561 no-

100 581 189 620 stra
232 577 571 619 laboriosissima
613 576 780 618 ratione
819 577 952 630 vitae,
997 578 1033 618 si
1064 581 1208 620 vestra
1239 579 1438 620 voluntas

99 636 224 690 feret,
262 650 581 690 consequemur.
642 633 779 684 Quam
817 635 871 677 ob
906 651 1014 690 rem,
1053 636 1252 691 quicquid
1283 637 1327 678 in
1357 637 1439 679 hac

49 708 81 733 10
100 710 226 738 causa
257 695 362 736 mihi
395 697 639 749 susceptum
671 696 755 747 est,
787 693 994 748 Quirites,
1025 695 1069 735 id
1101 709 1180 751 ego
1214 696 1339 737 omne
1371 711 1438 737 me

99 754 161 795 rei
210 754 406 809 publicae
459 767 587 795 causa
631 752 867 806 suscepisse
911 753 1135 808 confirmo,
1185 756 1438 810 tantumque

102 813 241 866 abest,
278 814 326 853 ut
367 812 555 867 aliquam
586 811 692 852 mihi
722 811 881 853 bonam
910 812 1099 866 ‘gratiam
1132 813 1349 867 quaesisse
1379 814 1439 854 vi-

101 872 213 924 dear,
245 873 292 912 ut
323 872 478 912 multas
511 885 578 912 me
610 871 741 911 etiam
768 870 1011 912 simultates
1037 871 1195 925 partim
1223 872 1439 924 obscuras⁷

100 930 260 985 partim
293 932 463 984 apertas
487 929 738 984 intellegam
765 928 871 970 mihi
895 944 981 971 non
1006 929 1280 983 necessarias,
1313 930 1436 972 vobis

50 1001 80 1027 25
100 1003 187 1030 non
234 988 409 1030 inutiles
460 988 707 1041 suscepisse.
781 986 862 1029 Sed
910 1002 989 1043 ego
1041 1003 1107 1030 me
1151 988 1232 1030 hoc
1276 989 1436 1030 honore

100 1046 358 1102 praeditum,
401 1046 535 1088 tantis
572 1046 728 1088 vestris
770 1046 987 1087 beneficiis
1033 1046 1247 1088 adfectum
1292 1047 1437 1101 statui,

102 1105 299 1160 Quirites,
325 1109 513 1147 vestram
531 1105 800 1146 voluntatem
820 1107 863 1146 et
883 1105 943 1146 rei
962 1106 1158 1160 publicae
1180 1106 1437 1160 dignitatem

102 1168 144 1205 et
175 1164 357 1205 salutem
383 1164 698 1218 provinciarum
725 1166 852 1217 atque
879 1164 1091 1206 sociorum
1112 1165 1215 1205 meis
1237 1164 1437 1206 omnibus

102 1223 334 1264 commodis
368 1226 409 1264 et
439 1222 678 1265 rationibus
708 1222 924 1277 praeferre
957 1225 1166 1277 oportere.

1465 648 1507 679 71
