1687 2533
237 101 324 144 390
628 104 719 140 PRO
748 105 787 140 L.
815 104 998 140 FLACCO
1027 104 1218 141 ORATIO.

326 198 436 247 Quid
468 214 566 242 vero
598 199 842 243 Decianus?

325 257 503 299 Utinam
536 262 649 300 esset
680 260 851 314 proprie
884 261 995 301 mea!
1041 258 1223 301 Senatus
1256 260 1388 315 igitur
1419 274 1577 316 magna

237 330 286 357 ex
318 319 441 371 parte
461 316 540 342 *ΨΒ

325 375 399 429 Di,
431 376 626 431 inquam,
659 377 946 418 immortales!
1008 377 1237 419 Lentulum
1256 375 1334 403 *ἧς*

536 469 570 511 F
572 477 863 512 RAGMENTUM
894 470 1276 513 MEDIOLANENSE.

327 550 404 577 *3²³³
427 555 647 594 externum
686 567 782 596 cum
821 553 1053 595 domestica
1085 555 1175 595 vita
1206 557 1443 609 naturaque
1476 569 1574 596 con·
1594 564 1610 590 5

239 614 384 653 staret.
429 610 580 666 Itaque
606 626 692 653 non
718 612 870 666 patiar,
895 612 946 654 D.
972 612 1103 667 Laeli,
1128 615 1171 653 te
1197 613 1278 654 tibi
1305 614 1384 655 hoc
1411 627 1575 654 sumere

239 673 367 723 atque
410 670 522 712 hanc
565 671 717 712 ceteris
761 673 805 712 in
848 674 1085 725 posterum,
1129 671 1254 713 nobis
1292 672 1337 713 in
1373 686 1575 726 praesens

237 730 407 783 tempus
434 729 574 785 legem
607 729 981 784 condicionemque
1001 728 1080 755 *ἢ

327 787 433 828 Cum
467 788 801 830 adulescentiam
832 789 1008 843 notaris,
1041 804 1136 831 cum
1168 789 1380 843 reliquum
1405 791 1574 844 teinpus

239 847 394 887 aetatis
433 847 713 902 turpitudinis
752 848 932 889 maculis
965 848 1270 902 consperseris,
1309 862 1405 890 cum
1436 848 1573 903 priva·
1594 860 1627 884 10

237 908 379 946 tarum
411 920 554 947 rerum
585 906 749 959 ruinas,
787 921 881 948 cum
915 907 1168 948 domesticas
1201 907 1338 960 labes,
1379 921 1474 948 cum
1506 921 1575 947 ur-

237 963 394 1005 banam
438 965 676 1019 infamiam,
726 980 819 1006 cum
864 964 1117 1019 Hispaniae,
1161 964 1347 1018 Galliae,
1391 964 1575 1018 Ciliciae,

239 1021 400 1077 Cretae,
427 1023 580 1077 quibus
612 1024 657 1064 in
688 1024 920 1076 provinciis
951 1038 1038 1065 non
1069 1024 1246 1065 obscure
1273 1027 1465 1065 versatus
1498 1026 1575 1077 est,

237 1081 342 1122 vitia
369 1085 411 1122 et
436 1081 602 1137 flagitia
627 1082 872 1136 protuleris,
901 1084 992 1123 tum
1020 1082 1210 1137 denique,
1238 1083 1337 1135 quid
1362 1082 1574 1123 Tmolitae

237 1142 281 1180 et
305 1139 536 1194 Lorymeni
563 1140 612 1181 de
632 1139 678 1181 L.
699 1140 850 1182 Flacco
878 1141 1135 1195 existiment,
1162 1141 1395 1182 audiemus.
1439 1140 1570 1189 Quem
1595 1151 1626 1177 15

236 1212 337 1240 vero
364 1201 433 1240 tot
458 1201 547 1240 tam
570 1213 808 1254 gravesque
827 1200 1069 1254 provinciae
1090 1200 1254 1241 salvum
1276 1214 1368 1241 esse
1388 1199 1574 1253 cupiant,

236 1271 360 1310 quem
404 1258 579 1312 plurimi
623 1258 734 1299 cives
778 1261 873 1300 tota
917 1273 966 1299 ex
1003 1258 1132 1300 Italia
1170 1258 1353 1300 devincti
1390 1259 1572 1299 necessi-

235 1316 382 1356 tudine
421 1330 469 1357 ac
506 1319 722 1358 vetustate
755 1317 1004 1371 defendant,
1042 1331 1167 1372 quem
1199 1317 1304 1358 haec
1336 1316 1572 1358 communis

234 1377 431 1416 nostrum
458 1375 649 1416 omnium
675 1376 818 1430 patria
842 1379 1019 1431 propter
1038 1378 1253 1417 recentem
1273 1375 1429 1416 summi
1450 1375 1570 1416 bene-

234 1433 320 1475 ficii
366 1435 617 1475 memoriam
657 1435 879 1488 complexa
918 1437 1080 1488 teneat,
1123 1435 1235 1476 hunc
1275 1434 1443 1475 etiamsi
1478 1436 1573 1475 tota
1592 1445 1626 1469 20

236 1491 341 1534 Asia
394 1492 586 1548 deposcit
636 1493 688 1535 ad
740 1493 1016 1549 supplicium,
1071 1493 1311 1547 defendam,
1361 1492 1571 1533 resistam.

236 1550 373 1599 Quid?
413 1553 449 1592 si
486 1566 622 1606 neque
663 1554 756 1593 tota
793 1567 929 1607 neque
962 1552 1126 1606 optima
1156 1566 1290 1606 neque
1324 1551 1572 1605 incorrupta

235 1624 371 1664 neque
411 1624 488 1651 sua
529 1613 682 1665 sponte
722 1625 800 1652 nec
839 1611 930 1652 iure
970 1625 1048 1652 nec
1088 1625 1206 1652 more
1246 1624 1324 1652 nec
1360 1623 1458 1651 vere
1494 1623 1571 1650 1166

234 1668 435 1721 religiose
466 1683 543 1710 nec
574 1669 753 1724 integre,
785 1669 821 1711 si
852 1669 1036 1724 inpulsa,
1068 1669 1104 1710 si
1135 1669 1380 1721 sollicitata,
1412 1668 1448 1709 si
1473 1682 1570 1709 con-

234 1726 383 1780 citata,
416 1727 451 1768 si
483 1732 642 1781 coacta,
675 1729 710 1769 si
741 1728 882 1782 impie,
914 1728 951 1769 si
981 1730 1153 1779 temere,
1185 1728 1221 1769 si
1252 1727 1412 1782 cupide,
1443 1726 1480 1767 si
1510 1725 1570 1766 in·
1589 1736 1622 1762 25

235 1787 483 1826 constanter
526 1801 682 1828 nomen
725 1801 848 1828 suum
895 1786 1015 1828 misit
1053 1786 1099 1827 in
1133 1787 1215 1828 hoc
1250 1784 1452 1826 iudicium
1493 1799 1570 1840 per

234 1844 536 1898 egentissimos
573 1848 727 1899 testes,
763 1846 858 1900 ipsa
897 1847 1039 1886 autem
1076 1844 1186 1886 nihil
1224 1843 1343 1898 queri
1381 1857 1479 1884 vere
1517 1842 1568 1884 de

232 1901 400 1942 iniuriis
427 1905 581 1955 potest,
607 1906 818 1958 tamenne,
843 1903 1014 1958 iudices,
1039 1903 1144 1945 haec
1169 1902 1222 1944 ad
1247 1903 1375 1943 breve
1399 1904 1568 1956 tempus

234 1960 379 2001 audita
422 1960 648 2016 longinqui
690 1963 897 2018 temporis
941 1963 1210 2017 cognitarum
1255 1975 1398 2003 rerum
1441 1959 1567 2001 fidem

233 2019 530 2074 derogabunt‘?
597 2020 768 2062 Tenebo
811 2020 946 2076 igitur
980 2020 1092 2061 hunc
1129 2019 1322 2061 ordinem
1359 2017 1567 2071 defensor,
1585 2029 1620 2055 30

233 2092 358 2132 quem
389 2077 503 2133 fugit
533 2078 742 2132 inimicus,
774 2082 817 2120 et
849 2081 1136 2121 accusatorem
1167 2078 1329 2132 urgebo
1357 2080 1483 2131 atque
1507 2076 1566 2117 in-

233 2150 386 2190 sequar
419 2140 461 2177 et
491 2136 606 2177 ultro
640 2137 799 2178 crimen
832 2138 885 2179 ab
918 2136 1161 2179 adversario
1194 2136 1414 2192 flagitabo.
1457 2134 1566 2184 Quid

232 2197 310 2249 est,
335 2194 487 2236 Laeli?
513 2209 616 2235 num
642 2195 741 2249 quid
768 2210 817 2237 ea
839 2230 845 2236 .
867 2231 875 2238 .
897 2229 905 2236 .
927 2230 935 2238 .
955 2195 1028 2249 qui
1053 2194 1220 2249 quidem
1246 2209 1333 2236 non
1352 2194 1396 2235 in
1415 2193 1566 2234 umbra

231 2266 368 2307 neque
405 2253 450 2293 in
488 2253 603 2294 illius
636 2254 791 2294 aetatis
824 2253 1062 2309 disciplinis
1093 2253 1340 2307 artibusque
1370 2253 1564 2294 versatus

228 2311 326 2353 est?
387 2311 559 2353 Etenim
599 2326 704 2368 puer
742 2326 838 2353 cum
869 2315 991 2367 patre
1023 2312 1197 2353 consule
1223 2311 1275 2353 ad
1306 2310 1468 2352 bellum
1500 2311 1564 2351 est
1582 2319 1616 2345 35
