1687 2533
17 709 50 734 10

14 1001 46 1027 15

13 1295 47 1320 20

12 1586 45 1612 25

512 73 602 108 CAP
628 78 766 108 21—23
792 78 811 116 ξ
838 78 986 109 54—60.
1325 76 1410 116 479

71 183 157 210 non
187 183 358 223 possem
391 169 614 222 explicare.
674 169 744 210 An
776 170 875 223 quia
907 184 1079 211 causam
1110 170 1294 225 probare
1324 186 1411 212 non

70 227 296 283 poteram?
359 226 488 269 Cuius
525 230 648 269 tanta
684 229 857 269 bonitas
897 231 979 283 est,
1016 231 1064 269 ut
1103 243 1152 270 ea
1188 229 1284 283 ipsa
1323 245 1410 271 11011

71 286 196 328 modo
224 301 279 340 se,
313 286 386 327 sed
412 286 542 327 8118111
570 301 636 327 1118
663 286 883 328 absentem
909 301 986 341 per
1013 302 1056 328 se
1082 288 1290 341 probarit.
1338 288 1409 330 An

72 347 256 399 senatus,
289 360 343 386 811
376 345 544 386 ordines
576 359 722 398 omnes,
754 360 809 386 an
839 345 882 399 ii,
915 346 987 400 qui
1018 348 1170 387 cuncta
1201 362 1251 387 ex
1280 346 1409 388 Italia

71 404 122 444 ad
154 418 220 444 me
246 404 534 445 revocandum
565 404 910 458 convolaverunt,
943 405 1159 459 segniores
1191 420 1258 446 me
1290 421 1408 460 prae-

72 464 190 503 sente
223 463 276 503 ad
308 477 375 503 me
407 462 673 504 retinendum
707 465 749 503 81
781 463 1119 504 conservandum
1150 464 1332 505 fuissent
1363 465 1408 505 in

71 535 120 562 ea
152 535 291 573 causa,
324 536 451 575 quam
482 521 573 575 ipse
605 521 692 562 iam
723 521 935 576 parricida
967 522 1098 563 talem
1126 522 1238 563 dicat
1263 522 1407 577 fuisse,

69 582 118 620 ut
154 594 220 620 me
266 580 317 620 ab
364 579 559 621 omnibus
601 580 654 621 ad
698 595 837 621 meam
880 580 1109 635 pristinam
1151 581 1405 636 dignitatem

70 641 366 692 exspectatum
398 641 524 693 atque
555 641 803 680 revocatum
836 640 1069 692 queratur?
1131 638 1201 680 An
1231 654 1329 681 vero
1362 641 1406 681 in

68 696 221 738 iudicio
262 697 440 751 periculi
481 697 589 738 nihil
627 697 724 749 fuit3
762 697 1036 753 privilegium
1075 698 1296 751 pertimui,
1340 713 1404 751 118,

68 755 174 796 mihi
195 756 409 810 praesenti
430 755 466 796 si
485 756 623 797 multa
641 755 925 810 inrogaretur,
950 771 1075 798 nemo
1095 757 1405 798 intercederet?

68 813 173 855 Tam
205 814 330 868 inops
364 817 504 855 autem
538 828 616 869 ego
650 829 765 855 eram
798 815 851 855 ab
886 815 1032 856 amicis
1065 818 1139 856 aut
1170 817 1261 856 tam
1292 816 1406 857 nuda

66 887 134 913 res
166 873 340 927 publica
371 888 395 914 a
424 873 780 928 magistratibus?
830 872 969 921 Quid?
1002 873 1038 914 si
1063 877 1239 916 vocatae
1265 875 1404 916 tribus

68 934 228 985 essent,
266 931 622 986 proscriptionem
659 947 746 973 non
784 932 922 973 dicam
959 932 1003 973 in
1040 946 1107 973 me
1144 932 1207 973 ita
1245 932 1294 974 de
1328 948 1405 974 sua

68 990 205 1031 salute
225 990 391 1044 merito,
417 990 490 1030 sed
510 990 682 1032 omnino
702 991 747 1031 in
765 991 855 1031 ullo
876 991 958 1032 civi
978 991 1403 1045 comprobavissent?

66 1048 148 1101 An,
180 1048 216 1089 si
248 1063 327 1103 ego
358 1063 560 1103 praesens
592 1049 782 1102 fuissem,
813 1051 978 1090 veteres
1003 1049 1105 1090 illae
1132 1050 1279 1104 copiae
1306 1065 1403 1092 con-

65 1108 302 1148 iuratorum
327 1107 474 1161 tuique
500 1107 658 1162 perditi
682 1107 842 1148 milites
870 1111 998 1162 atque
1024 1110 1197 1163 egentes
1224 1111 1266 1150 81
1291 1124 1404 1151 nova

65 1180 216 1207 manus
242 1166 668 1207 sceleratissimorum
695 1167 918 1207 consulum
945 1167 1112 1221 corpori
1135 1171 1231 1208 'meo
1258 1182 1403 1221 peper—

65 1224 250 1266 cissent?
283 1224 355 1279 qui
387 1239 481 1266 cum
514 1239 659 1266 eorum
687 1225 877 1266 omnium
903 1226 1144 1267 crudelitati
1170 1226 1402 1280 scelerique

66 1284 301 1337 cessissem,
332 1297 384 1324 ne
417 1297 571 1337 apsens
604 1283 773 1337 quidem
800 1284 918 1325 luctu
944 1298 1037 1325 meo
1065 1286 1228 1324 mentes
1256 1299 1399 1325 eorum

66 1341 222 1382 satiare
259 1341 393 1395 potui.
455 1341 564 1389 Quid
602 1342 715 1382 enim
745 1355 821 1382 vos
859 1356 966 1382 uxor
998 1356 1092 1383 mea
1125 1342 1282 1383 misera
1312 1343 1399 1384 vio-
1415 1330 1472 1370 23

64 1400 191 1453 larat,
229 1413 356 1453 quam
394 1399 644 1451 vexavistis,
681 1399 949 1453 raptavistis,
995 1401 1112 1441 omni
1151 1401 1401 1442 crudelitate

64 1458 314 1499 lacerastis?
340 1457 469 1512 quid?
495 1472 590 1499 mea
609 1458 709 1511 filia,
735 1458 851 1499 cuius
872 1458 998 1499 fletus
1019 1458 1213 1500 assiduus
1236 1459 1400 1501 sordes-

65 1531 145 1571 que
189 1516 393 1571 lugubres
437 1516 558 1557 vobis
603 1519 725 1557 erant
767 1517 985 1571 iucundae,
1032 1520 1268 1558 ceterorum
1316 1533 1401 1559 om-

65 1575 184 1616 nium
211 1578 374 1616 mentes
403 1575 631 1628 oculosque
657 1575 898 1628 flectebant,
930 1575 1059 1629 quid?
1091 1591 1248 1629 parvus
1274 1576 1400 1631 filius,

66 1648 204 1688 quem,
231 1632 432 1687 quamdiu
453 1633 552 1686 afui,
577 1647 701 1674 nemo
721 1633 805 1674 nisi
825 1634 1122 1675 lacrimantem
1143 1634 1400 1676 confectum-

66 1707 146 1746 que
177 1692 296 1746 vidit,
328 1691 429 1745 quid
459 1691 630 1745 fecerat,
662 1692 774 1745 quod
806 1707 902 1733 eum
932 1693 1091 1733 totiens
1123 1707 1198 1745 per
1223 1693 1399 1735 insidias

64 1750 301 1792 interficere
333 1750 558 1792 voluistis?
591 1750 719 1804 quid?
751 1750 886 1791 frater
917 1765 1056 1804 meus,
1095 1751 1167 1805 qui
1199 1766 1293 1793 cum
1327 1753 1399 1793 ali·

65 1811 224 1863 quanto
270 1811 370 1863 post
412 1823 552 1849 meum
600 1808 830 1849 discessum
869 1823 919 1849 ex
956 1809 1176 1863 provincia
1214 1811 1400 1852 venisset

12 1879 47 1905 30
64 1882 200 1921 neque
238 1867 320 1908 sibi
356 1867 583 1908 vivendum
620 1867 703 1907 nisi
740 1881 807 1907 1118
844 1867 1043 1909 restituto
1076 1871 1266 1922 putaret,
1303 1884 1399 1910 cum

66 1925 155 1967 eius
187 1940 366 1978 maeror,
399 1926 573 1979 squalor
603 1925 864 1966 incredibilis
892 1928 934 1967 et
958 1926 1174 1967 inauditus
1202 1927 1397 1968 omnibus

66 1984 318 2025 mortalibus
346 1983 601 2025 miserabilis
622 1984 857 2037 videbatur,
883 1984 1078 2039 quotiens
1100 1988 1165 2026 est
1186 1999 1234 2025 ex
1254 1988 1397 2026 vestro

65 2041 178 2083 ferro
224 2057 271 2083 ac
314 2042 509 2083 manibus
555 2042 743 2096 elapsus!
818 2041 899 2084 Sed
943 2043 1043 2098 quid
1087 2056 1166 2097 ego
1211 2045 1398 2085 vestram

67 2100 361 2141 crudelitatem
398 2101 626 2154 exprobro,
667 2115 794 2154 quam
830 2100 876 2141 in
911 2101 1051 2154 ipsum
1090 2116 1155 2142 me
1193 2116 1241 2142 ac
1280 2116 1396 2143 meos

15 2170 49 2196 35
70 2158 337 2211 adhibuistis,
370 2159 440 2212 qui
472 2159 718 2213 parietibus,
752 2159 822 2212 qui
847 2161 983 2213 tectis,
1017 2160 1088 2213 qui
1114 2160 1322 2200 columnis
1349 2175 1397 2201 ac

66 2216 262 2271 postibus
298 2217 404 2257 meis
440 2215 684 2258 hostificum
723 2217 933 2271 quoddam
965 2222 1008 2259 et
1038 2217 1248 2258 nefarium
1281 2219 1397 2259 0111111

66 2275 263 2316 inbutum
290 2274 386 2315 odio
411 2275 570 2316 bellum
594 2275 831 2317 intulistis?
879 2275 978 2318 Non
1004 2276 1115 2317 enim
1135 2279 1178 2317 te
1199 2276 1395 2330 arbitror,

1432 651 1476 682 58

1428 1381 1471 1411 59

1424 2055 1467 2086 60
