1619 2542
592 89 693 125 CAP.
721 93 784 134 36,
810 94 854 125 37
881 93 900 132 ς
928 93 1076 125 75—80.
1422 89 1509 131 333

164 185 343 240 denique
389 186 578 227 omnium
623 188 819 227 nostrum
857 201 986 228 causa
1022 185 1164 228 facere
1203 186 1342 228 clamo
1381 189 1509 241 atque

160 247 314 286 testor.
376 244 554 297 Audite,
587 244 729 286 audite
762 245 994 300 consulem,
1023 245 1196 299 iudices,
1227 245 1337 286 nibil
1369 245 1508 287 dicam

162 304 449 359 arrogantius,
480 306 650 344 tantum
685 303 835 357 dicam,
867 306 985 345 totos
1011 303 1100 345 dies
1126 307 1254 358 atque
1280 307 1429 346 noctes
1456 305 1506 345 de

161 376 206 403 re
248 362 419 416 publica
462 362 744 418 cogitantem!
822 361 923 404 Non
965 377 1098 417 usque
1143 377 1192 404 eo
1235 362 1281 405 L.
1319 362 1507 405 Catilina

125 431 142 456 5
161 434 250 461 rem
282 421 497 476 publicam
530 420 724 475 despexit
756 423 883 475 atque
918 421 1190 477 contempsit,
1221 425 1270 463 ut
1295 436 1345 463 ea
1371 423 1506 478 copia,

162 494 289 533 quam
328 494 470 521 secum
508 479 669 533 eduxit,
707 493 752 521 se
793 479 905 522 hanc
942 480 1160 521 civitatem
1200 495 1505 535 oppressurum

162 538 456 580 arbitraretur.
530 539 680 580 Latius
735 541 857 593 patet
905 538 1020 580 illius
1072 539 1245 581 sceleris
1288 540 1505 595 contagio,

162 611 289 650 quam
318 597 541 652 quisquam
567 599 704 652 putat,
730 597 783 638 ad
808 598 953 652 plures
974 598 1174 652 pertinet.
1211 597 1348 652 Intus,
1374 599 1504 653 intus,

161 656 355 710 inquam,
400 658 466 697 est
507 670 639 710 equus
683 655 925 710 Tioianus3
962 671 987 697 a
1030 671 1114 711 quo
1157 671 1392 711 numquam
1437 672 1504 698 me

109 725 141 751 ιο
162 715 334 755 consule
374 714 632 756 dormientes
672 714 1227 770 opprimemini.Quae1is
1259 730 1285 757 a
1316 730 1402 770 me,
1442 730 1504 758 ec-

162 772 262 827 quid
295 787 374 828 ego
403 772 633 815 Catilinam
658 777 859 815 metuam
902 774 1036 828 Nihil,
1069 777 1112 815 et
1138 775 1295 828 curavi,
1327 789 1380 816 ne
1407 776 1502 829 quis

162 834 386 886 metueret,
425 832 497 873 sed
528 832 673 887 copias
704 833 840 886 illius,
873 847 977 887 quas
1010 808 1079 874 1110
1111 833 1251 886 video,
1284 833 1376 875 dico
1410 848 1503 875 esse

160 890 429 945 metuendas,
465 905 543 933 nee
580 895 672 933 tam
710 891 925 933 timendus
965 894 1031 933 est
1068 907 1182 934 nunc
1214 892 1423 933 exercitus
1455 892 1502 934 L.

1532 723 1574 754 79

160 949 372 991 Catilinae
417 965 544 1004 quam
582 950 673 1004 isti,
717 951 790 1004 qui
832 950 955 991 illum
992 951 1224 992 exercitum
1263 951 1532 993 deseruisse·

107 1019 140 1044 15
161 1008 370 1050 dicuntur.
430 1008 530 1050 Non
563 1008 675 1050 enim
707 1009 995 1063 deseruerunt,
1031 1010 1105 1051 sed
1137 1009 1191 1050 ab
1224 1009 1300 1051 illo
1334 1010 1379 1050 in
1412 1024 1503 1064 spe-

160 1067 265 1108 culis
306 1070 433 1122 atque
471 1067 637 1108 insidiis
676 1067 817 1109 relicti
854 1068 900 1108 in
937 1069 1078 1123 capite
1119 1071 1246 1122 atque
1287 1068 1332 1109 in
1371 1069 1502 1110 cervi-

159 1125 278 1167 cibus
321 1126 480 1167 nostris
520 1126 784 1168 restiterunt.
850 1126 907 1168 Hi
946 1130 989 1168 et
1029 1127 1245 1182 integrum
1284 1128 1503 1168 consulem

159 1186 202 1225 et
239 1184 399 1226 bonum
436 1186 739 1240 imperatorem
772 1188 814 1226 et
844 1188 1000 1226 natura
1032 1188 1074 1227 et
1104 1186 1280 1227 fortuna
1312 1201 1407 1227 cum
1440 1187 1502 1227 rei

158 1242 355 1296 publicae
387 1244 525 1285 salute
557 1243 829 1285 coniunctum
862 1244 969 1285 deici
995 1244 1045 1285 de
1071 1244 1189 1285 urbis
1217 1245 1430 1298 praesidio
1458 1247 1501 1286 et

107 1312 141 1337 20
160 1301 210 1342 de
236 1302 430 1344 custodia
455 1302 642 1343 civitatis
672 1302 825 1343 vestris
847 1303 1072 1343 sententiis
1095 1303 1315 1343 deturbari
1336 1303 1500 1344 volunt.

161 1358 350 1408 Quorum
400 1375 478 1416 ego
522 1361 682 1401 ferrum
727 1365 769 1401 et
814 1360 1034 1402 audaciam
1078 1361 1205 1402 reieci
1249 1361 1293 1401 in
1337 1376 1501 1416 campo,

161 1418 383 1460 debilitavi
414 1419 459 1459 in
489 1418 603 1471 foro,
636 1419 872 1473 compressi
904 1419 1035 1460 etiam
1062 1419 1176 1460 domi
1209 1434 1328 1460 meae
1362 1433 1501 1474 saepe,

159 1476 329 1532 iudices,
360 1477 426 1518 his
459 1491 534 1518 vos
568 1478 603 1518 si
636 1477 818 1518 alterum
851 1478 1068 1518 consulem
1094 1477 1370 1531 tradideritis,
1402 1478 1499 1531 plus

161 1535 298 1577 multo
338 1538 463 1576 erunt
492 1536 647 1576 vestris
681 1536 904 1576 sententiis
938 1550 1065 1590 quam
1097 1536 1185 1577 suis
1218 1536 1372 1590 gladiis
1406 1551 1501 1577 con-

107 1605 141 1629 25
162 1593 306 1635 secuti.
367 1593 514 1648 Magni
551 1594 748 1648 interest,
786 1594 962 1647 iudices,
1000 1594 1042 1635 id
1082 1593 1195 1648 quod
1234 1608 1311 1649 ego
1351 1595 1499 1636 multis

160 1653 498 1708 repugnantibus
520 1654 588 1708 egi
609 1655 736 1706 atque
756 1652 924 1706 perfeci,
951 1667 1042 1694 esse
1062 1651 1268 1694 Kalendis
1288 1652 1498 1694 Ianuariis

159 1711 205 1752 in
229 1726 274 1752 re
305 1711 477 1766 publica
509 1711 614 1752 duos
647 1711 853 1752 consules.
914 1709 1061 1752 Nolite
1094 1711 1309 1763 arbitrari,
1342 1712 1498 1754 medio-

160 1770 302 1811 cribus
335 1769 523 1811 consiliis
557 1772 631 1810 aut
662 1770 833 1810 usitatis
866 1769 945 1810 viis
979 1772 1053 1811 aut
1066 1768 1130 1811 *ἦῆ
1191 1768 1289 1811 Νο11
1322 1770 1390 1811 lex
1423 1771 1499 1812 im-

160 1829 308 1883 proba,
339 1843 426 1870 non
451 1827 691 1882 perniciosa
716 1828 902 1883 largitio,
933 1843 1018 1869 non
1046 1828 1238 1870 auditum
1265 1828 1496 1883 aliquando

110 1897 142 1922 30
163 1887 336 1941 aliquod
373 1887 534 1928 malum
566 1887 627 1927 rei
658 1886 852 1941 publicae
885 1887 1115 1941 quaeritur.
1176 1886 1290 1928 Inita
1321 1890 1422 1929 sunt
1454 1889 1498 1928 in

162 1945 242 1986 hac
281 1946 454 1987 civitate
486 1945 684 1997 consilia,
720 1944 897 1999 iudices,
934 1946 1050 1987 urbis
1084 1945 1304 1999 delendae,
1342 1946 1499 1987 civium

161 2003 526 2058 trucidandorum,
563 2003 748 2045 nominis
786 2003 970 2045 Romani
1009 2003 1308 2060 extinguendi..
1358 2006 1499 2058 Atque

161 2061 267 2102 haec
291 2063 415 2116 cives,
447 2064 572 2115 cives,
604 2062 789 2116 inquam,
823 2062 859 2102 si
885 2076 955 2103 eos
981 2063 1063 2105 hoc
1087 2063 1258 2105 nomine
1286 2063 1498 2116 appellari

1526 1717 1570 1747 80

162 2119 228 2160 fas
273 2122 354 2173 est,
399 2120 448 2161 de
491 2120 634 2175 patria
672 2135 748 2161 sua
792 2123 834 2160 et
873 2121 1066 2176 cogitant
1105 2125 1146 2163 et
1190 2120 1498 2174 cogitaverunt.
1533 2145 1536 2146 ν

109 2187 142 2214 35
163 2177 326 2219 Horum
353 2192 432 2233 ego
460 2179 612 2220 cotidie
640 2178 829 2219 consiliis
851 2193 1038 2234 occurro,
1065 2180 1287 2221 audaciam
1307 2178 1498 2232 debilito,

167 2235 315 2277 sceleri
347 2237 512 2278 resisto.
574 2235 655 2278 Sed
688 2251 851 2290 moneo,
882 2236 1059 2280 iudices:
1090 2237 1141 2279 In
1173 2239 1289 2279 exitu
1321 2237 1405 2278 iam
1432 2240 1498 2278 est

164 2309 281 2336 meus
333 2295 597 2350 consulatus3
651 2295 784 2337 nolite
834 2295 940 2337 mihi
989 2296 1241 2338 subtrahere
1291 2294 1498 2337 vicarium
