1687 2533
537 116 637 152 CAP.
665 120 804 152 27—29
830 120 849 159 ξ
876 120 1024 152 74-80.
1349 117 1433 158 367

90 213 267 267 iudices,
310 228 361 255 ex
403 212 490 266 his,
535 212 608 268 qui
648 227 745 254 cum
787 212 870 254 hoc
911 212 1063 254 vivunt
1106 215 1182 255 aut
1227 214 1436 266 vixerunt,

90 271 493 314 honestissimorum
533 271 756 313 hominum
789 271 992 327 gregibus
1025 271 1231 325 reicietis,
1271 287 1323 313 ex
1354 272 1434 314 hoc

91 331 326 372 amicorum
369 345 566 384 numero,
609 345 660 371 ex
706 330 785 371 hac
822 329 1100 371 familiarium
1141 330 1353 384 dignitate
1389 331 1431 372 in

89 390 321 444 impiorum
353 391 522 444 partem
554 391 681 443 atque
713 389 758 429 in
788 389 1097 442 parricidarum
1130 389 1274 431 sedem
1306 392 1434 444 atque

54 461 314 489 5numerum
352 447 650 489 transferetis‘?
718 446 805 489 Ubi
844 448 926 489 erit
963 447 1099 503 igitur
1136 449 1244 489 illud
1281 449 1433 490 firmis-

92 507 247 548 simum
290 506 553 562 praesidium
595 505 789 562 pudoris,
833 521 918 561 quo
965 508 1011 547 in
1047 507 1140 549 loco
1179 507 1305 548 nobis
1343 508 1434 549 vita

93 568 191 608 ante
236 569 332 607 acta
374 565 583 620 proderit,
633 565 745 620 quod
790 565 843 606 ad
887 568 1057 620 tempus
1102 566 1434 607 existimationis

91 627 241 679 partae
278 624 443 665 fructus
474 623 782 677 reservabitur,
821 624 857 664 si
887 624 933 665 in
965 626 1155 666 extremo
1189 625 1434 667 discrimine

92 698 140 724 ac
166 683 439 724 dimicatione
470 683 667 724 fortunae
694 683 872 737 deseret,
904 684 940 724 si
966 697 1052 723 non
1079 683 1230 737 aderit,
1262 684 1299 725 si
1323 684 1433 725 nihil

39 755 73 780 ιο
92 742 343 783 adiuvabit?
908 751 911 752 ’

181 800 459 849 Quaestiones
491 800 614 841 nobis
647 814 868 842 servorum
895 804 1118 843 accusator
1151 804 1194 842 et
1217 804 1434 843 tormenta
1461 813 1503 844 78

92 859 326 901 minitatur.
381 859 432 900 In
469 859 623 913 quibus
656 873 914 913 quamquam
945 860 1053 901 nihil
1086 860 1263 915 periculi
1297 860 1431 914 suspi-

92 933 251 972 camur,
276 921 419 959 tamen
444 917 522 959 illa
546 920 765 959 tormenta
791 918 1005 972 gubernat
1024 919 1160 972 dolor,
1185 919 1434 960 moderatur

91 980 248 1018 natura
279 977 481 1030 cuiusque
513 991 609 1018 cum
637 977 780 1029 animi,
812 979 905 1017 tum
931 977 1137 1032 corporis,
1168 978 1282 1033 regit
1308 992 1434 1032 quae·

40 1049 72 1073 15
93 1036 212 1088 sitor,
242 1035 377 1077 flectit
401 1035 547 1089 libido,
579 1035 817 1089 corrumpit
842 1049 951 1089 spes,
982 1036 1176 1078 infirmat
1202 1039 1355 1090 metus,
1387 1039 1435 1078 ut

93 1096 138 1135 in
173 1096 241 1136 tot
277 1108 418 1135 rerum
451 1094 661 1149 angustiis
693 1094 805 1135 nihil
836 1095 1010 1135 veritati
1041 1095 1125 1136 loci
1151 1096 1435 1152 relinquatur.

91 1152 197 1194 Vita
220 1152 266 1194 P.
289 1151 429 1194 Sullae
460 1155 724 1207 torqueatur,
756 1167 806 1194 ex
839 1167 889 1194 ea
920 1156 1164 1207 quaeratur,
1196 1169 1300 1195 num
1327 1168 1435 1209 quae

93 1212 329 1254 occultetur
360 1211 504 1265 libido,
536 1226 639 1252 num
672 1211 784 1265 quod
816 1212 952 1253 lateat
982 1212 1160 1266 facinus,
1191 1227 1295 1254 num
1328 1227 1435 1268 quae

93 1270 341 1324 crudelitas,
376 1285 481 1311 num
521 1284 628 1324 quae
667 1270 856 1312 audacia.
917 1270 1039 1312 Nihil
1078 1271 1234 1312 erroris
1273 1271 1355 1313 erit
1391 1272 1437 1312 in

39 1341 73 1366 20
94 1343 223 1371 causa
258 1344 334 1370 nec
367 1329 663 1382 obscuritatis,
700 1328 878 1383 iudices,
917 1330 954 1370 si
988 1344 1013 1371 a
1043 1329 1166 1371 vobis
1200 1330 1314 1370 vitae
1346 1344 1435 1384 per-

93 1390 247 1442 petuae
284 1402 385 1440 vox,
429 1402 478 1428 ea
517 1401 624 1441 quae
661 1387 887 1428 verissima
930 1389 974 1428 et
1015 1388 1272 1441 gravissima
1310 1388 1437 1429 debet

95 1460 198 1498 esse,
229 1445 436 1487 audietur.
480 1444 659 1486 Nullum
690 1445 735 1486 in
765 1445 845 1486 hac
878 1459 1007 1487 causa
1038 1449 1194 1487 testem
1220 1447 1435 1500 timemus,
1463 1458 1504 1489 79

93 1504 201 1545 nihil
229 1518 486 1558 quemquam
512 1504 630 1556 scire,
660 1503 770 1544 nihil
797 1503 967 1558 vidisse,
992 1504 1102 1545 nihil
1130 1505 1297 1546 audisse
1324 1505 1434 1546 arbi-

93 1565 271 1604 tramur.
327 1561 409 1603 Sed
445 1565 609 1615 tamen,
647 1562 683 1603 si
718 1562 827 1602 nihil
864 1577 938 1603 vos
976 1562 1022 1603 P.
1056 1561 1199 1604 Sullae
1236 1562 1505 1620 fortunam)

41 1634 75 1660 25
95 1624 251 1674 movet,
281 1621 454 1674 iudices,
488 1625 629 1661 vestra
660 1624 842 1663 moveat.
886 1620 1044 1662 Vestra
1076 1622 1200 1671 enim,
1235 1622 1306 1676 qui
1339 1637 1434 1663 cum

96 1694 263 1721 summa
289 1679 504 1735 elegantia
524 1682 652 1733 atque
672 1679 924 1734 integritate
944 1680 1124 1734 vixistis,
1149 1680 1231 1722 hoc
1250 1680 1435 1722 maxime

93 1739 292 1792 interest,
334 1752 420 1779 non
464 1752 514 1779 ex
557 1737 734 1778 libidine
780 1740 855 1779 aut
892 1738 1112 1780 simultate
1149 1742 1223 1780 aut
1260 1739 1436 1781 levitate

94 1797 271 1838 testium
308 1811 458 1838 causas
494 1796 775 1838 honestorum
812 1797 1036 1838 hominum
1074 1798 1319 1852 ponderari,
1363 1798 1436 1839 sed

94 1855 140 1897 in
164 1856 334 1911 magnis
355 1855 726 1908 disquisitionibus
745 1856 1061 1910 repentinisque
1080 1857 1280 1911 periculis
1300 1856 1436 1898 vitam

42 1925 77 1951 30
95 1914 221 1955 unius
253 1915 454 1969 cuiusque
487 1928 577 1955 esse
606 1916 773 1954 testem.
818 1912 956 1961 Quam
981 1929 1070 1969 vos,
1095 1915 1269 1969 iudices,
1299 1916 1435 1956 nolite

97 1972 227 2013 armis
266 1973 353 2013 suis
386 1973 617 2027 spoliatam
649 1975 776 2026 atque
808 1973 1017 2014 nudatam
1048 1974 1214 2015 obicere
1239 1973 1436 2026 invidiae,

97 2030 246 2072 dedere
281 2032 529 2085 suspicioni3
563 2031 724 2071 munite
750 2045 1019 2073 communem
1046 2047 1187 2073 arcem
1212 2033 1436 2085 bonorum,

96 2089 306 2129 obstruite
344 2089 542 2145 perfugia
579 2089 892 2143 improborum3
928 2091 1070 2132 valeat
1101 2095 1137 2132 et
1167 2090 1220 2131 ad
1251 2104 1436 2144 poenam

96 2149 140 2188 et
177 2147 230 2187 ad
268 2147 451 2188 salutem
488 2148 737 2201 plurimum,
775 2162 904 2202 quam
943 2149 1080 2190 solam
1111 2149 1263 2190 videtis
1296 2149 1436 2203 ipsam

42 2216 148 2246 ³5ex
192 2219 268 2246 sua
303 2208 458 2247 natura
495 2206 699 2248 facillime
736 2206 940 2261 perspici,
984 2208 1126 2249 subito
1165 2206 1279 2248 flecti
1314 2206 1435 2261 fingi-

97 2277 177 2318 que
213 2277 299 2304 non
331 2278 466 2317 posse.

185 2319 296 2370 Quid
328 2323 458 2364 vero?
496 2322 602 2366 haec
641 2323 878 2365 auctoritas
917 2323 1106 2378 (semper
1144 2324 1256 2365 enim
1289 2326 1354 2365 est
1385 2323 1434 2364 de
1448 2309 1505 2391 ἓξ
