1687 2533
493 83 594 118 CAP.
622 86 760 118 23—25
787 86 806 125 s
832 87 981 118 60—66.
1325 83 1409 125 481

71 194 238 222 omnem
266 179 336 220 diu
362 179 587 220 collectam
608 178 694 221 vim
714 179 1018 233 improborum,
1044 193 1150 234 quae
1174 180 1412 222 inveterata

71 251 316 293 compresso
362 237 459 279 odio
504 240 631 292 atque
669 237 801 279 tacito
841 238 926 279 iam
965 238 1217 293 erumpebat
1254 241 1413 280 nancta

70 300 159 338 tam
197 296 367 338 audacis
406 296 550 350 duces,
591 296 734 351 excepi
766 310 860 338 meo
894 311 1083 351 corpore.
1145 295 1195 338 In
1227 312 1294 338 me
1327 312 1412 339 uno

72 355 316 397 consulares
365 354 480 396 faces
524 356 659 396 iactae
704 355 902 396 manibus
948 355 1208 408 tribuniciis,
1257 356 1302 397 in
1346 370 1413 397 me

36 414 234 468 somnia,
273 428 381 468 quae
420 427 500 469 ego
539 413 753 468 quondam
785 414 1067 468 rettuderam,
1106 414 1413 456 coniurationis

73 472 240 514 nefaria
265 473 355 514 tela
381 472 677 514 adhaeserunt.
716 472 888 526 Quodsi,
913 475 961 514 ut
988 473 1135 514 multis
1161 473 1413 515 fortissimis

73 531 176 572 viris
195 531 370 586 placuit,
390 531 434 572 vi
454 534 496 572 et
517 531 646 573 armis
668 534 817 573 contra
836 532 923 572 vim
939 531 1154 574 decertare
1168 532 1414 586 voluissem,

74 593 147 632 aut
178 590 376 631 vicissem
407 604 502 631 cum
528 603 684 644 magna
711 590 990 631 internicione
1016 591 1308 645 inproborum,
1341 591 1414 632 sed

73 652 218 690 tamen
262 649 434 703 civium,
479 651 553 690 aut
595 649 832 690 interfectis
876 649 1000 691 bonis
1040 649 1256 704 omnibus,
1301 649 1414 704 quod

20 708 161 749 millis
206 707 526 762 optatissimum
565 712 671 762 erat,
714 723 798 749 una
842 723 937 749 cum
979 722 1025 749 re
1065 708 1239 764 publica
1277 709 1414 750 conci·

74 766 242 808 dissem.
281 766 492 808 Videbam
517 766 613 808 vivo
640 769 791 808 senatu
816 767 1058 822 populoque
1085 766 1280 809 Romano
1308 768 1413 809 cele·
1440 779 1485 810 64

73 839 163 867 rem
202 825 307 866 mihi
345 839 512 866 summa
550 840 645 867 cum
678 825 887 880 dignitate
919 826 1106 867 reditum
1136 840 1214 867 nec
1245 826 1412 867 intelle-

74 884 228 939 gebam
259 884 351 925 fieri
383 883 541 925 diutius
573 898 709 938 posse,
742 886 790 925 ut
821 884 927 925 mihi
958 899 1045 926 non
1076 884 1224 926 liceret
1252 899 1342 926 esse
1369 886 1414 926 in

74 957 125 984 ea
166 957 211 983 re
255 942 446 998 publica,
491 957 617 998 quam
661 943 753 996 ipse
797 957 1047 985 servassem.
1121 942 1282 992 Quodsi
1326 958 1413 985 non

21 1011 55 1037 15
74 1001 238 1055 liceret,
271 1001 488 1043 audieram
520 1004 562 1042 et
594 1002 783 1057 legeram
816 1002 1077 1043 clarissimos
1109 1005 1283 1043 nostrae
1315 1002 1414 1044 civi-

74 1060 178 1101 tatis
210 1061 324 1101 viros
358 1075 401 1101 se
432 1060 476 1101 in
502 1060 663 1102 medios
689 1060 828 1102 hostis
856 1060 908 1101 ad
933 1060 1204 1115 perspicuam
1230 1064 1413 1102 mortem

74 1132 152 1172 pro
180 1119 316 1160 salute
343 1119 551 1160 exercitus
576 1119 789 1173 iniecisse3
818 1133 896 1174 ego
923 1134 999 1174 pro
1028 1120 1166 1160 salute
1191 1120 1415 1161 universae

74 1176 135 1218 rei
180 1177 377 1232 publicae
419 1177 659 1219 dubitarem
699 1178 780 1219 hoc
822 1177 998 1219 meliore
1039 1174 1286 1220 condicione
1323 1192 1416 1219 esse

76 1250 202 1291 quam
222 1235 354 1289 Decii,
381 1237 492 1290 quod
517 1237 583 1277 illi
609 1251 661 1278 ne
691 1236 906 1278 auditores
928 1236 1098 1291 quidem
1120 1252 1220 1278 suae
1241 1237 1416 1292 gloriae,

23 1305 58 1331 20
79 1308 157 1349 ego
209 1295 340 1335 etiam
391 1297 608 1349 spectator
658 1309 775 1336 meae
825 1294 963 1336 laudis
1014 1309 1105 1336 esse
1149 1296 1415 1348 potuissem?

76 1353 227 1407 Itaque
271 1353 479 1394 infractus
522 1353 643 1394 furor
679 1356 779 1395 tuus
816 1352 956 1395 inanis
993 1353 1180 1394 faciebat
1217 1355 1487 1408 impetus25

77 1411 257 1453 Omnem
290 1411 402 1452 enim
428 1412 516 1453 vim
543 1412 728 1453 omnium
759 1412 1064 1454 sceleratorum
1091 1412 1303 1453 acerbitas
1332 1412 1415 1453 mei

76 1484 200 1512 casus
250 1473 492 1524 exceperat3
541 1485 627 1511 non
677 1473 769 1512 erat
818 1470 863 1511 in
906 1473 994 1511 tam
1037 1470 1216 1512 immani
1260 1470 1415 1512 iniuria

76 1529 294 1583 tantisque
331 1529 465 1570 ruinis
497 1543 633 1570 novae
665 1529 910 1570 crudelitati
941 1530 1073 1571 locus.
1134 1528 1242 1570 Cato
1275 1530 1416 1571 fuerat
1443 1542 1487 1573 65

23 1599 57 1624 25
76 1587 307 1642 proximus.
357 1587 466 1636 Quid
499 1588 676 1643 ageres?
707 1602 794 1629 non
819 1590 923 1641 erat,
953 1590 1013 1641 ut,
1046 1587 1118 1642 qui
1145 1588 1250 1629 mihi
1276 1589 1416 1630 socius

77 1646 236 1688 laboris
267 1646 426 1700 fuerat,
457 1646 571 1687 idem
596 1648 709 1688 esset
740 1646 930 1687 iniuriae.
994 1645 1103 1694 Quid
1135 1647 1314 1701 posses?
1347 1661 1416 1688 ex-

77 1705 249 1746 trudere
282 1704 335 1745 ad
361 1704 562 1760 Cypriam
590 1705 843 1758 pecuniam?
886 1704 1051 1746 Praeda
1076 1705 1265 1758 perierit.
1314 1705 1417 1746 Alia

77 1777 164 1805 non
195 1763 346 1817 deerit,
377 1762 478 1807 hinc
509 1764 634 1805 modo
668 1763 959 1805 amandandus
992 1765 1069 1804 est.
1131 1762 1200 1804 Sic
1230 1763 1287 1806 M.
1308 1762 1415 1805 Cato

78 1821 239 1863 invisus
273 1822 394 1876 quasi
426 1836 502 1877 per
533 1822 784 1864 beneficium
811 1821 999 1876 Cyprum
1028 1821 1258 1877 relegatur.
1306 1821 1417 1864 Eici-

25 1891 60 1917 30
79 1883 208 1921 untur
250 1880 350 1934 duo,
394 1895 501 1935 quos
539 1880 680 1921 videre
718 1880 887 1934 inprobi
923 1894 1010 1922 non
1047 1883 1264 1935 poterant,
1305 1882 1416 1922 alter

78 1953 154 1992 per
196 1939 402 1980 honorem
447 1939 762 1993 turpissimum,
806 1939 916 1979 alter
952 1953 1029 1994 per
1065 1938 1415 1980 honestissimam

79 1997 379 2039 calamitatem.
440 1998 583 2052 Atque
619 1999 668 2038 ut
700 1997 846 2039 sciatis
878 2011 965 2038 non
995 1997 1241 2039 hominibus
1272 1998 1416 2051 istum,
1442 2011 1486 2041 66

81 2055 154 2096 sed
196 2056 428 2098 virtutibus
477 2055 644 2097 hostem
695 2070 862 2110 semper
909 2055 1061 2110 fuisse,
1110 2070 1176 2097 me
1227 2056 1415 2110 expulso,

82 2113 242 2155 Catone
286 2114 513 2156 amandato
557 2115 601 2155 in
645 2129 740 2156 eum
783 2114 923 2167 ipsum
969 2129 1013 2156 se
1057 2114 1288 2167 convertit,
1332 2128 1414 2168 quo

27 2182 62 2209 35
83 2175 266 2226 auctore,
299 2186 382 2226 quo
415 2172 608 2214 adiutore
634 2173 679 2214 in
711 2173 982 2215 contionibus
1009 2187 1070 2226 ea,
1103 2187 1210 2227 quae
1238 2173 1415 2227 gerebat

81 2230 225 2271 omnia
257 2244 447 2285 quaeque
480 2234 688 2285 gesserat,
731 2245 775 2273 se
808 2233 850 2273 et
879 2231 1030 2273 fecisse
1064 2234 1106 2272 et
1136 2230 1276 2271 facere
1309 2230 1415 2272 dice—

81 2289 174 2342 bat3
207 2287 280 2330 Cn.
301 2287 562 2344 Pompeium,
594 2304 717 2344 quem
752 2289 941 2332 omnium
966 2289 1121 2331 iudicio
1150 2289 1276 2343 longe
1301 2289 1414 2343 prin-

150 2361 222 2389 c1c.
241 2362 282 2389 11.
301 2363 326 2389 2.
1157 2359 1199 2390 31
