1687 2533
173 430 220 461 44

174 1248 219 1280 45

179 2045 233 2086 18

176 2097 222 2127 46

243 90 331 130 474
438 89 502 125 DE
527 89 662 125 DOMO
690 90 780 124 SUA
806 88 871 123 AD
897 89 1178 124 PONTIFICES
1204 89 1394 127 ORATIO.

243 186 393 241 possit.
467 185 799 240 Proscriptionis
851 184 1136 227 miserrimum
1184 200 1341 227 nomen
1389 186 1495 227 illud
1539 188 1582 227 et

245 245 384 286 omnis
429 245 638 286 acerbitas
684 243 850 285 Sullani
894 244 1100 298 temporis
1139 244 1239 298 quid
1276 244 1426 298 habet,
1469 244 1582 298 quod

245 304 429 344 maxime
456 304 512 345 sit
537 303 705 357 insigne
732 303 784 343 ad
811 303 1061 344 memoriam
1087 303 1382 344 crudelitatis?
1419 302 1582 357 Opinor

246 377 429 417 poenam
479 363 524 403 in
574 363 686 403 cives
730 360 948 402 Romanos
991 361 1248 402 nominatim
1293 362 1383 403 sine
1425 361 1580 402 iudicio

247 421 538 462 constitutam.
582 419 706 461 Hanc
731 434 807 461 vos
833 420 977 475 igitur,
1008 420 1245 474 pontifices,
1270 420 1425 462 iudicio
1454 422 1581 474 atque
1600 430 1617 456 5

246 481 502 521 auctoritate
542 482 687 522 vestra
724 478 899 520 tribuno
937 479 992 533 pl.
1025 481 1284 532 potestatem
1324 479 1499 533 dabitis,
1533 481 1582 519 ut

244 539 512 592 proscribere
558 537 715 592 possit,
761 551 865 590 quos
906 537 1039 578 velit?
1099 537 1265 585 Quaero
1307 538 1437 592 enim,
1481 537 1583 591 quid

246 598 302 638 sit
341 597 457 638 aliud
491 597 574 638 πίει·
611 596 876 650 proscribere
915 595 1122 637 ‘VELITIS
1161 608 1389 651 IUBEATIS,
1426 607 1485 637 UT
1526 595 1581 637 M.

245 656 447 697 TULLIUS
481 668 528 696 IN
560 666 774 696 CIVITATE
803 667 863 695 NE
897 666 986 708 SIT,
1016 666 1236 705 BONAQUE
1269 666 1370 697 EIUS
1402 667 1461 696 UT
1486 665 1583 696 MEA

247 714 377 756 SINT?
421 714 489 755 Ita
521 714 632 755 enim
659 728 716 766 re,
749 713 829 754 etsi
861 713 957 754 aliis
982 714 1135 767 verbis,
1167 714 1279 755 tulit.
1322 714 1417 755 Hoc
1441 713 1584 768 plebei
1603 724 1636 749 10

247 774 401 815 scitum
434 775 517 826 est,
548 773 653 814 haec
686 772 773 826 lex,
804 772 909 813 haec
939 772 1107 825 rogatio
1142 773 1235 814 est‘?
1271 772 1354 814 hoc
1384 786 1460 813 vos
1493 772 1584 825 pati

245 832 448 887 potestis,
492 831 574 873 hoc
610 831 721 872 ferre
758 831 928 884 civitas,
964 833 1013 871 ut
1051 830 1211 885 singuli
1249 831 1361 872 cives
1401 830 1584 886 singulis

245 890 468 932 versiculis
514 905 535 931 e
579 890 753 931 civitate
793 889 1033 930 tollantur?
1106 889 1316 943 Equidem
1360 890 1446 931 iam
1489 903 1583 943 per-

244 949 416 990 functus
459 963 574 1002 sum3
618 948 782 989 nullam
820 948 925 1000 vim,
967 947 1134 988 nullum
1172 948 1381 1002 impetum
1419 951 1583 1001 metuo3

247 1008 412 1062 explevi
452 1009 617 1049 animos
656 1006 914 1059 invidorum,
954 1006 1121 1060 placavi
1160 1006 1255 1047 odia
1293 1007 1583 1061 inproborum,
1603 1016 1636 1042 15

247 1067 438 1108 saturavi
477 1066 606 1107 etiam
647 1064 868 1119 perfidiam
903 1067 944 1105 et
976 1065 1112 1105 scelus
1145 1065 1430 1118 proditorum3
1468 1065 1586 1106 deni-

249 1140 328 1179 que
362 1125 412 1166 de
445 1139 540 1165 mea
572 1138 712 1177 causa,
744 1137 853 1177 quae
885 1123 1110 1164 videbatur
1136 1123 1313 1177 perditis
1341 1124 1503 1165 civibus
1531 1123 1585 1165 ad

246 1183 451 1224 invidiam
497 1197 588 1224 esse
633 1182 872 1236 proposita,
922 1182 1008 1222 iam
1053 1196 1199 1222 omnes
1244 1183 1389 1236 urbes,
1437 1196 1583 1223 omnes

247 1242 429 1295 ordines,
462 1255 608 1282 omnes
642 1241 684 1281 di
710 1243 836 1294 atque
863 1240 1056 1281 homines
1083 1241 1390 1282 iudicaverunt.
1431 1240 1584 1282 Vobis-

247 1303 335 1342 met
386 1300 510 1354 ipsis,
560 1299 803 1354 pontifices,
854 1302 895 1339 et
946 1299 1100 1339 vestris
1151 1299 1298 1340 liberis
1347 1299 1584 1353 ceterisque
1603 1311 1638 1336 20

246 1359 409 1401 civibus
448 1373 526 1413 pro
564 1361 708 1399 vestra
746 1357 1002 1399 auctoritate
1040 1360 1084 1398 et
1122 1358 1333 1412 sapientia
1365 1358 1584 1399 consulere

247 1418 423 1459 debetis.
471 1416 596 1469 Nam,
630 1431 724 1457 cum
756 1419 846 1457 tam
878 1416 1100 1457 moderata
1130 1416 1287 1458 iudicia
1318 1416 1467 1471 populi
1499 1417 1585 1458 sint

248 1491 273 1517 a
311 1475 546 1517 maioribus
589 1475 843 1527 constituta,
880 1474 1067 1529 primum
1099 1477 1147 1515 ut
1177 1489 1229 1516 ne
1262 1490 1399 1528 poena
1431 1475 1584 1530 capitis

247 1550 342 1576 cum
387 1534 566 1588 pecunia
611 1533 915 1588 coniungatur,
958 1533 1107 1574 deinde
1151 1547 1204 1574 ne
1241 1534 1482 1588 inprodicta
1519 1534 1585 1575 die

248 1593 342 1647 quis
369 1596 609 1647 accusetur,
641 1594 688 1632 ut
719 1596 783 1632 ter
816 1595 914 1633 ante
946 1592 1226 1645 magistratus
1259 1595 1426 1634 accuset
1457 1592 1585 1633 inter·
1604 1603 1637 1629 25

246 1652 381 1692 missa
414 1651 497 1705 die,
537 1666 664 1705 quam
696 1650 877 1691 multam
910 1650 1080 1705 inroget
1115 1654 1188 1691 aut
1219 1650 1392 1705 iudicet,
1431 1653 1585 1705 quarta

249 1710 305 1751 sit
344 1710 558 1751 accusatio
591 1709 751 1750 trinum
786 1708 1022 1750 nundinum
1054 1709 1249 1762 prodicta
1281 1709 1365 1763 die,
1403 1724 1486 1763 quo
1518 1709 1585 1751 die

246 1768 451 1809 iudicium
485 1768 541 1809 sit
572 1767 775 1819 futurum,
806 1771 899 1808 tum
932 1767 1068 1808 multa
1095 1767 1222 1808 etiam
1251 1768 1302 1808 ad
1328 1767 1585 1822 placandum

249 1830 376 1880 atque
427 1825 480 1867 ad
529 1826 865 1868 misericordiam
909 1826 992 1866 reis
1037 1840 1238 1867 concessa
1282 1826 1384 1879 sint,
1434 1826 1584 1867 deinde

249 1884 476 1926 exorabilis
508 1885 705 1938 populus,
735 1884 874 1925 facilis
907 1884 1158 1938 suffragatio
1184 1899 1262 1938 pro
1290 1885 1441 1937 salute,
1472 1885 1584 1926 deni·
1603 1896 1638 1921 30

249 1958 329 1997 que
368 1943 515 1996 etiam,
555 1943 590 1983 si
629 1958 712 1997 qua
750 1957 817 1983 res
857 1942 979 1983 illum
1018 1943 1129 1983 diem
1168 1945 1242 1983 aut
1281 1943 1478 1997 auspiciis
1512 1947 1586 1985 aut

250 2002 522 2043 excusatione
554 2002 741 2054 sustulit,
771 2003 866 2042 tota
897 2015 1025 2042 causa
1055 2000 1340 2055 iudiciumque
1366 2001 1585 2043 sublatum

250 2061 324 2101 sit:
362 2060 467 2101 haec
505 2074 600 2100 cum
637 2059 698 2100 ita
736 2059 823 2101 sint
859 2060 905 2100 in
941 2059 1048 2111 iure,
1085 2059 1158 2099 ubi
1197 2060 1355 2100 crimen
1392 2062 1476 2114 est,
1511 2060 1585 2101 ubi

250 2121 482 2171 accusator,
514 2118 589 2158 ubi
620 2119 766 2170 testes,
800 2117 901 2172 quid
931 2117 1147 2172 indignius
1181 2131 1319 2171 quam,
1351 2118 1424 2172 qui
1448 2133 1585 2172 neque

251 2177 397 2218 adesse
438 2177 494 2217 sit
530 2176 670 2217 iussus
708 2190 844 2229 neque
882 2176 1037 2217 citatus
1076 2190 1211 2229 neque
1250 2179 1490 2226 accusatus,
1534 2177 1585 2217 de
1604 2186 1638 2212 35

251 2235 340 2277 eius
373 2235 524 2288 capite,
556 2234 716 2287 liberis,
746 2233 931 2275 fortunis
965 2233 1162 2275 omnibus
1195 2235 1425 2275 conductos
1457 2238 1500 2276 et
1532 2235 1585 2276 si-

251 2294 387 2334 carios
427 2295 470 2334 et
502 2293 667 2348 egentis
700 2296 743 2333 et
773 2292 963 2345 perditos
996 2292 1246 2347 suffragium
1277 2292 1387 2334 ferre
1419 2296 1460 2333 et
1491 2307 1586 2334 eam
