1619 2542
140 89 173 123 X
547 87 827 124 ADNOTATIO
855 88 1052 124 CRITICA.

137 183 217 218 rell.
245 195 324 219 cum
355 184 475 218 omnia
506 187 585 226 tua,
620 187 674 218 66.
701 186 745 217 20
770 182 799 216 T
824 184 947 218 interit
972 183 1207 228 (interdiaez't),
1239 182 1269 217 E
1293 184 1466 227 intererit,

137 235 192 266 67.
221 235 264 265 10
290 231 318 264 Τ
351 231 474 265 deiecti
504 232 606 265 sinus
632 230 860 274 (Telesinus),
892 229 969 265 rell.
996 231 1154 265 deiecisti
1186 232 1250 264 auf,
1282 231 1466 274 deiecistis‚

137 282 192 312 69.
227 282 245 312 7
278 277 306 310 T
336 288 371 312 se
403 278 522 322 (sine),
554 276 633 312 rell.
662 287 747 319 om.‚
783 280 834 311 70.
863 280 883 311 5
909 276 938 310 T
970 278 1158 321 asscriptio
1189 279 1237 321 (p.
1266 280 1354 312 1439
1383 277 1467 320 Or.),

137 324 166 357 E
193 325 237 359 ab
262 326 411 368 scripto,
447 324 506 359 all.
535 325 743 367 abscriptio,
777 324 980 367 descriptio,
1014 324 1204 368 abscripta,
1232 327 1285 358 70.
1314 328 1332 357 7
1359 335 1412 367 sq.
1439 324 1468 358 T

136 375 198 406 tuo
231 373 363 406 auiiem
395 375 509 414 (tuum
543 375 608 405 aut
638 372 695 414 ie),
723 371 807 404 cett.
836 371 873 404 et
898 370 997 415 vulg.
1023 374 1124 405 tuum
1150 375 1215 405 aut
1238 372 1320 405 item
1344 375 1385 414 te,
1414 374 1468 405 70.

139 422 158 452 9
186 429 238 461 sq.
265 418 294 451 Τ
319 419 446 453 eateris
469 430 541 462 qua
565 419 659 452 inter
685 417 844 459 (fateris;
869 428 941 461 qua
965 419 1006 451 in
1029 418 1091 461 re),
1118 417 1146 450 E
1174 419 1211 451 et
1237 417 1298 452 all.
1319 428 1360 452 ea
1384 418 1469 452 teris

136 476 225 510 quae
249 466 360 506 inter,
391 476 424 499 V.
451 477 486 509 p.
515 469 568 499 39.
596 468 633 506 4,
662 468 698 506 9,
727 467 786 506 17,
814 467 867 499 45.
898 468 914 497 1
942 464 978 497 et
1004 467 1065 506 35,
1092 467 1147 498 46.
1175 469 1228 499 19.
1278 463 1470 509 Expressit

135 511 246 556 paulo
279 511 495 556 dilig-enbius
528 523 632 545 suum
665 510 851 554 exemplar
882 510 961 544 cod.
994 510 1023 543 E
1056 514 1154 554 (nam
1185 511 1303 544 multa
1334 511 1470 545 omissa

138 560 223 592 sunt
247 558 286 591 in
312 559 340 592 T
367 558 438 602 (ad.
464 571 498 602 p.
525 562 579 593 41.
610 559 685 601 13),
712 568 786 591 non
810 557 929 590 multa
953 557 1012 591 vel
1037 568 1124 591 casu
1149 558 1207 592 vel
1232 558 1470 602 neglegentia,

139 605 352 650 depravata,
381 605 604 648 aliquotiens
630 604 823 638 verborum
850 603 938 638 ordo
964 604 1133 638 turbatus
1160 606 1207 648 (p.
1235 609 1287 639 61.
1310 607 1376 649 2)),
1404 604 1469 638 sed

138 652 322 696 expressit
348 652 535 696 exemplar
561 651 697 693 simile,
731 651 920 694 aliquanto
947 653 1072 685 tamen
1098 651 1259 685 det-erius
1286 662 1344 694 eo,
1371 651 1470 695 quod

136 700 393 743 repraesentat
426 698 540 733 codex
566 698 610 740 T,
642 708 727 731 nam
758 697 819 731 vix
849 697 945 731 ullus
976 698 1078 731 locus
1110 698 1309 740 invenitur,
1343 709 1414 741 quo
1440 698 1469 732 E

138 746 252 788 solus,
279 757 354 780 non
378 745 407 778 T
434 755 592 789 quoque,
620 744 751 779 ceteris
779 745 946 779 omnibus
971 746 1152 788 praest-et,
1178 744 1250 778 m'si
1274 745 1369 778 forte
1396 745 1470 779 sin-

138 792 277 837 gularis
308 792 560 837 praestantiae
593 791 851 826 documentum
881 791 1093 825 habendum
1125 792 1195 834 est,
1228 791 1327 835 quod
1353 804 1387 835 p.
1413 797 1468 826 51.

138 844 183 874 34
203 851 293 873 unus
314 839 343 872 E
363 839 478 872 habet
496 842 724 881 statuerunt,
747 842 799 873 60.
819 842 838 872 9
859 839 953 881 haec,
975 842 1028 873 68.
1045 843 1088 873 26
1108 840 1298 883 quispiam.
1332 838 1470 872 Verum

137 888 272 929 tamen,
298 896 344 919 ne
370 886 457 929 quid
479 885 712 919 dissimulare
737 885 879 927 videar,
907 885 984 921 cod
1006 885 1035 918 T
1061 886 1152 919 haec
1177 885 1291 919 habet
1309 885 1471 930 insignia

138 933 288 967 menda:
315 944 349 977 p.
378 936 432 967 48.
461 937 479 967 1
506 934 705 977 poterimus
737 934 962 976 (ponamus),
996 935 1050 966 50.
1078 936 1098 966 5
1131 943 1172 967 ac
1198 934 1366 967 vweseovati
1391 933 1470 976 (ad-

138 981 295 1023 servati),
325 983 379 1014 56.
407 983 449 1013 27
477 980 657 1024 quispiam
683 981 872 1033 (quisquis,
899 980 1050 1024 propter
1074 991 1106 1014 v.
1133 980 1207 1023 25),
1235 983 1290 1014 61.
1317 983 1360 1014 30
1386 980 1472 1014 urbe

139 1028 320 1071 (civitate),
349 1030 402 1060 70.
423 1030 467 1060 29
493 1037 561 1060 sua
586 1027 656 1070 leye
682 1028 799 1071 (suam
824 1028 891 1069 ius,
918 1037 956 1059 m
982 1025 1011 1059 E
1037 1027 1095 1060 ius
1120 1028 1323 1070 superscrq)
1351 1030 1404 1061 72.
1425 1030 1469 1060 21

138 1075 258 1108 stadio
290 1074 479 1118 (consilio).
530 1072 628 1107 Bene
661 1073 705 1107 de
738 1073 808 1107 hac
840 1074 930 1107 orat.
965 1072 1099 1118 disput.
1129 1072 1165 1108 C.
1192 1073 1241 1108 M.
1267 1073 1468 1108 Francken.

138 1121 270 1155 Mnem.
298 1119 341 1154 N.
370 1120 404 1154 S.
431 1119 481 1153 IX
510 1123 596 1154 1881
623 1130 656 1164 p.
685 1124 797 1154 247—
802 1124 879 1154 272.

233 1214 271 1249 P.
287 1217 341 1248 37.
356 1217 378 1247 4
397 1214 575 1255 faciunda
594 1213 671 1247 cod.
688 1213 728 1255 E,
749 1213 816 1256 Aq.
837 1213 952 1255 Rom,
974 1213 1079 1248 Mart.
1097 1212 1196 1258 Cap,
1211 1213 1318 1256 Bait„
1338 1212 1470 1256 Klotz„

139 1261 309 1303 facienda
328 1260 407 1294 rell.
424 1260 539 1303 codd„
563 1259 724 1302 Quintil„
746 1259 874 1304 Kays.;
897 1260 1009 1294 etiam
1030 1273 1062 1305 p.
1080 1264 1134 1296 52.
1150 1265 1193 1294 26
1214 1260 1242 1293 T
1256 1261 1410 1302 faciend.
1426 1281 1470 1286 —

140 1307 178 1341 P.
201 1311 255 1342 37.
278 1312 297 1341 6
318 1308 512 1351 disceptari
532 1307 673 1350 Graev.,
700 1306 807 1349 Bait„
826 1306 947 1350 Kays„
968 1308 1097 1351 decept.
1119 1307 1223 1341 codd.
1246 1307 1324 1350 ET,
1344 1308 1470 1342 decer-t.

139 1354 230 1397 rell,
251 1354 356 1397 Iord.,
377 1353 496 1389 Klotz.
513 1353 550 1395 Q.
566 1354 672 1388 Rosc.
688 1358 707 1387 2
729 1364 780 1387 ex.
798 1358 816 1388 7
839 1364 964 1388 omnes
985 1353 1089 1388 codd.
1104 1354 1244 1388 habent
1257 1355 1390 1389 deiecta
1403 1364 1469 1398 pro

140 1402 239 1443 disin,
272 1400 354 1436 infr.
386 1412 420 1445 p.
456 1404 532 1435 172.
560 1405 603 1435 26
636 1400 658 1434 S
690 1402 830 1442 decess,
863 1404 942 1434 312.
969 1404 1011 1434 37
1045 1400 1075 1434 G
1106 1402 1276 1443 deseram,
1314 1404 1393 1434 431.
1428 1405 1470 1435 17

140 1447 264 1492 plures
290 1449 480 1492 despicere,
514 1451 590 1482 500.
620 1451 639 1481 6
665 1446 734 1481 PV
759 1448 914 1482 demedio
940 1449 1024 1490 eto,
1059 1447 1106 1481 ad
1131 1459 1165 1492 p.
1194 1450 1271 1481 185.
1300 1451 1358 1489 14,
1392 1451 1469 1481 231.

141 1499 202 1537 36,
223 1498 300 1529 399.
324 1499 377 1528 14.
399 1513 440 1519 —-
462 1494 501 1529 P.
523 1498 577 1528 37.
601 1499 642 1528 17
664 1505 714 1538 sq.
735 1494 780 1528 A.
804 1494 959 1529 Caecina
979 1514 1021 1519 -—
1036 1495 1251 1538 perterritas
1264 1496 1472 1540 prosumni

144 1541 237 1576 coni.
263 1541 384 1576 Madv.
412 1541 589 1576 Fleckeis.
617 1552 698 1575 ann.
729 1544 816 1576 1856
846 1553 881 1585 p.
912 1544 977 1575 120
1003 1552 1071 1584 sq.,
1104 1542 1189 1585 post
1213 1552 1245 1575 v.
1268 1541 1472 1586 profuyisse

143 1588 226 1622 add.
247 1589 361 1623 iactat
381 1590 445 1622 aut
463 1589 557 1623 videt
576 1587 775 1622 Francken.
795 1599 830 1632 p.
851 1591 929 1624 258.
970 1587 1158 1623 Caecinam
1172 1589 1388 1632 profuyisse,
1407 1598 1472 1622 nos

142 1636 331 1678 inferiores
356 1646 430 1669 'non
454 1636 610 1678 futuros,
635 1646 670 1670 se
693 1636 909 1680 superiorem
933 1636 1170 1670 discessurum
1195 1636 1250 1669 est
1273 1638 1315 1669 ut
1338 1636 1472 1669 tamin

142 1693 179 1716 re
210 1683 394 1726 praesenti
428 1681 582 1716 Caecina
606 1683 811 1726 profuyerit
844 1680 879 1725 (i.
913 1691 942 1715 e.
974 1683 1127 1724 inferior
1159 1682 1386 1725 discesserit),
1421 1682 1472 1716 sic

142 1739 252 1771 itanc,
278 1730 310 1762 si
338 1749 392 1771 -,
417 1730 459 1763 in
482 1730 620 1763 iudicio
644 1739 709 1763 nos
732 1730 921 1771 inferiores
945 1729 1099 1771 futuros,
1124 1730 1182 1763 sin
1201 1748 1258 1770 ——,
1282 1738 1317 1762 se
1333 1728 1472 1772 superi-

143 1786 236 1810 orem
267 1776 520 1817 discessurum,
554 1775 601 1808 ad
630 1786 665 1819 p.
698 1779 752 1811 39.
780 1779 835 1810 21.
863 1795 906 1800 -
931 1774 968 1809 P.
996 1779 1050 1810 38.
1078 1779 1122 1809 29
1154 1779 1270 1809 tamen
1300 1785 1366 1819 pro
1398 1778 1472 1809 tum

143 1821 222 1856 cod.
237 1821 267 1855 E
281 1821 342 1855 all.
358 1823 400 1856 ub
419 1832 528 1866 saepe
542 1821 871 1866 WVrampelmeyeri
881 1821 1064 1857 Wolfenb.
1081 1821 1154 1863 all„
1175 1821 1288 1862 Bais,
1307 1821 1355 1854 ad
1367 1820 1470 1855 Verr.

141 1880 176 1913 P.
207 1872 281 1903 181.
311 1872 364 1902 12.
392 1889 434 1893 —
461 1869 499 1903 P.
522 1873 576 1904 38.
598 1873 641 1903 35
667 1871 708 1903 in
736 1869 805 1903 del.
825 1868 916 1903 Bak.
936 1867 1169 1902 Mnem.VHI
1194 1880 1228 1912 p.
1253 1872 1327 1910 116,
1355 1868 1471 1902 dubie.

143 1915 253 1959 Kays.
280 1915 317 1948 in
344 1915 427 1950 adn.
449 1936 491 1940 —
512 1915 551 1949 P.
578 1920 633 1950 39.
660 1919 681 1949 4
706 1917 885 1960 quodque
910 1915 988 1950 cod.
1008 1914 1047 1957 T,
1074 1914 1194 1958 Kays.,
1221 1914 1352 1957 Klotz„
1379 1915 1473 1959 qaod

143 1962 222 1997 rell.
250 1962 366 2005 codd„
393 1962 488 1996 Bait.
509 1962 643 1996 Partic.
663 1974 728 2006 que
753 1962 791 1996 in
816 1961 873 1996 his
899 1962 1007 1996 orabt.
1028 1961 1097 1995 vel.
1119 1973 1188 1996 om.
1210 1961 1268 1995 vel
1295 1961 1377 1995 add.
1399 1972 1472 1995 am-

143 2008 240 2053 plius
256 2008 466 2052 sexagiens3
488 2009 535 2043 ad
548 2021 583 2052 p.
600 2012 676 2043 103.
692 2013 723 2051 4,
741 2013 816 2043 195.
833 2012 864 2051 7,
885 2013 963 2043 223.
979 2012 1033 2049 35,
1054 2012 1131 2042 225.
1151 2012 1202 2050 13,
1224 2012 1301 2042 234.
1317 2012 1371 2050 29,
1393 2011 1471 2042 237.

145 2060 199 2098 35,
227 2059 304 2090 251.
332 2060 388 2098 29,
414 2059 492 2090 254.
519 2060 574 2099 31,
601 2059 679 2090 281.
707 2060 762 2098 23,
789 2059 868 2090 282.
894 2059 949 2097 22,
976 2059 1054 2089 283.
1078 2058 1130 2096 18,
1157 2058 1237 2089 285.
1261 2058 1312 2097 10,
1340 2058 1418 2089 301.
1439 2058 1471 2097 4,

145 2106 223 2137 315.
253 2106 311 2145 14,
344 2106 422 2138 355.
452 2107 510 2145 12,
543 2107 621 2137 380.
649 2106 710 2145 29,
743 2106 821 2138 416.
849 2107 886 2144 5,
919 2105 997 2136 451.
1024 2105 1084 2144 30,
1118 2105 1196 2135 464.
1223 2105 1284 2143 22,
1312 2104 1390 2136 535.
1417 2105 1472 2143 33,

144 2148 246 2183 Verr.
273 2161 307 2194 p.
338 2153 414 2183 110.
442 2152 497 2185 25.
525 2170 568 2174 —
593 2149 632 2183 P.
659 2153 714 2184 39.
743 2153 762 2183 9
788 2152 829 2183 ut
859 2149 899 2183 id
924 2147 1002 2182 cod.
1029 2147 1074 2190 T,
1107 2147 1219 2189 Bait„
1251 2148 1386 2190 Klotz„
1418 2150 1474 2182 uti

145 2195 242 2239 vulg.
260 2216 302 2220 —
317 2195 356 2230 P.
371 2200 427 2232 39.
444 2200 485 2230 15
506 2197 707 2231 videretur
725 2195 854 2240 Pluyg.
870 2194 1024 2229 Mn.V11
1044 2206 1078 2239 p.
1094 2198 1172 2236 208,
1193 2193 1315 2237 Kays„
1341 2193 1471 2236 Klotz,

144 2243 286 2277 videtur
312 2242 432 2285 codd„
466 2242 582 2287 vulg,
615 2242 662 2276 ad
695 2255 728 2286 p.
750 2247 804 2277 43,
825 2247 862 2284 4,
891 2245 944 2275 56.
960 2245 1004 2275 29
1031 2242 1118 2285 (,58.
1146 2244 1188 2275 32
1216 2251 1341 2275 omnes
1368 2240 1473 2275 codd.

146 2290 293 2332 praeter
317 2290 391 2333 pal.
418 2290 446 2324 Ρ
469 2291 671 2335 pertinet),
705 2292 758 2324 62.
788 2292 846 2331 18,
875 2292 927 2323 62.
944 2292 1004 2330 29,
1034 2291 1162 2330 71.11,
1191 2291 1320 2330 7913,
1347 2291 1402 2322 87.
1418 2290 1473 2329 28,
