1687 2533
532 79 632 116 CAP.
659 84 720 123 27,
748 82 791 114 28
819 83 837 122 ξ
865 83 1012 115 59—63.
1363 80 1445 121 541

109 176 284 218 deorum
311 176 617 218 immortalium
644 190 730 216 non
756 178 918 216 mentes
940 176 1130 217 omnium
1152 175 1447 229 permovebit?

110 234 258 276 Nolite
291 235 402 276 enim
433 235 474 275 id
506 237 656 288 putare
689 234 875 276 accidere
908 248 1044 288 posse,
1078 234 1190 289 quod
1223 235 1264 275 in
1292 233 1448 275 fabulis

113 308 238 348 saepe
275 293 428 335 videtis
468 293 576 347 fieri,
613 296 661 334 ut
700 293 800 334 deus
841 293 969 346 aliqui
1011 293 1210 346 delapsus
1250 293 1299 334 de
1332 293 1447 334 caelo

113 356 256 393 coetus
290 352 510 393 hominum
543 352 685 405 adeat,
717 354 909 392 versetur
941 352 983 392 in
1017 352 1157 404 terris,
1189 366 1283 393 cum
1316 351 1449 393 homi-

77 422 93 447 5
112 411 237 451 nibus
270 411 561 465 conloquatur.
612 409 810 465 Cogitate
837 424 970 465 genus
999 410 1162 452 sonitus
1190 411 1291 464 eius,
1324 424 1449 465 quem

113 469 379 510 Latinienses
411 470 680 523 nuntiarunt,
711 469 991 510 recordamini
1023 469 1130 510 illud
1163 469 1305 522 etiam,
1338 469 1450 523 quod
1488 504 1492 507 .

113 527 300 569 nondum
333 531 396 568 est
427 528 622 581 relatum,
655 527 766 581 quod
799 528 946 568 eodem
977 527 1065 569 fere
1091 531 1284 583 tempore
1309 527 1448 569 factus

113 587 158 626 in
190 600 293 640 agro
321 586 474 628 Piceno
502 586 723 628 Potentiae
755 587 978 627 nuntiatur
1011 589 1148 628 terrae
1180 589 1321 627 motus
1355 586 1450 627 hor-

113 645 251 686 ribilis
290 659 384 686 cum
424 645 676 699 quibusdam
715 645 919 686 monstris
959 645 1278 699 metuendisque
1311 645 1449 686 rebus,

62 715 95 739 10
114 702 230 745 Haec
269 703 415 744 eadem
447 704 654 758 profecto,
694 718 800 758 quae
832 704 1114 758 prospicimus
1146 703 1450 757 impendentia,

115 762 435 816 pertimescetis.
485 762 656 804 Etenim
688 763 793 804 haec
819 763 993 804 deorum
1021 763 1329 804 immortalium
1355 776 1449 815 vox,

114 821 217 862 haec
256 835 387 874 paene
427 822 563 862 oratio
601 821 825 862 iudicanda
864 824 945 875 est,
989 837 1083 862 cum
1124 822 1216 876 ipse
1257 821 1450 873 mundus,

116 894 211 920 cum
249 880 385 921 maria
423 882 549 933 atque
587 883 726 920 terrae
763 882 882 921 motu
924 879 1106 934 quodam
1144 894 1255 921 novo
1289 882 1451 921 contre-

116 938 300 980 miscunt
332 941 374 979 et
405 938 623 980 invisitato
652 938 812 992 aliquid
845 953 948 980 sono
979 938 1297 992 incredibilique
1330 952 1451 992 prae‘

63 1008 95 1032 15
117 996 271 1038 dieunt.
304 996 352 1038 In
374 1011 456 1051 quo
477 997 796 1038 constituendae
816 997 940 1038 nobis
957 997 1125 1051 quidem
1142 1000 1241 1038 sunt
1255 1011 1451 1050 procura-

116 1055 253 1097 tiones
286 1058 328 1096 et
359 1056 608 1109 obsecratio,
641 1070 765 1110 quem
798 1055 851 1096 ad
882 1056 1055 1098 modum
1087 1054 1319 1097 monemur.
1369 1054 1452 1096 Sed

116 1113 261 1155 faciles
305 1117 403 1155 sunt
443 1128 587 1168 preces
627 1114 740 1168 apud
779 1128 868 1166 eos,
913 1115 984 1168 qui
1022 1115 1134 1156 ultro
1174 1114 1298 1156 nobis
1337 1114 1451 1155 viam

118 1172 269 1213 salutis
310 1172 556 1226 ostendunt3
594 1177 766 1214 nostrae
804 1172 929 1214 nobis
974 1176 1073 1214 sunt
1110 1173 1221 1214 inter
1253 1187 1331 1213 nos
1363 1173 1451 1213 irae

117 1231 433 1284 discordiaeque
466 1231 708 1284 placandae.

1477 771 1520 801 63
