1619 2542
519 85 620 122 CAP.
648 89 786 121 54—56
814 88 833 127 ξ
856 88 1052 120 149—154.
1355 84 1438 126 159

93 197 170 224 vos
204 182 307 224 estis
341 185 384 224 et
415 182 557 236 ceteri,
591 182 664 237 qui
696 181 788 222 sine
820 180 1055 236 cupiditate
1087 181 1295 235 vixerunt,
1328 181 1440 236 equi-

93 244 158 282 tes
210 241 349 283 ordini
399 241 616 282 senatorio
667 240 877 295 dignitate
926 239 1163 294 proximos,
1214 240 1441 281 concordia

94 300 466 342 coniunctissimos
505 314 596 341 esse
635 300 833 354 cupiunt,
871 299 943 339 sed
973 298 1021 352 ii,
1061 298 1133 352 qui
1166 313 1257 340 sese
1290 299 1440 340 volunt

92 373 219 413 posse
264 358 408 400 01111110
449 373 585 412 neque
623 361 848 413 praeterea
887 358 1114 412 quicquam
1153 372 1244 399 esse
1283 360 1357 399 aut
1394 358 1440 399 in

57 428 74 455 5
93 418 266 459 homine
302 417 392 458 ullo
432 420 506 458 aut
546 417 591 457 in
624 416 790 471 ordine,
826 416 908 457 1100
939 431 1024 457 uno
1057 419 1175 457 metu
1207 431 1251 457 se
1284 419 1440 472 putant

94 476 257 530 equites
289 475 507 517 Romanos
545 476 591 516 in
629 477 892 530 potestatem
932 489 1053 516 suam
1091 475 1358 529 redacturos,
1403 475 1440 516 si

94 535 378 576 constitutum
411 534 479 588 sit,
510 537 559 575 ut
592 533 641 575 de
674 534 740 587 iis,
772 534 843 588 qui
875 548 965 575 rem
991 533 1231 588 iudicarint,
1262 534 1439 576 huiusce

94 593 209 635 modi
240 593 398 634 iudicia
428 593 522 634 fieri
552 593 734 647 possint.
796 591 956 633 Vident
989 593 1102 634 enim
1135 592 1440 634 auctoritatem

92 651 219 693 huius
265 652 426 694 ordinis
464 652 724 702 confirmari,
769 651 916 693 vident
954 651 1111 693 iudicia
1148 652 1438 706 comprobari,

41 722 75 747 10
92 711 173 753 hoe
217 713 335 752 metu
378 711 602 766 proposito
647 711 829 752 evellere
874 725 918 751 se
963 710 1156 751 aculeum
1198 710 1438 752 severitatis

92 772 260 811 vestrae
292 784 418 824 posse
450 769 679 811 confidunt.
724 768 828 817 Quis
856 769 968 810 enim
995 769 1044 809 de
1070 769 1244 810 homine
1272 769 1427 811 audeat
1444 780 1509 812 153

92 829 221 882 paulo
259 828 494 869 maioribus
534 828 687 883 opibus
725 827 918 882 praedito
950 842 1047 869 vere
1087 830 1129 868 et
1166 827 1340 869 fortiter
1376 828 1440 869 iu-

94 887 252 941 dicare,
290 902 386 929 cum
417 887 561 928 videat
600 887 682 928 sibi
721 887 771 928 de
804 901 871 941 eo,
910 887 1023 940 quod
1056 886 1205 928 coierit
1238 890 1312 928 aut
1345 902 1439 929 con-

95 946 286 999 senserit,
306 960 480 998 causam
501 960 592 987 0880
614 945 864 987 dicendam?
915 945 949 987 O
970 945 1085 987 viros
1105 945 1252 998 fortes,
1274 946 1438 1000 equites
1454 946 1509 988 56

42 1015 73 1042 15
93 1005 331 1058 Romanos,
370 1005 443 1059 qui
473 1005 639 1046 homini
672 1003 912 1046 clarissimo
945 1019 994 1046 00
1025 1004 1345 1059 potentissimo,
1382 1004 1438 1046 M.

93 1063 249 1118 Druso
280 1064 455 1105 tribuno
482 1064 635 1118 plebis,
666 1063 932 1117 restiterunt,
964 1078 1061 1104 011111
1086 1063 1161 1103 1110
1186 1063 1295 1104 nihil
1322 1064 1440 1105 aliud

95 1126 241 1189 ageret
273 1137 368 1163 cum
393 1123 471 1163 illa
496 1125 660 1176 cuncta,
693 1137 801 1176 quae
826 1125 920 1163 tum
947 1124 1050 1175 0101
1080 1122 1323 1175 nobilitate,
1354 1123 1439 1163 nisi

94 1186 143 1222 ut
172 1181 216 1235 ii,
248 1181 320 1235 qui
346 1196 437 1222 iem
461 1181 734 1235 iudicassent,
765 1181 942 1222 huiusce
969 1180 1086 1222 modi
1113 1180 1438 1235 quaestionibus

94 1240 138 1280 in
178 1240 380 1281 iudicium
417 1241 691 1282 vocarentur!
747 1239 858 1280 Tum
896 1238 941 1281 O.
972 1239 1148 1281 Flavius
1180 1238 1327 1293 Pusio,
1363 1239 1438 1281 Cn.

41 1309 76 1334 20
95 1298 292 1351 Titinius,
324 1297 368 1340 C.
399 1298 639 1352 Maecenas,
669 1299 744 1339 illa
775 1299 932 1340 robora
963 1299 1112 1353 populi
1142 1297 1341 1353 Romani,
1374 1313 1439 1340 ce-

93 1358 259 1411 terique
291 1357 478 1399 eiusdem
510 1357 670 1399 ordinis
696 1372 787 1398 non
811 1357 1006 1398 fecerunt
1031 1357 1157 1410 idem,
1190 1356 1303 1411 quod
1327 1372 1439 1399 nuno

96 1414 335 1466 Cluentius,
384 1418 433 1457 ut
483 1416 644 1471 aliquid
694 1416 842 1469 culpae
889 1415 1103 1469 suscipere
1150 1430 1193 1456 se
1237 1418 1439 1469 putarent

94 1474 349 1527 recusando,
398 1475 471 1515 sed
516 1475 784 1528 apertissime
830 1476 1142 1528 repugnarunt,
1192 1488 1287 1515 cum
1333 1474 1438 1515 11000

96 1535 344 1586 1οΡ111010111
369 1535 412 1573 01
436 1534 578 1587 palam
603 1533 835 1574 fortissime
862 1535 987 1586 atque
1007 1532 1306 1573 honestissime
1327 1532 1433 1573 dice-

44 1601 77 1628 25
97 1594 203 1644 rent,
229 1606 273 1632 se
305 1591 495 1646 potuisse
516 1591 670 1632 iudicio
689 1591 837 1645 populi
857 1590 1041 1632 Romani
1060 1591 1103 1631 in
1125 1591 1437 1644 amplissimum

97 1650 238 1691 locum
276 1650 514 1704 pervenire,
552 1650 588 1690 si
626 1665 702 1690 sua
740 1649 881 1690 studia
923 1649 975 1690 ad
1010 1649 1198 1690 honores
1229 1650 1435 1703 petendos

98 1708 288 1750 conferre
329 1708 578 1750 voluissent.
634 1706 734 1749 Sese
769 1708 942 1758 vidisse,
985 1708 1029 1748 in
1072 1722 1121 1749 00
1160 1708 1251 1750 vita
1298 1709 1436 1763 qualis

99 1767 300 1821 splendor
343 1767 520 1821 inesset,
565 1770 725 1821 quanta
768 1768 1036 1820 ornamenta,
1081 1781 1188 1821 quae
1227 1766 1435 1821 dignitas3

100 1840 206 1880 quae
239 1840 282 1867 se
313 1840 399 1867 non
431 1826 761 1880 contempsisse,
793 1825 866 1866 sed
898 1825 1042 1866 ordine
1074 1840 1150 1867 suo
1181 1828 1436 1880 patrumque

47 1894 82 1920 30
101 1898 274 1925 suorum
306 1887 527 1926 contentos
558 1884 690 1926 fuisse
717 1887 760 1925 et
784 1884 918 1924 vitam
943 1884 1062 1924 illam
1087 1885 1366 1938 tranquillam
1393 1887 1436 1925 et

101 1943 306 1997 quietam,
342 1946 550 1985 remotam
589 1958 613 1984 a
653 1943 852 1997 procellis
889 1943 1143 1983 invidiarum
1181 1946 1224 1983 et
1260 1942 1436 1984 huiusce

99 2001 214 2042 modi
239 2001 493 2043 iudiciorum
525 2002 645 2055 sequi
676 2001 889 2042 maluisse.
928 2001 1015 2042 Aut
1048 2001 1129 2042 sibi
1162 2001 1214 2042 ad
1240 2001 1421 2042 honores
1441 2011 1507 2043 154Ε

99 2059 304 2113 petendos
331 2063 517 2102 aetatem
536 2061 750 2115 integram
770 2060 938 2100 restitui
959 2063 1167 2114 oportere,
1193 2062 1278 2114 aut,
1306 2074 1434 2113 quon-

101 2118 187 2159 iam
233 2118 276 2159 id
320 2133 404 2159 non
449 2122 614 2173 posset,
657 2133 751 2159 eam
796 2118 1087 2160 condicionem
1130 2119 1262 2171 vitae,
1309 2132 1436 2171 quam

49 2186 82 2212 35
104 2176 237 2218 secuti
273 2177 523 2230 petitionem
554 2177 843 2231 reliquissent,
880 2191 1062 2219 manere.
1105 2176 1305 2231 Iniquum
1344 2190 1435 2217 esse

104 2249 194 2288 008,
244 2236 316 2288 qui
364 2235 575 2277 honorum
626 2239 876 2277 ornamenta
923 2238 1099 2290 propter
1147 2235 1435 2289 periculorum

103 2293 421 2335 multitudinem
460 2294 863 2348 praetermisissent,
904 2293 1051 2350 populi
1088 2293 1306 2336 beneficiis
1345 2306 1435 2335 esse
