1619 2542
517 69 798 105 ADNOTATIO
825 69 1024 106 CRITICA.
1336 71 1438 106 XVII

90 176 166 200 ‘non
190 176 257 199 nec
285 169 339 200 67.
366 167 410 198 35
436 165 509 198 tuis
535 164 701 206 aedibus,
738 163 784 202 cf.
809 176 845 210 p.
873 169 928 200 62.
956 169 975 199 2
1003 166 1128 210 (neque
1151 166 1293 210 gratiae
1318 166 1436 200 cuius-

91 213 225 257 quam),
253 215 307 246 64.
324 217 343 246 3
371 213 408 245 et
428 215 483 253 32,
511 215 565 245 67.
584 215 637 254 13,
666 215 719 246 70.
738 215 781 247 14
801 214 839 246 eb
858 216 914 252 22,
942 217 996 247 71.
1014 217 1069 255 23,
1097 217 1151 248 72.
1168 216 1198 246 5.
1223 233 1264 238 ·—
1285 212 1325 247 P.
1346 217 1401 247 61.
1417 217 1435 247 7

91 261 160 302 ius,
186 270 262 294 non
280 259 383 300 iuris,
405 257 527 292 Madv.
549 257 728 293 Fleckeis.
750 269 832 294 ann.
858 263 945 294 1856
966 272 1000 304 p.
1025 263 1102 302 122,
1123 259 1234 303 Kays.
1256 280 1300 285 —
1320 259 1359 294 P.
1381 264 1434 294 61.

93 311 136 341 25
172 306 331 352 [iudici]
361 304 472 349 Kays.
504 305 633 340 Bonus
669 307 727 340 vir
757 307 869 341 iudex
907 306 1046 340 dictum
1085 308 1126 341 ut
1162 318 1226 341 rea)
1257 308 1434 349 dominus,

94 353 193 388 Cael.
220 357 274 387 26.
302 356 345 386 63
371 353 444 387 viri
469 352 554 387 boni
578 356 693 394 testes;
721 352 765 387 cf.
791 352 876 388 infr.
903 365 938 398 p.
966 358 1044 389 237.
1075 358 1138 397 19,
1166 358 1244 389 239.
1272 358 1328 396 37,
1356 358 1434 388 306.

92 405 154 444 27,
181 403 258 434 335.
288 403 347 437 12,
373 403 452 433 473.
480 403 542 443 20,
569 403 648 434 482.
676 404 712 442 3,
741 403 819 436 509.
847 404 887 441 6,
915 405 993 435 539.
1022 405 1076 436 23.
1106 421 1150 426 —-
1176 400 1215 435 P.
1243 405 1298 436 61.
1326 404 1369 436 27
1396 403 1436 435 ¹iri

92 449 170 482 iure
202 447 302 482 civili
331 445 500 480 Kraffert.
533 457 656 490 progr.
689 446 839 482 Aurich.
868 451 957 483 1883
990 460 1024 492 p.
1060 451 1137 482 115.
1166 468 1210 473 —
1236 447 1274 482 P.
1303 452 1357 482 61.
1391 452 1434 482 35

91 496 228 535 sactum
259 493 462 540 [creatum]
494 503 513 527 e
547 493 652 528 codd.
686 495 753 537 (vel
785 499 942 529 creatum
972 494 1051 529 rell.
1084 496 1234 539 praeter
1257 494 1302 539 T)
1329 494 1434 538 Bait,

92 541 204 585 Kays.
226 562 269 566 —
291 540 343 575 Ib.
365 541 464 575 crede
489 544 555 574 aut
573 552 618 574 ne
637 542 737 576 crede
755 540 875 576 Klotz.
893 563 935 567 --
952 541 991 578 P.
1013 546 1068 577 61.
1090 546 1133 577 36
1161 542 1287 577 Statue
1311 542 1432 577 Madv.

92 587 276 623 Fleckeis.
304 599 387 623 ann.
417 591 505 622 1856
531 600 566 632 p.
596 591 672 630 123,
699 588 821 632 Kays„
847 588 979 632 Klotz,
1005 600 1041 624 se
1066 594 1104 623 at
1129 601 1173 624 ue
1199 588 1277 623 cod.
1299 589 1338 632 Τ,
1366 601 1435 624 esse

91 635 182 678 rell,
211 645 281 670 om.
303 635 404 680 vulg.
426 655 470 660 —
490 634 529 668 P.
552 638 605 669 62.
630 639 671 669 10
701 635 798 679 Quid
817 635 938 671 Madv.
959 636 982 671 1.
1003 636 1039 679 1.,
1063 635 1188 680 Kays„
1215 636 1322 680 qnasi
1347 647 1433 671 vero

91 682 181 726 quid
213 682 262 716 sit
293 681 349 716 ius
384 681 492 716 civile
525 681 757 715 describatur
783 693 825 716 ac
849 695 924 717 non
949 683 1058 727 quale
1085 684 1143 718 sit.
1171 704 1214 709 —
1240 683 1280 717 P.
1308 687 1363 718 62.
1393 688 1433 717 15

92 733 293 774 acceptum
306 728 429 764 Madv.
451 728 549 773 apud
569 728 771 764 Francken.
792 740 829 774 p.
849 734 928 773 272,
955 730 1047 765 Adv.
1063 730 1115 764 111
1133 742 1168 774 p.
1187 734 1263 773 124,
1285 730 1356 764 del.
1370 735 1435 765 aut

91 788 124 810 v.
147 781 207 819 14,
241 780 470 820 accepturum
496 775 600 810 codd.
628 777 666 810 eb
691 775 791 819 edd.,
819 778 861 810 ub
886 790 919 820 p.
949 782 1003 812 60.
1025 782 1068 811 35
1095 781 1183 822 (non
1209 781 1267 821 34)
1295 778 1434 812 iudica-

91 827 214 858 turum
239 822 277 858 T.
301 843 344 848 —
364 822 404 859 P.
426 826 480 857 62.
505 826 546 856 18
571 834 662 866 quae
686 824 728 857 iri
752 835 865 858 manu
884 823 1008 858 Madv.
1028 824 1090 867 ib,
1118 836 1208 868 quae
1227 825 1328 859 mina
1353 824 1433 859 cod.

90 870 129 914 Τ,
157 882 246 915 quae
271 881 350 905 cum
376 871 498 904 omnia
522 869 602 904 rell.
631 869 755 914 codd„
783 882 1021 916 quaecumque
1046 871 1183 913 Lamb.,
1210 871 1318 914 Bait,
1345 883 1436 916 quae

87 919 314 962 patrimonia
332 916 454 961 Kays,
474 928 565 961 quae
584 918 745 952 dominia
766 917 903 959 Klotz,
926 918 970 952 cf.
991 930 1025 962 p.
1047 923 1125 953 300.
1148 923 1202 953 35.
1224 939 1267 943 ——
1288 918 1340 953 lb.
1361 920 1435 953 siret

91 964 210 1008 codd„
223 969 310 999 sunt
319 964 492 998 lVesenb.
505 965 600 998 auct.
612 963 720 1008 Bait„
734 963 858 1008 Kays„
873 964 1010 1006 Klotz.;
1027 965 1119 1010 adp.
1133 970 1187 1000 39.
1203 970 1256 1000 15.
1269 986 1312 991 —
1324 966 1364 1001 P.
1379 970 1433 1000 62.

94 1016 136 1046 19
149 1023 286 1056 parum
305 1015 354 1046 est
372 1023 491 1046 comm.
506 1013 564 1046 ius
584 1013 649 1046 civ.
665 1010 735 1055 Or.,
756 1011 941 1055 Wesenb.,
961 1012 1097 1056 Madv„
1114 1014 1295 1056 parietum
1313 1024 1432 1047 comm.

91 1060 150 1094 ius
172 1061 204 1094 si
222 1060 288 1094 civ.
308 1058 426 1102 codd„
447 1070 583 1103 parum
603 1069 723 1093 comm.
743 1059 802 1093 ius
821 1063 870 1094 est
889 1061 953 1095 civ.
974 1059 1156 1103 Momm„
1176 1059 1284 1101 Bait„
1310 1059 1432 1103 Kays„

89 1117 222 1150 parum
253 1110 302 1140 est
331 1117 451 1141 comm.
484 1107 562 1149 ius,
594 1107 627 1140 si
657 1107 758 1140 civili
782 1105 900 1141 Klotz.
934 1127 977 1132 —-
1010 1106 1050 1141 P.
1078 1111 1132 1141 62.
1159 1111 1203 1141 29
1235 1108 1284 1141 sit
1316 1107 1433 1149 codd,

93 1157 142 1188 est
168 1152 274 1196 Bait,
300 1152 423 1197 Kays.,
449 1152 586 1194 Klotz.;
614 1152 661 1187 ad
683 1164 720 1197 p.
747 1157 803 1187 39.
831 1157 884 1196 15,
914 1158 990 1189 174.
1014 1158 1043 1188 7.
1064 1174 1111 1179 —-
1129 1153 1168 1187 P.
1196 1158 1250 1188 63.
1267 1157 1286 1187 2
1313 1155 1433 1189 dimit-

92 1204 200 1235 tetur
225 1199 343 1242 codd,
368 1199 489 1244 Kays.,
516 1199 647 1244 Klotz,
674 1201 870 1235 dimittitur
891 1200 1005 1245 ‘vulg
1032 1201 1119 1235 inde
1141 1201 1187 1234 ab
1207 1203 1290 1234 Asc.
1316 1202 1432 1243 1511',

92 1247 189 1282 Bait.
222 1246 311 1282 Cum
330 1246 432 1291 alibi,
452 1248 532 1281 tum
551 1247 636 1291 post
653 1249 893 1292 praeceptum
915 1249 1072 1291 (debetis)
1093 1248 1256 1282 futurum
1277 1248 1434 1282 eandem

91 1294 168 1328 vim
198 1293 314 1328 habet
345 1305 454 1338 quam
486 1294 585 1338 apud
615 1305 682 1328 nos
709 1295 892 1329 coniunct.
918 1294 1080 1339 imperf,
1114 1295 1162 1329 ad
1186 1294 1231 1329 N.
1258 1294 1299 1329 D.
1327 1307 1360 1339 p.
1382 1293 1434 1329 ‘54

92 1344 153 1384 21,
191 1340 298 1386 Seyff.
324 1340 424 1376 Lael.
450 1353 484 1385 p.
512 1345 582 1375 454
613 1353 684 1385 sq.,
720 1340 787 1376 Off.
814 1341 865 1375 III
892 1347 923 1376 6.
951 1346 994 1376 26
1022 1353 1077 1377 cX.
1105 1342 1161 1377 ed.
1191 1345 1298 1383 1882;
1327 1341 1371 1376 cf.
1398 1354 1432 1386 p.

94 1391 149 1422 80.
171 1392 225 1431 16,
253 1392 333 1423 470.
355 1393 410 1432 27,
432 1392 511 1423 519.
533 1392 588 1423 22.
610 1408 654 1413 —
673 1387 711 1423 P.
733 1393 788 1423 63.
810 1393 828 1423 7
856 1393 995 1423 constat
1013 1389 1093 1424 cod.
1114 1389 1154 1431 Τ,
1173 1388 1282 1431 Bait,
1301 1388 1431 1431 Klotz„

94 1439 224 1469 constet
247 1435 327 1470 rell.
355 1435 476 1478 codd„
503 1435 630 1479 Kays.;
663 1436 708 1469 ad
736 1448 770 1480 p.
799 1439 853 1470 81.
878 1440 937 1478 17,
967 1440 1044 1470 104.
1068 1441 1128 1478 17,
1157 1440 1233 1469 144.
1256 1440 1316 1477 36,
1355 1439 1432 1470 189.

94 1486 150 1524 21,
176 1485 255 1516 201.
276 1485 331 1524 28,
359 1486 437 1517 228.
466 1487 508 1516 13
536 1481 658 1526 (codd.
678 1483 751 1526 sit),
777 1486 855 1517 230.
881 1486 922 1515 13
949 1484 986 1516 et
1012 1486 1067 1525 29,
1094 1486 1173 1516 410.
1194 1486 1249 1524 21,
1277 1486 1356 1517 471.
1379 1487 1432 1517 11.

94 1528 147 1562 De
168 1527 351 1563 coniuncta.
373 1530 464 1563 orata.
485 1528 594 1572 pend.
616 1528 663 1562 ad
680 1540 716 1572 p.
738 1532 793 1563 39.
817 1533 869 1562 15.
887 1549 929 1553 —
944 1528 982 1563 P.
1006 1534 1060 1563 63.
1085 1534 1125 1562 11
1147 1530 1433 1564 revocabuntur

94 1574 207 1619 vulg.,
234 1579 449 1610 revocantur
476 1575 592 1618 codd,
619 1575 738 1609 Klotz.
766 1574 878 1609 Codd.
906 1575 1046 1609 habent
1069 1587 1103 1610 V.
1131 1580 1150 1610 9
1177 1577 1432 1619 restitueretur,

93 1635 127 1657 v,
156 1626 198 1656 12
224 1623 497 1656 constitueretur
523 1625 560 1656 et
579 1622 833 1665 praescribere.
860 1642 903 1647 -—
930 1622 968 1656 P.
997 1627 1051 1657 63.
1081 1627 1121 1657 17
1150 1624 1256 1658 Iuris
1280 1624 1312 1657 si
1337 1623 1430 1657 Bait.

92 1681 128 1713 p.
157 1673 264 1712 1439,
298 1668 436 1711 Klotz,
470 1672 510 1703 tu
534 1679 590 1703 res
615 1670 647 1703 si
673 1667 794 1712 codd.‚
831 1669 1082 1709 Iurz'sllladv.
1111 1671 1206 1704 auct.
1233 1669 1348 1712 Bait,
1374 1672 1433 1705 sin

93 1717 187 1750 iuris
212 1715 322 1759 Kays.
350 1736 394 1740 ——
421 1716 460 1750 P.
488 1719 542 1750 63.
570 1719 613 1749 23
639 1716 780 1759 intorq.
807 1714 886 1751 cod.
912 1715 956 1758 T,
983 1716 1079 1751 Bait.
1106 1729 1140 1761 p.
1170 1720 1281 1760 1439,
1308 1716 1431 1761 Kays,

94 1762 232 1805 Klotz,
259 1767 347 1807 torq.
374 1762 474 1806 vulg.
502 1782 545 1787 -
572 1762 610 1797 P.
639 1766 693 1796 63.
720 1766 765 1796 24
791 1773 843 1806 sq.
870 1767 975 1798 utrae
999 1774 1098 1798 voces
1123 1784 1167 1789 —
1192 1765 1387 1798 videantur
1414 1775 1433 1798 e

96 1809 174 1845 cod.
200 1809 230 1843 T
254 1809 351 1844 Bait.
378 1821 413 1853 p.
444 1813 549 1852 1439,
581 1808 710 1852 Kays.,
743 1808 880 1853 Klotz,
914 1814 946 1845 et
976 1811 1119 1845 viliores
1145 1822 1215 1846 esse
1240 1812 1433 1845 rideantur

93 1856 173 1891 rell.
201 1856 324 1899 codd,
353 1867 435 1890 cum
461 1866 566 1890 cruce
591 1855 688 1891 Bait.
715 1877 757 1881 —
784 1855 824 1891 P.
851 1861 906 1891 63.
933 1861 977 1891 33
1002 1857 1089 1892 Non
1114 1857 1293 1902 Naugelz,
1320 1858 1431 1902 vulg,

94 1904 170 1938 Nee
188 1903 451 1945 Klotzioauct.
466 1903 615 1946 invitus,
636 1905 677 1937 ub
696 1902 851 1947 videtur,
871 1903 994 1948 Kays.,
1015 1915 1085 1939 om.
1102 1904 1238 1947 Klotz,
1259 1904 1307 1938 ad
1326 1917 1360 1949 p.
1376 1909 1431 1939 33.

94 1954 150 1985 26.
179 1950 293 1985 Cuius
311 1955 404 1985 auct.
425 1952 508 1986 diet.
529 1954 578 1985 est
598 1951 642 1985 ab
662 1951 728 1984 illa
747 1961 858 1986 causa
877 1953 1020 1987 concedi
1039 1956 1260 1996 oportere,
1279 1953 1433 1986 nimium

94 2008 168 2032 ‘nori
192 2000 362 2041 oportere,
386 2009 460 2032 raon
484 2008 604 2033 vereor
627 1996 829 2033 Francken.
855 2009 889 2042 p.
916 2002 995 2033 267.
1023 2020 1064 2024 —
1093 1998 1132 2034 P.
1160 2003 1215 2033 64.
1243 2003 1262 2033 3
1285 2010 1432 2042 promp-

96 2048 170 2079 tam
205 2046 470 2089 expositamque
494 2056 579 2089 pop.
611 2044 656 2080 R.
693 2055 711 2078 e
744 2044 823 2079 cod.
849 2044 878 2078 T
902 2044 1022 2079 Klotz.
1055 2045 1118 2090 (ad
1142 2058 1177 2090 p.
1205 2049 1258 2079 61.
1286 2048 1339 2089 2),
1372 2057 1431 2080 ex-

91 2092 319 2135 peditamque
342 2090 545 2127 Francken.
578 2103 611 2135 p.
640 2095 719 2126 267.
745 2112 790 2116 —
814 2091 853 2126 P.
882 2096 936 2126 64.
963 2096 985 2126 4
1011 2104 1089 2136 sqq.
1114 2094 1338 2135 praebuerit,
1371 2094 1433 2136 qui

95 2138 150 2172 ita
185 2139 302 2173 iustus
334 2140 394 2173 sit
419 2159 462 2164 —
487 2140 548 2173 sit
582 2139 701 2182 inqen.
736 2140 782 2182 (v.
814 2141 850 2182 8)
876 2138 998 2174 Madv.
1024 2139 1202 2173 Fleckeis.
1231 2150 1314 2173 ann.
1343 2143 1432 2174 1856

96 2195 128 2228 p.
164 2188 246 2228 123,
279 2184 388 2230 Kays.
438 2185 696 2220 Inconstantiam
726 2184 917 2220 modorum
949 2185 1066 2220 multo
1098 2187 1219 2220 minus
1251 2185 1431 2220 notabilis

95 2241 208 2274 quam
235 2243 270 2275 p.
298 2236 353 2267 35.
382 2236 434 2267 16.
462 2253 507 2258 —-
532 2233 570 2267 P.
598 2236 653 2267 64.
681 2236 701 2267 8
732 2235 807 2267 tam
838 2234 1053 2277 incorrupta
1084 2244 1168 2275 sen,
1201 2237 1242 2267 vt
1273 2234 1317 2268 ab
1353 2234 1433 2267 uita

96 2280 201 2320 (corr.
221 2279 330 2324 irrita)
358 2279 436 2314 cod.
457 2279 496 2314 T.
518 2280 553 2324 (i.
575 2289 604 2315 e.
625 2279 710 2314 fort.
731 2291 774 2315 ac
797 2282 928 2324 tanta),
956 2282 1010 2315 ita
1024 2285 1194 2325 prompta
1214 2279 1292 2314 rell.
1315 2279 1430 2323 codd,

167 2354 236 2380 Clo.
255 2355 294 2380 11.
313 2356 336 2381 2.
1123 2350 1146 2384 b
