1619 2542
92 321 134 352 66

94 1199 137 1230 67

99 2107 155 2148 26

100 2158 142 2189 68

161 96 246 137 212
465 95 527 129 DE
557 93 680 129 LEGE
706 93 922 129 AGRARIA
947 92 1127 129 ORATIO
1154 93 1198 129 ΙΙ.

160 191 582 247 quaestuosissimam
609 205 657 232 ac
683 190 977 244 turpissimam
1003 192 1289 231 mercaturam
1309 189 1493 231 alienam

161 251 324 292 actione
364 249 611 301 tribunicia,
657 249 838 290 alienam
878 248 1088 303 dignitate
1126 248 1274 303 populi
1310 247 1494 289 Romani

163 323 329 364 semper
366 309 525 363 putavi.
593 307 717 348 Iubet
760 321 888 362 agros
927 307 1021 348 emi.
1088 306 1280 348 Primum
1325 320 1494 361 quaero,

162 382 268 422 quos
307 381 434 422 agros
473 369 516 408 et
554 366 706 420 quibus
744 366 789 406 in
826 365 943 407 locis.
1009 364 1123 407 Nolo
1163 379 1414 420 suspensam
1451 367 1494 406 et

159 427 366 468 incertam
402 426 570 479 plebem
601 425 840 466 Romanam
879 424 1060 466 obscura
1092 438 1166 478 spe
1198 427 1241 465 et
1271 438 1396 465 caeca
1427 438 1493 465 ex-

162 484 423 539 spectatione
462 483 654 538 pendere.
704 483 899 524 Albanus
938 497 1040 538 ager
1072 485 1154 537 est,
1193 481 1375 536 Setinus,
1407 481 1495 523 Pri-

161 558 330 598 vernas,
386 542 632 595 Fundanus,
682 541 907 596 Vescinus,
962 541 1189 595 Falernus,
1238 540 1495 595 Literninus,

162 601 389 655 Cumanus,
423 599 647 642 Casilinas.
711 600 862 650 Audio.
912 600 980 641 Ab
1014 600 1100 641 alia
1131 602 1257 655 porta
1289 598 1495 654 Capenas,

161 660 365 714 Faliscus,
392 658 574 701 Sabinus
595 673 709 715 ager,
729 659 947 713 Reatinus,
967 658 1248 712 Venafranus,
1267 657 1496 712 Allifanus,

161 719 442 760 Trebulanus.
485 717 630 759 Habes
657 720 825 759 tantam
846 718 1078 771 pecuniam,
1104 732 1188 772 qua
1207 717 1335 759 hosce
1357 716 1494 758 omnis

162 792 287 833 agros
314 780 357 818 et
383 779 545 819 ceteros
572 777 724 818 horum
746 776 898 817 similis
918 791 1005 818 non
1025 776 1151 818 modo
1172 790 1322 830 emere,
1349 790 1496 817 verum

162 837 292 878 etiam
335 850 585 877 coacervare
627 835 785 889 possis3
825 850 899 877 cur
942 850 1013 877 eos
1051 849 1136 876 non
1174 834 1323 875 definis
1361 848 1497 888 neque

162 895 375 948 nominas,
406 897 455 935 ut
486 894 639 935 saltem
673 894 907 935 deliberare
940 894 1086 949 plebes
1118 893 1314 935 Romana
1345 893 1496 947 possit,

163 954 263 1008 quid
282 953 453 994 intersit
473 967 561 1006 sua,
581 952 682 1006 quid
702 953 910 1006 expediat,
931 957 1139 1007 quantum
1153 952 1234 993 tibi
1249 952 1293 992 in
1309 951 1497 993 emendis

163 1015 205 1053 et
236 1014 281 1053 in
306 1011 535 1053 vendendis
561 1012 686 1052 rebus
714 1011 1064 1052 committendum
1090 1010 1241 1065 putet?
1287 1009 1498 1064 ‘Definio',

162 1071 313 1124 inquit,
339 1068 554 1111 ‘Italiam’.
597 1069 711 1110 satis
737 1072 854 1110 certa
879 1070 1009 1123 regio.
1052 1069 1225 1111 Etenim
1245 1069 1499 1123 quantulum

162 1131 360 1182 interest,
401 1130 544 1169 utrum
579 1127 624 1168 in
661 1127 835 1169 Massici
872 1128 1052 1180 radices,
1090 1143 1145 1169 an
1182 1128 1226 1168 in
1262 1128 1289 1178 ἦ·
1326 1127 1498 1169 Italiam

164 1187 300 1229 aliove
344 1186 638 1228 deducamini?
700 1185 813 1242 Age,
856 1201 942 1227 non
979 1186 1128 1227 definis
1166 1186 1326 1239 locum,
1370 1185 1498 1241 quid?

163 1248 363 1288 naturam
403 1245 523 1299 agri?
575 1243 734 1298 ‘Vero',
772 1245 920 1299 inquit,
953 1244 1047 1294 ‘QUI
1086 1256 1224 1285 ARARI
1262 1256 1351 1286 AUT
1391 1255 1500 1286 COLI

163 1303 346 1347 POSSIT'.
394 1302 490 1352 ‘Qui
521 1303 659 1358 possit
691 1303 831 1356 arari’,
863 1303 1019 1357 inquit,
1047 1302 1136 1344 ‘aut
1168 1302 1278 1356 coli’,
1309 1317 1395 1344 non
1427 1302 1499 1356 qui

164 1366 309 1405 aratus
343 1365 416 1404 aut
448 1362 588 1403 cultus
621 1362 688 1403 sit.
746 1362 901 1403 Utrum
933 1362 1036 1402 haec
1069 1362 1137 1403 lex
1169 1365 1234 1403 est
1266 1376 1319 1402 an
1350 1361 1501 1402 tabula

163 1421 422 1462 Veratianae
466 1420 705 1462 auctionis?
750 1421 795 1461 in
833 1435 915 1475 qua
952 1420 1159 1474 scriptum
1195 1419 1326 1461 fuisse
1365 1419 1499 1461 aiunt:

166 1480 357 1522 ‘IUGERA
379 1491 445 1531 CC,
465 1491 513 1520 IN
534 1489 700 1528 Qmssus
722 1490 957 1521 OLIVETUM
977 1490 1100 1520 FIERI
1120 1490 1310 1532 POTEST,
1331 1489 1501 1520 IUGERA

166 1550 267 1593 CCC,
308 1550 385 1580 UBI
424 1549 623 1580 INSTITUI
663 1550 833 1579 VINEAE
873 1537 1105 1579 POSSUNT'.
1166 1536 1260 1579 Hoc
1296 1540 1345 1578 tu
1387 1551 1500 1578 emes

165 1598 251 1638 ista
275 1597 578 1638 innumerabili
609 1597 799 1650 pecunia,
832 1596 943 1650 quod
976 1597 1088 1637 arari
1120 1599 1194 1637 aut
1225 1596 1308 1637 coli
1333 1595 1501 1649 possit?
1521 1607 1536 1631 ‘2

166 1654 287 1703 Quod
325 1655 463 1696 solum
501 1657 591 1696 tam
630 1655 738 1696 exile
776 1658 819 1696 et
856 1669 1046 1696 macrum
1085 1658 1166 1709 est,
1206 1654 1318 1708 quod
1356 1656 1500 1695 aratro

166 1713 399 1768 perstringi
449 1727 533 1754 non
583 1713 738 1767 possit,
789 1716 862 1754 aut
907 1714 1018 1767 quod
1062 1716 1127 1754 est
1169 1715 1259 1754 tam
1304 1726 1501 1766 asperum

168 1773 379 1824 saxetum,
422 1771 466 1811 in
511 1786 593 1825 quo
639 1772 925 1827 agricolarum
970 1772 1108 1813 cultus
1151 1786 1238 1812 non
1281 1770 1500 1811 elaboret?

168 1828 374 1883 ‘Idcirco’,
416 1830 571 1884 inquit,
609 1829 750 1884 ‘agros
789 1830 1010 1872 nominare
1047 1844 1133 1871 non
1171 1843 1363 1884 possum,
1402 1829 1502 1883 quia

168 1890 345 1942 tangam
376 1888 542 1928 nullum
575 1888 627 1929 ab
660 1888 824 1930 invito'.
885 1887 995 1942 Hoc,
1028 1887 1233 1940 Quirites,
1265 1887 1401 1928 multo
1435 1889 1500 1928 est

169 1946 477 2000 quaestuosius,
504 1960 632 2000 quam
658 1947 693 1988 si
720 1947 772 1988 ab
800 1947 934 1988 invito
962 1949 1163 1999 sumeret,
1189 1945 1368 1987 inibitur
1389 1945 1502 1987 enim

168 2004 277 2046 ratio
312 2006 511 2058 quaestus
546 2005 595 2046 de
621 2007 764 2046 vestra
788 2005 977 2060 pecunia,
1009 2007 1051 2045 et
1077 1979 1169 2045 tuni
1195 2004 1375 2058 denique
1401 2018 1502 2060 ager

169 2065 348 2116 emetui,
380 2077 475 2103 cum
507 2062 619 2104 idem
652 2064 845 2118 expediet
877 2063 1059 2128 emptori
1091 2065 1132 2104 et
1163 2062 1385 2104 vendit01i.

259 2120 341 2162 Sed
372 2120 509 2162 videte
542 2121 628 2161 vim
659 2121 767 2176 legis
801 2121 1004 2177 agrariae.
1061 2119 1126 2162 Ne
1159 2121 1196 2162 ei
1223 2121 1403 2175 quidem,
1429 2121 1502 2175 qui

170 2194 297 2235 agros
329 2179 522 2234 publicos
549 2180 781 2234 possident,
806 2179 1009 2221 decedent
1033 2179 1083 2220 de
1109 2180 1389 2233 possessione,
1419 2180 1502 2221 nisi

171 2240 295 2278 erunt
332 2237 500 2278 deducti
539 2238 702 2291 optima
740 2238 983 2279 condicione
1022 2240 1064 2279 et
1096 2238 1274 2291 pecunia
1306 2238 1500 2280 maxima.

171 2295 385 2338 Conversa
428 2296 551 2336 ratio.
620 2296 776 2351 Antea,
821 2311 916 2338 cum
962 2299 1054 2337 erat
1095 2311 1120 2337 a
1159 2297 1331 2338 tribuno
1363 2296 1502 2352 plebis

1516 727 1549 752 10

1518 1020 1551 1046 15

1519 1314 1553 1338 20

1520 1898 1554 1923 30

1521 2189 1555 2215 35
