1619 2542
472 572 533 621 M.
573 573 760 620 TULLI
799 574 1126 622 CICERONIS

331 682 477 737 PRO
520 682 577 737 L.
622 683 935 738 MURENA
979 684 1272 740 ORATIO.

601 903 992 943 ARGUMENTUM.

227 979 394 1015 Comitiis
425 990 509 1015 cons
513 979 694 1023 ularibus⁷
726 991 819 1024 quae
850 980 897 1015 M.
926 980 1052 1016 Cicero
1086 992 1181 1016 anno
1213 994 1248 1026 p.
1283 995 1317 1016 u.
1345 994 1375 1017 c.
1403 986 1469 1018 691

132 1026 279 1071 habuit,
310 1027 353 1062 D.
380 1027 504 1061 Iunius
536 1026 682 1061 Silanus
714 1029 753 1062 et
783 1027 821 1062 L.
849 1027 1011 1062 Licinius
1044 1029 1198 1063 Murena
1228 1028 1321 1063 facti
1352 1031 1470 1073 erant,

132 1084 196 1119 rpe
200 1073 317 1109 ulsam
354 1073 518 1108 tulerant
554 1073 591 1107 L.
626 1073 776 1119 Sergius
815 1074 978 1110 Catilina
1015 1077 1053 1110 et
1092 1075 1239 1111 Servius
1275 1075 1470 1121 Sulpicius,

134 1132 288 1173 quorum
316 1120 477 1156 Catilina
507 1120 541 1155 vi
575 1122 687 1165 atque
693 1102 830 1156 z”caede
862 1121 1065 1156 vindictam
1097 1122 1143 1157 de
1177 1123 1298 1167 patria
1329 1134 1471 1158 sumeie

133 1167 276 1211 statuit,
303 1167 486 1212 Sulpicius
511 1167 589 1202 iure
616 1168 805 1203 consultus
830 1168 907 1203 iure
933 1170 1058 1213 potius
1085 1179 1128 1203 ac
1153 1169 1299 1222 legibus
1326 1181 1472 1222 compe-

132 1216 298 1259 titorem,
333 1214 395 1259 qui
426 1215 584 1258 vicen-‚at
617 1214 745 1250 ulcisci
777 1215 906 1251 voluit.
956 1215 1023 1250 Ille
1056 1216 1171 1261 igitur
1203 1216 1242 1250 in
1268 1217 1471 1262 perniciem

134 1273 237 1297 suam
273 1262 364 1305 ruit,
403 1261 587 1307 Sulpicius
620 1262 658 1296 L.
686 1262 876 1296 Murenam
913 1262 958 1297 de
991 1262 1135 1297 ambitu
1167 1265 1356 1298 accusavit
1388 1264 1472 1299 sub-

134 1309 373 1354 scriptoribus
399 1309 446 1343 M.
469 1274 629 1351 lCatone,
662 1306 724 1343 Cn.
752 1309 958 1351 Postumio,
993 1309 1120 1344 Servio
1148 1309 1312 1354 Sulpicio
1346 1310 1471 1345 adule-

135 1358 268 1390 scente.
326 1355 420 1391 Acta
450 1366 562 1390 causa
592 1357 650 1390 est
681 1366 808 1390 mense
841 1355 1043 1390 Novembri
1075 1357 1161 1390 anni
1193 1368 1228 1400 p.
1261 1368 1295 1391 u.
1329 1368 1358 1391 c.
1392 1361 1471 1401 691,

135 1414 215 1437 cum
243 1402 403 1437 Catilina
421 1402 557 1437 bellum
583 1403 656 1437 iam
684 1403 838 1446 ger-met.
880 1402 1055 1437 Defendit
1074 1403 1264 1437 Murenam
1290 1414 1363 1438 una
1388 1415 1471 1438 cum

136 1449 177 1491 Q.
196 1448 393 1484 Hortensio
420 1450 458 1483 et
482 1450 528 1483 M.
551 1448 680 1483 Crasso
706 1449 753 1482 M.
770 1449 907 1491 Cicero,
933 1450 995 1492 qui
1021 1449 1235 1484 admirabili
1260 1450 1472 1485 urbanitate

134 1497 297 1530 extremo
323 1496 404 1530 loco
432 1496 525 1529 dixit
549 1506 591 1530 ac
617 1496 815 1540 peroravit.
852 1495 891 1530 1..
914 1494 1068 1530 Murena
1093 1496 1290 1531 absolutus
1317 1498 1355 1532 et
1375 1507 1472 1532 anno

136 1544 221 1588 post
248 1543 373 1577 consul
401 1542 520 1577 factus
548 1544 611 1577 est.

225 1731 346 1781 Quod
389 1733 587 1785 precatus
625 1746 650 1772 a
687 1731 751 1772 dis
789 1732 1107 1773 immortalibus
1146 1746 1258 1786 sum,
1301 1733 1474 1786 iudices,

137 1805 255 1832 more
296 1789 580 1844 institutoque
626 1790 831 1831 maiorum
873 1791 948 1832 illo
993 1790 1076 1844 die,
1121 1805 1204 1845 quo
1249 1792 1472 1845 auspicato

139 1848 320 1890 comitiis
354 1849 603 1890 centuriatis
636 1848 679 1889 L.
712 1847 935 1889 Murenam
967 1849 1186 1890 consulem
1219 1850 1474 1904 renuntiavi,

138 1910 186 1947 ut
216 1921 266 1948 ea
297 1921 362 1948 res
396 1907 512 1960 mihi,
544 1907 639 1948 fidei
673 1907 1031 1962 magistratuique
1063 1922 1172 1962 meo,
1204 1908 1361 1962 populo
1389 1909 1474 1961 ple-

103 1964 266 2019 5bique
308 1964 526 2006 Romanae
570 1966 676 2006 bene
720 1968 849 2019 atque
892 1965 1072 2007 feliciter
1115 1967 1319 2019 eveniret,
1362 1966 1473 2007 idem

139 2037 287 2077 precor
314 2023 367 2064 ab
395 2024 528 2065 isdem
555 2023 618 2065 dis
645 2024 962 2065 immortalibus
989 2025 1044 2066 ob
1072 2025 1259 2066 eiusdem
1285 2024 1472 2066 hominis

141 2081 410 2122 consulatum
444 2096 525 2123 una
557 2097 652 2124 cum
680 2083 816 2123 salute
843 2082 1131 2135 obtinendum,
1164 2086 1207 2124 et
1233 2085 1281 2124 ut
1306 2085 1473 2124 vestrae
1534 2118 1536 2120 ,

141 2141 304 2180 mentes
349 2143 477 2194 atque
518 2141 753 2182 sententiae
790 2155 886 2182 cum
922 2142 1072 2196 populi
1108 2141 1290 2183 Romani
1328 2142 1474 2182 volun-

141 2197 301 2238 tatibus
340 2199 637 2254 suffragiisque
676 2200 945 2240 consentiant
984 2215 1114 2255 eaque
1147 2214 1214 2241 res
1247 2198 1368 2240 vobis
1400 2213 1473 2253 po-

88 2266 122 2292 10
139 2256 326 2310 puloque
358 2255 551 2299 Romano
589 2272 756 2311 pacem,
793 2258 1168 2312 tranquillitatem,
1206 2258 1339 2299 otium
1376 2272 1474 2299 con-
