<?xml version="1.0" encoding="UTF-8"?>
<!DOCTYPE html PUBLIC "-//W3C//DTD XHTML 1.0 Transitional//EN"
    "http://www.w3.org/TR/xhtml1/DTD/xhtml1-transitional.dtd">
<html xmlns="http://www.w3.org/1999/xhtml" xml:lang="en" lang="en">
 <head>
  <title>
</title>
<meta http-equiv="Content-Type" content="text/html;charset=utf-8" />
  <meta name='ocr-system' content='tesseract 3.04.00' />
  <meta name='ocr-capabilities' content='ocr_page ocr_carea ocr_par ocr_line ocrx_word'/>
</head>
<body>
  <div class='ocr_page' id='page_1' title='image "./p2scriptaquaemanse02ciceuoft_0555.png"; bbox 0 0 1687 2533; ppageno 0'>
   <div class='ocr_carea' id='block_1_1' title="bbox 526 101 1444 147">
    <p class='ocr_par' dir='ltr' id='par_1_1' title="bbox 526 101 1444 147">
     <span class='ocr_line' id='line_1_1' title="bbox 526 101 1444 147; baseline 0.013 -11"><span class='ocrx_word' id='word_1_1' title='bbox 526 101 627 137; x_wconf 84' lang='lat' dir='ltr'><strong>CAP.</strong></span> <span class='ocrx_word' id='word_1_2' title='bbox 656 107 793 138; x_wconf 84' lang='lat'>14—16</span> <span class='ocrx_word' id='word_1_3' title='bbox 819 107 838 146; x_wconf 60' lang='grc' dir='ltr'>ξ</span> <span class='ocrx_word' id='word_1_4' title='bbox 864 107 1013 138; x_wconf 82' lang='grc'><strong>33-38.</strong></span> <span class='ocrx_word' id='word_1_5' title='bbox 1357 106 1444 147; x_wconf 87' lang='lat'>403</span> 
     </span>
    </p>
   </div>
   <div class='ocr_carea' id='block_1_2' title="bbox 47 197 1515 2369">
    <p class='ocr_par' dir='ltr' id='par_1_2' title="bbox 47 197 1515 2369">
     <span class='ocr_line' id='line_1_2' title="bbox 102 197 1444 256; baseline 0.004 -17"><span class='ocrx_word' id='word_1_6' title='bbox 102 211 234 254; x_wconf 86' lang='lat' dir='ltr'>gnare</span> <span class='ocrx_word' id='word_1_7' title='bbox 266 197 384 239; x_wconf 83' lang='lat' dir='ltr'>dixit.</span> <span class='ocrx_word' id='word_1_8' title='bbox 439 197 504 240; x_wconf 89' lang='lat' dir='ltr'>Tu</span> <span class='ocrx_word' id='word_1_9' title='bbox 537 213 636 240; x_wconf 90' lang='lat' dir='ltr'>vero</span> <span class='ocrx_word' id='word_1_10' title='bbox 667 199 749 240; x_wconf 89' lang='lat' dir='ltr'>tibi</span> <span class='ocrx_word' id='word_1_11' title='bbox 779 199 938 241; x_wconf 90' lang='lat' dir='ltr'>habeto</span> <span class='ocrx_word' id='word_1_12' title='bbox 971 199 1102 242; x_wconf 88' lang='lat' dir='ltr'>istam</span> <span class='ocrx_word' id='word_1_13' title='bbox 1134 201 1444 256; x_wconf 80' lang='lat' dir='ltr'>laudationem3</span> 
     </span>
     <span class='ocr_line' id='line_1_3' title="bbox 100 256 1447 302; baseline 0.004 -4"><span class='ocrx_word' id='word_1_14' title='bbox 100 272 177 298; x_wconf 89' lang='lat' dir='ltr'>nec</span> <span class='ocrx_word' id='word_1_15' title='bbox 227 257 342 298; x_wconf 86' lang='lat' dir='ltr'>enim</span> <span class='ocrx_word' id='word_1_16' title='bbox 391 256 727 299; x_wconf 82' lang='lat' dir='ltr'><strong>Acmonensium</strong></span> <span class='ocrx_word' id='word_1_17' title='bbox 776 258 1026 300; x_wconf 87' lang='lat' dir='ltr'>testimonio</span> <span class='ocrx_word' id='word_1_18' title='bbox 1070 259 1214 302; x_wconf 82' lang='lat' dir='ltr'>Flacci</span> <span class='ocrx_word' id='word_1_19' title='bbox 1263 260 1354 302; x_wconf 87' lang='lat' dir='ltr'>vita</span> <span class='ocrx_word' id='word_1_20' title='bbox 1403 264 1447 302; x_wconf 88' lang='lat' dir='ltr'>et</span> 
     </span>
     <span class='ocr_line' id='line_1_4' title="bbox 102 315 1445 373; baseline 0.004 -17"><span class='ocrx_word' id='word_1_21' title='bbox 102 315 291 372; x_wconf 73' lang='lat' dir='ltr'>dignitas</span> <span class='ocrx_word' id='word_1_22' title='bbox 335 316 499 357; x_wconf 88' lang='lat' dir='ltr'>nititur.</span> <span class='ocrx_word' id='word_1_23' title='bbox 568 315 657 358; x_wconf 87' lang='lat' dir='ltr'>Das</span> <span class='ocrx_word' id='word_1_24' title='bbox 703 316 816 357; x_wconf 90' lang='lat' dir='ltr'>enim</span> <span class='ocrx_word' id='word_1_25' title='bbox 854 317 978 372; x_wconf 91' lang='lat' dir='ltr'>mihi,</span> <span class='ocrx_word' id='word_1_26' title='bbox 1023 318 1135 373; x_wconf 90' lang='lat' dir='ltr'>quod</span> <span class='ocrx_word' id='word_1_27' title='bbox 1172 319 1279 361; x_wconf 88' lang='lat' dir='ltr'>haec</span> <span class='ocrx_word' id='word_1_28' title='bbox 1317 334 1445 362; x_wconf 87' lang='lat' dir='ltr'>causa</span> 
     </span>
     <span class='ocr_line' id='line_1_5' title="bbox 102 374 1444 431; baseline 0.004 -16"><span class='ocrx_word' id='word_1_29' title='bbox 102 374 287 416; x_wconf 84' lang='lat' dir='ltr'>maxime</span> <span class='ocrx_word' id='word_1_30' title='bbox 318 375 526 429; x_wconf 87' lang='lat' dir='ltr'>postulat,</span> <span class='ocrx_word' id='word_1_31' title='bbox 556 375 723 416; x_wconf 86' lang='lat' dir='ltr'>nullam</span> <span class='ocrx_word' id='word_1_32' title='bbox 755 376 1027 431; x_wconf 87' lang='lat' dir='ltr'>gravitatem,</span> <span class='ocrx_word' id='word_1_33' title='bbox 1053 377 1217 419; x_wconf 89' lang='lat' dir='ltr'>nullam</span> <span class='ocrx_word' id='word_1_34' title='bbox 1244 381 1444 420; x_wconf 89' lang='lat' dir='ltr'>constan-</span> 
     </span>
     <span class='ocr_line' id='line_1_6' title="bbox 65 433 1444 491; baseline 0.007 -21"><span class='ocrx_word' id='word_1_35' title='bbox 65 445 81 470; x_wconf 84' lang='lat'>5</span> <span class='ocrx_word' id='word_1_36' title='bbox 101 434 218 488; x_wconf 83' lang='lat' dir='ltr'>tiam,</span> <span class='ocrx_word' id='word_1_37' title='bbox 248 433 416 475; x_wconf 91' lang='lat' dir='ltr'>nullum</span> <span class='ocrx_word' id='word_1_38' title='bbox 448 434 619 475; x_wconf 90' lang='lat' dir='ltr'>firmum</span> <span class='ocrx_word' id='word_1_39' title='bbox 649 434 694 475; x_wconf 88' lang='lat' dir='ltr'>in</span> <span class='ocrx_word' id='word_1_40' title='bbox 727 433 900 476; x_wconf 86' lang='lat' dir='ltr'>Graecis</span> <span class='ocrx_word' id='word_1_41' title='bbox 932 435 1178 478; x_wconf 88' lang='lat' dir='ltr'>hominibus</span> <span class='ocrx_word' id='word_1_42' title='bbox 1205 437 1444 491; x_wconf 85' lang='lat' dir='ltr'>consilium,</span> 
     </span>
     <span class='ocr_line' id='line_1_7' title="bbox 101 492 1443 547; baseline 0.004 -14"><span class='ocrx_word' id='word_1_43' title='bbox 101 492 267 534; x_wconf 84' lang='lat' dir='ltr'>nullam</span> <span class='ocrx_word' id='word_1_44' title='bbox 318 492 497 547; x_wconf 88' lang='lat' dir='ltr'>denique</span> <span class='ocrx_word' id='word_1_45' title='bbox 548 507 639 534; x_wconf 89' lang='lat' dir='ltr'>esse</span> <span class='ocrx_word' id='word_1_46' title='bbox 690 493 929 535; x_wconf 87' lang='lat' dir='ltr'>testimonii</span> <span class='ocrx_word' id='word_1_47' title='bbox 981 495 1116 536; x_wconf 87' lang='lat' dir='ltr'>fidem.</span> <span class='ocrx_word' id='word_1_48' title='bbox 1195 495 1293 537; x_wconf 89' lang='lat' dir='ltr'>Nisi</span> <span class='ocrx_word' id='word_1_49' title='bbox 1342 511 1443 538; x_wconf 89' lang='lat' dir='ltr'>vero</span> 
     </span>
     <span class='ocr_line' id='line_1_8' title="bbox 100 551 1444 608; baseline 0.004 -16"><span class='ocrx_word' id='word_1_50' title='bbox 100 551 306 593; x_wconf 87' lang='lat' dir='ltr'>hactenus</span> <span class='ocrx_word' id='word_1_51' title='bbox 338 551 423 592; x_wconf 88' lang='lat' dir='ltr'>ista</span> <span class='ocrx_word' id='word_1_52' title='bbox 453 551 639 593; x_wconf 87' lang='lat' dir='ltr'>formula</span> <span class='ocrx_word' id='word_1_53' title='bbox 670 552 908 594; x_wconf 88' lang='lat' dir='ltr'>testimonii</span> <span class='ocrx_word' id='word_1_54' title='bbox 940 556 1068 608; x_wconf 82' lang='lat' dir='ltr'>atque</span> <span class='ocrx_word' id='word_1_55' title='bbox 1102 554 1311 596; x_wconf 86' lang='lat' dir='ltr'>orationis</span> <span class='ocrx_word' id='word_1_56' title='bbox 1344 558 1444 596; x_wconf 85' lang='lat' dir='ltr'>tuae</span> 
     </span>
     <span class='ocr_line' id='line_1_9' title="bbox 102 609 1445 669; baseline 0.003 -18"><span class='ocrx_word' id='word_1_57' title='bbox 102 609 284 651; x_wconf 84' lang='lat' dir='ltr'>describi</span> <span class='ocrx_word' id='word_1_58' title='bbox 316 625 364 651; x_wconf 88' lang='lat' dir='ltr'>ac</span> <span class='ocrx_word' id='word_1_59' title='bbox 396 610 606 666; x_wconf 74' lang='lat' dir='ltr'>distingui</span> <span class='ocrx_word' id='word_1_60' title='bbox 637 614 793 665; x_wconf 82' lang='lat' dir='ltr'>potest,</span> <span class='ocrx_word' id='word_1_61' title='bbox 824 615 872 653; x_wconf 86' lang='lat' dir='ltr'>ut</span> <span class='ocrx_word' id='word_1_62' title='bbox 897 611 1051 654; x_wconf 87' lang='lat' dir='ltr'>Flacco</span> <span class='ocrx_word' id='word_1_63' title='bbox 1085 613 1255 655; x_wconf 84' lang='lat' dir='ltr'>absenti</span> <span class='ocrx_word' id='word_1_64' title='bbox 1282 614 1445 669; x_wconf 80' lang='lat' dir='ltr'>aliquid</span> 
     </span>
     <span class='ocr_line' id='line_1_10' title="bbox 102 668 1443 728; baseline 0.002 -17"><span class='ocrx_word' id='word_1_65' title='bbox 102 668 299 711; x_wconf 79' lang='lat' dir='ltr'>civitates</span> <span class='ocrx_word' id='word_1_66' title='bbox 343 669 546 710; x_wconf 89' lang='lat' dir='ltr'>tribuisse</span> <span class='ocrx_word' id='word_1_67' title='bbox 585 669 797 723; x_wconf 87' lang='lat' dir='ltr'>dicantur,</span> <span class='ocrx_word' id='word_1_68' title='bbox 843 670 989 712; x_wconf 86' lang='lat' dir='ltr'>Laelio</span> <span class='ocrx_word' id='word_1_69' title='bbox 1029 672 1247 725; x_wconf 75' lang='lat' dir='ltr'>praesenti</span> <span class='ocrx_word' id='word_1_70' title='bbox 1283 687 1360 728; x_wconf 85' lang='lat' dir='ltr'>per</span> <span class='ocrx_word' id='word_1_71' title='bbox 1398 687 1443 714; x_wconf 90' lang='lat' dir='ltr'>se</span> 
     </span>
     <span class='ocr_line' id='line_1_11' title="bbox 47 728 1444 785; baseline 0.004 -17"><span class='ocrx_word' id='word_1_72' title='bbox 47 740 82 764; x_wconf 91' lang='lat'>10</span> <span class='ocrx_word' id='word_1_73' title='bbox 102 728 248 783; x_wconf 88' lang='lat' dir='ltr'>agenti</span> <span class='ocrx_word' id='word_1_74' title='bbox 273 728 316 769; x_wconf 92' lang='lat' dir='ltr'>vi</span> <span class='ocrx_word' id='word_1_75' title='bbox 341 728 462 783; x_wconf 84' lang='lat' dir='ltr'>legis,</span> <span class='ocrx_word' id='word_1_76' title='bbox 486 728 577 769; x_wconf 90' lang='lat' dir='ltr'>iure</span> <span class='ocrx_word' id='word_1_77' title='bbox 605 729 1080 784; x_wconf 44' lang='lat' dir='ltr'>accusationis,*opibus</span> <span class='ocrx_word' id='word_1_78' title='bbox 1106 733 1330 785; x_wconf 87' lang='lat' dir='ltr'>praeterea</span> <span class='ocrx_word' id='word_1_79' title='bbox 1356 731 1444 773; x_wconf 90' lang='lat' dir='ltr'>suis</span> 
     </span>
     <span class='ocr_line' id='line_1_12' title="bbox 101 787 1443 845; baseline 0.004 -18"><span class='ocrx_word' id='word_1_80' title='bbox 101 787 280 828; x_wconf 75' lang='lat' dir='ltr'>terrenti</span> <span class='ocrx_word' id='word_1_81' title='bbox 307 801 355 828; x_wconf 88' lang='lat' dir='ltr'>ac</span> <span class='ocrx_word' id='word_1_82' title='bbox 381 787 564 828; x_wconf 89' lang='lat' dir='ltr'>minanti</span> <span class='ocrx_word' id='word_1_83' title='bbox 589 787 698 828; x_wconf 91' lang='lat' dir='ltr'>nihil</span> <span class='ocrx_word' id='word_1_84' title='bbox 725 788 933 842; x_wconf 89' lang='lat' dir='ltr'>temporis</span> <span class='ocrx_word' id='word_1_85' title='bbox 961 803 1089 831; x_wconf 87' lang='lat' dir='ltr'>causa</span> <span class='ocrx_word' id='word_1_86' title='bbox 1116 790 1340 845; x_wconf 82' lang='lat' dir='ltr'>scripsisse</span> <span class='ocrx_word' id='word_1_87' title='bbox 1369 793 1443 831; x_wconf 88' lang='lat' dir='ltr'>aut</span> 
     </span>
     <span class='ocr_line' id='line_1_13' title="bbox 102 831 1515 916; baseline 0.004 -30"><span class='ocrx_word' id='word_1_88' title='bbox 102 846 352 900; x_wconf 80' lang='lat' dir='ltr'>obsignasse</span> <span class='ocrx_word' id='word_1_89' title='bbox 400 846 638 888; x_wconf 86' lang='lat' dir='ltr'>videantur.</span> <span class='ocrx_word' id='word_1_90' title='bbox 717 847 930 901; x_wconf 87' lang='lat' dir='ltr'>Equidem</span> <span class='ocrx_word' id='word_1_91' title='bbox 979 847 1025 888; x_wconf 90' lang='lat' dir='ltr'>in</span> <span class='ocrx_word' id='word_1_92' title='bbox 1074 849 1263 890; x_wconf 85' lang='lat' dir='ltr'>minimis</span> <span class='ocrx_word' id='word_1_93' title='bbox 1313 849 1442 891; x_wconf 90' lang='lat' dir='ltr'>rebus</span> <span class='ocrx_word' id='word_1_94' title='bbox 1459 831 1515 916; x_wconf 45' lang='lat'>1323</span> 
     </span>
     <span class='ocr_line' id='line_1_14' title="bbox 102 905 1444 962; baseline 0.003 -17"><span class='ocrx_word' id='word_1_95' title='bbox 102 919 227 959; x_wconf 87' lang='lat' dir='ltr'>saepe</span> <span class='ocrx_word' id='word_1_96' title='bbox 259 918 326 945; x_wconf 89' lang='lat' dir='ltr'>res</span> <span class='ocrx_word' id='word_1_97' title='bbox 358 918 536 959; x_wconf 82' lang='lat' dir='ltr'>magnas</span> <span class='ocrx_word' id='word_1_98' title='bbox 568 905 673 959; x_wconf 91' lang='lat' dir='ltr'>vidi,</span> <span class='ocrx_word' id='word_1_99' title='bbox 711 905 891 960; x_wconf 85' lang='lat' dir='ltr'>iudices,</span> <span class='ocrx_word' id='word_1_100' title='bbox 922 906 1181 961; x_wconf 84' lang='lat' dir='ltr'>deprehendi</span> <span class='ocrx_word' id='word_1_101' title='bbox 1213 923 1261 949; x_wconf 89' lang='lat' dir='ltr'>ac</span> <span class='ocrx_word' id='word_1_102' title='bbox 1292 909 1444 962; x_wconf 90' lang='lat' dir='ltr'>teneri,</span> 
     </span>
     <span class='ocr_line' id='line_1_15' title="bbox 100 963 1444 1022; baseline 0.002 -17"><span class='ocrx_word' id='word_1_103' title='bbox 100 967 149 1005; x_wconf 88' lang='lat' dir='ltr'>ut</span> <span class='ocrx_word' id='word_1_104' title='bbox 186 963 231 1003; x_wconf 91' lang='lat' dir='ltr'>in</span> <span class='ocrx_word' id='word_1_105' title='bbox 267 963 348 1004; x_wconf 90' lang='lat' dir='ltr'>hoc</span> <span class='ocrx_word' id='word_1_106' title='bbox 379 963 646 1018; x_wconf 86' lang='lat' dir='ltr'>Asclepiade.</span> <span class='ocrx_word' id='word_1_107' title='bbox 710 965 844 1018; x_wconf 90' lang='lat' dir='ltr'>Haec,</span> <span class='ocrx_word' id='word_1_108' title='bbox 884 980 992 1019; x_wconf 87' lang='lat' dir='ltr'>quae</span> <span class='ocrx_word' id='word_1_109' title='bbox 1032 968 1098 1007; x_wconf 90' lang='lat' dir='ltr'>est</span> <span class='ocrx_word' id='word_1_110' title='bbox 1190 967 1315 1008; x_wconf 89' lang='lat' dir='ltr'>nobis</span> <span class='ocrx_word' id='word_1_111' title='bbox 1348 982 1444 1022; x_wconf 90' lang='lat' dir='ltr'>pro-</span> 
     </span>
     <span class='ocr_line' id='line_1_16' title="bbox 48 1021 1445 1080; baseline 0.006 -21"><span class='ocrx_word' id='word_1_112' title='bbox 48 1033 81 1059; x_wconf 89' lang='lat'>15</span> <span class='ocrx_word' id='word_1_113' title='bbox 101 1023 210 1076; x_wconf 83' lang='lat' dir='ltr'>lata,</span> <span class='ocrx_word' id='word_1_114' title='bbox 241 1021 429 1063; x_wconf 85' lang='lat' dir='ltr'>laudatio</span> <span class='ocrx_word' id='word_1_115' title='bbox 463 1023 692 1078; x_wconf 85' lang='lat' dir='ltr'>obsignata</span> <span class='ocrx_word' id='word_1_116' title='bbox 724 1026 817 1064; x_wconf 88' lang='lat' dir='ltr'>erat</span> <span class='ocrx_word' id='word_1_117' title='bbox 848 1027 963 1065; x_wconf 84' lang='lat' dir='ltr'>creta</span> <span class='ocrx_word' id='word_1_118' title='bbox 994 1024 1069 1066; x_wconf 87' lang='lat' dir='ltr'>illa</span> <span class='ocrx_word' id='word_1_119' title='bbox 1101 1024 1304 1080; x_wconf 80' lang='lat' dir='ltr'>Asiatica,</span> <span class='ocrx_word' id='word_1_120' title='bbox 1336 1040 1445 1080; x_wconf 86' lang='lat' dir='ltr'>quae</span> 
     </span>
     <span class='ocr_line' id='line_1_17' title="bbox 100 1081 1444 1137; baseline 0.003 -16"><span class='ocrx_word' id='word_1_121' title='bbox 100 1081 189 1122; x_wconf 88' lang='lat' dir='ltr'>fere</span> <span class='ocrx_word' id='word_1_122' title='bbox 222 1082 288 1122; x_wconf 87' lang='lat' dir='ltr'>est</span> <span class='ocrx_word' id='word_1_123' title='bbox 319 1081 516 1123; x_wconf 86' lang='lat' dir='ltr'>omnibus</span> <span class='ocrx_word' id='word_1_124' title='bbox 547 1086 653 1124; x_wconf 87' lang='lat' dir='ltr'>nota</span> <span class='ocrx_word' id='word_1_125' title='bbox 683 1082 821 1136; x_wconf 85' lang='lat' dir='ltr'>nobis,</span> <span class='ocrx_word' id='word_1_126' title='bbox 855 1097 938 1137; x_wconf 87' lang='lat' dir='ltr'>qua</span> <span class='ocrx_word' id='word_1_127' title='bbox 969 1086 1149 1124; x_wconf 89' lang='lat' dir='ltr'>utuntur</span> <span class='ocrx_word' id='word_1_128' title='bbox 1184 1099 1330 1125; x_wconf 88' lang='lat' dir='ltr'>omnes</span> <span class='ocrx_word' id='word_1_129' title='bbox 1357 1098 1444 1125; x_wconf 89' lang='lat' dir='ltr'>non</span> 
     </span>
     <span class='ocr_line' id='line_1_18' title="bbox 102 1139 1443 1198; baseline 0.003 -18"><span class='ocrx_word' id='word_1_130' title='bbox 102 1139 228 1181; x_wconf 90' lang='lat' dir='ltr'>modo</span> <span class='ocrx_word' id='word_1_131' title='bbox 260 1140 306 1180; x_wconf 88' lang='lat' dir='ltr'>in</span> <span class='ocrx_word' id='word_1_132' title='bbox 336 1140 538 1195; x_wconf 86' lang='lat' dir='ltr'>publicis,</span> <span class='ocrx_word' id='word_1_133' title='bbox 571 1141 644 1182; x_wconf 92' lang='lat' dir='ltr'>sed</span> <span class='ocrx_word' id='word_1_134' title='bbox 678 1141 807 1183; x_wconf 83' lang='lat' dir='ltr'>etiam</span> <span class='ocrx_word' id='word_1_135' title='bbox 839 1142 885 1182; x_wconf 89' lang='lat' dir='ltr'>in</span> <span class='ocrx_word' id='word_1_136' title='bbox 915 1142 1096 1196; x_wconf 85' lang='lat' dir='ltr'>privatis</span> <span class='ocrx_word' id='word_1_137' title='bbox 1129 1142 1307 1197; x_wconf 84' lang='lat' dir='ltr'>litteris,</span> <span class='ocrx_word' id='word_1_138' title='bbox 1340 1158 1443 1198; x_wconf 90' lang='lat' dir='ltr'>quas</span> 
     </span>
     <span class='ocr_line' id='line_1_19' title="bbox 101 1198 1444 1257; baseline 0.003 -18"><span class='ocrx_word' id='word_1_139' title='bbox 101 1198 256 1240; x_wconf 85' lang='lat' dir='ltr'>cotidie</span> <span class='ocrx_word' id='word_1_140' title='bbox 294 1199 486 1240; x_wconf 88' lang='lat' dir='ltr'>videmus</span> <span class='ocrx_word' id='word_1_141' title='bbox 525 1199 641 1241; x_wconf 83' lang='lat' dir='ltr'>mitti</span> <span class='ocrx_word' id='word_1_142' title='bbox 674 1214 699 1241; x_wconf 87' lang='lat' dir='ltr'>a</span> <span class='ocrx_word' id='word_1_143' title='bbox 729 1200 990 1255; x_wconf 83' lang='lat' dir='ltr'>publicanis,</span> <span class='ocrx_word' id='word_1_144' title='bbox 1029 1215 1155 1256; x_wconf 88' lang='lat' dir='ltr'>saepe</span> <span class='ocrx_word' id='word_1_145' title='bbox 1187 1202 1262 1243; x_wconf 81' lang='lat' dir='ltr'>uni</span> <span class='ocrx_word' id='word_1_146' title='bbox 1294 1202 1444 1257; x_wconf 89' lang='lat' dir='ltr'>cuique</span> 
     </span>
     <span class='ocr_line' id='line_1_20' title="bbox 100 1256 1445 1315; baseline 0.002 -17"><span class='ocrx_word' id='word_1_147' title='bbox 100 1259 308 1299; x_wconf 90' lang='lat' dir='ltr'>nostrum.</span> <span class='ocrx_word' id='word_1_148' title='bbox 368 1256 518 1312; x_wconf 89' lang='lat' dir='ltr'>Neque</span> <span class='ocrx_word' id='word_1_149' title='bbox 558 1259 671 1300; x_wconf 90' lang='lat' dir='ltr'>enim</span> <span class='ocrx_word' id='word_1_150' title='bbox 709 1259 832 1300; x_wconf 86' lang='lat' dir='ltr'>testis</span> <span class='ocrx_word' id='word_1_151' title='bbox 865 1259 957 1312; x_wconf 91' lang='lat' dir='ltr'>ipse</span> <span class='ocrx_word' id='word_1_152' title='bbox 985 1259 1109 1315; x_wconf 90' lang='lat' dir='ltr'>signo</span> <span class='ocrx_word' id='word_1_153' title='bbox 1142 1260 1335 1315; x_wconf 84' lang='lat' dir='ltr'>inspecto</span> <span class='ocrx_word' id='word_1_154' title='bbox 1367 1261 1445 1302; x_wconf 82' lang='lat' dir='ltr'>fal·</span> 
     </span>
     <span class='ocr_line' id='line_1_21' title="bbox 48 1316 1445 1371; baseline 0.002 -14"><span class='ocrx_word' id='word_1_155' title='bbox 48 1328 83 1352; x_wconf 84' lang='lat'>20</span> <span class='ocrx_word' id='word_1_156' title='bbox 103 1330 198 1357; x_wconf 90' lang='lat' dir='ltr'>sum</span> <span class='ocrx_word' id='word_1_157' title='bbox 239 1329 318 1358; x_wconf 90' lang='lat' dir='ltr'>nos</span> <span class='ocrx_word' id='word_1_158' title='bbox 362 1316 552 1371; x_wconf 88' lang='lat' dir='ltr'>proferre</span> <span class='ocrx_word' id='word_1_159' title='bbox 597 1317 720 1371; x_wconf 86' lang='lat' dir='ltr'>dixit,</span> <span class='ocrx_word' id='word_1_160' title='bbox 765 1318 837 1358; x_wconf 90' lang='lat' dir='ltr'>sed</span> <span class='ocrx_word' id='word_1_161' title='bbox 881 1318 1102 1358; x_wconf 80' lang='lat' dir='ltr'>levitatem</span> <span class='ocrx_word' id='word_1_162' title='bbox 1139 1320 1272 1360; x_wconf 79' lang='lat' dir='ltr'>totius</span> <span class='ocrx_word' id='word_1_163' title='bbox 1314 1319 1445 1360; x_wconf 85' lang='lat' dir='ltr'>Asiae</span> 
     </span>
     <span class='ocr_line' id='line_1_22' title="bbox 102 1374 1445 1430; baseline 0.001 -14"><span class='ocrx_word' id='word_1_164' title='bbox 102 1374 303 1428; x_wconf 81' lang='lat' dir='ltr'>protulit,</span> <span class='ocrx_word' id='word_1_165' title='bbox 336 1374 386 1415; x_wconf 92' lang='lat' dir='ltr'>de</span> <span class='ocrx_word' id='word_1_166' title='bbox 420 1390 504 1430; x_wconf 85' lang='lat' dir='ltr'>qua</span> <span class='ocrx_word' id='word_1_167' title='bbox 535 1390 614 1416; x_wconf 90' lang='lat' dir='ltr'>nos</span> <span class='ocrx_word' id='word_1_168' title='bbox 647 1378 690 1417; x_wconf 91' lang='lat' dir='ltr'>et</span> <span class='ocrx_word' id='word_1_169' title='bbox 720 1376 902 1416; x_wconf 81' lang='lat' dir='ltr'>libenter</span> <span class='ocrx_word' id='word_1_170' title='bbox 929 1379 971 1416; x_wconf 91' lang='lat' dir='ltr'>et</span> <span class='ocrx_word' id='word_1_171' title='bbox 1001 1376 1128 1417; x_wconf 87' lang='lat' dir='ltr'>facile</span> <span class='ocrx_word' id='word_1_172' title='bbox 1160 1377 1445 1418; x_wconf 86' lang='lat' dir='ltr'>concedimus.</span> 
     </span>
     <span class='ocr_line' id='line_1_23' title="bbox 102 1432 1444 1489; baseline 0.002 -16"><span class='ocrx_word' id='word_1_173' title='bbox 102 1432 265 1474; x_wconf 84' lang='lat' dir='ltr'>Nostra</span> <span class='ocrx_word' id='word_1_174' title='bbox 291 1433 426 1488; x_wconf 87' lang='lat' dir='ltr'>igitur</span> <span class='ocrx_word' id='word_1_175' title='bbox 452 1433 655 1486; x_wconf 79' lang='lat' dir='ltr'>laudatio,</span> <span class='ocrx_word' id='word_1_176' title='bbox 683 1448 811 1488; x_wconf 85' lang='lat' dir='ltr'>quam</span> <span class='ocrx_word' id='word_1_177' title='bbox 836 1434 909 1475; x_wconf 92' lang='lat' dir='ltr'>ille</span> <span class='ocrx_word' id='word_1_178' title='bbox 935 1435 1143 1489; x_wconf 83' lang='lat' dir='ltr'>temporis</span> <span class='ocrx_word' id='word_1_179' title='bbox 1170 1449 1299 1477; x_wconf 85' lang='lat' dir='ltr'>causa</span> <span class='ocrx_word' id='word_1_180' title='bbox 1317 1435 1444 1476; x_wconf 90' lang='lat' dir='ltr'>nobis</span> 
     </span>
     <span class='ocr_line' id='line_1_24' title="bbox 104 1491 1445 1549; baseline 0.002 -17"><span class='ocrx_word' id='word_1_181' title='bbox 104 1492 249 1533; x_wconf 86' lang='lat' dir='ltr'>datam</span> <span class='ocrx_word' id='word_1_182' title='bbox 277 1491 392 1545; x_wconf 87' lang='lat' dir='ltr'>dicit,</span> <span class='ocrx_word' id='word_1_183' title='bbox 418 1492 562 1533; x_wconf 79' lang='lat' dir='ltr'>(latam</span> <span class='ocrx_word' id='word_1_184' title='bbox 591 1492 762 1546; x_wconf 91' lang='lat' dir='ltr'>quidem</span> <span class='ocrx_word' id='word_1_185' title='bbox 789 1492 1027 1547; x_wconf 76' lang='lat' dir='ltr'>confitetur,</span> <span class='ocrx_word' id='word_1_186' title='bbox 1054 1493 1307 1549; x_wconf 77' lang='lat' dir='ltr'>consignata</span> <span class='ocrx_word' id='word_1_187' title='bbox 1328 1497 1445 1535; x_wconf 87' lang='lat' dir='ltr'>creta</span> 
     </span>
     <span class='ocr_line' id='line_1_25' title="bbox 103 1550 1445 1605; baseline 0.001 -14"><span class='ocrx_word' id='word_1_188' title='bbox 103 1553 185 1604; x_wconf 82' lang='lat' dir='ltr'>est3</span> <span class='ocrx_word' id='word_1_189' title='bbox 216 1550 261 1591; x_wconf 94' lang='lat' dir='ltr'>in</span> <span class='ocrx_word' id='word_1_190' title='bbox 290 1550 366 1591; x_wconf 91' lang='lat' dir='ltr'>illo</span> <span class='ocrx_word' id='word_1_191' title='bbox 399 1553 539 1591; x_wconf 82' lang='lat' dir='ltr'>autem</span> <span class='ocrx_word' id='word_1_192' title='bbox 572 1551 839 1602; x_wconf 85' lang='lat' dir='ltr'>testimonio,</span> <span class='ocrx_word' id='word_1_193' title='bbox 873 1551 985 1605; x_wconf 90' lang='lat' dir='ltr'>quod</span> <span class='ocrx_word' id='word_1_194' title='bbox 1017 1552 1257 1593; x_wconf 85' lang='lat' dir='ltr'>accusatori</span> <span class='ocrx_word' id='word_1_195' title='bbox 1289 1552 1445 1594; x_wconf 86' lang='lat' dir='ltr'>dicitur</span> 
     </span>
     <span class='ocr_line' id='line_1_26' title="bbox 50 1609 1513 1666; baseline 0.005 -20"><span class='ocrx_word' id='word_1_196' title='bbox 50 1620 84 1646; x_wconf 81' lang='lat'>25</span> <span class='ocrx_word' id='word_1_197' title='bbox 104 1610 270 1661; x_wconf 86' lang='lat' dir='ltr'>datum,</span> <span class='ocrx_word' id='word_1_198' title='bbox 303 1623 444 1650; x_wconf 89' lang='lat' dir='ltr'>ceram</span> <span class='ocrx_word' id='word_1_199' title='bbox 476 1623 567 1650; x_wconf 87' lang='lat' dir='ltr'>esse</span> <span class='ocrx_word' id='word_1_200' title='bbox 599 1609 794 1651; x_wconf 88' lang='lat' dir='ltr'>vidimus.</span> <span class='ocrx_word' id='word_1_201' title='bbox 855 1609 937 1651; x_wconf 87' lang='lat' dir='ltr'>Hic</span> <span class='ocrx_word' id='word_1_202' title='bbox 971 1624 1062 1666; x_wconf 85' lang='lat' dir='ltr'>ego,</span> <span class='ocrx_word' id='word_1_203' title='bbox 1093 1610 1265 1665; x_wconf 87' lang='lat' dir='ltr'>iudices,</span> <span class='ocrx_word' id='word_1_204' title='bbox 1299 1612 1335 1653; x_wconf 92' lang='lat' dir='ltr'>si</span> <span class='ocrx_word' id='word_1_205' title='bbox 1367 1626 1442 1653; x_wconf 91' lang='lat' dir='ltr'>vos</span> <span class='ocrx_word' id='word_1_206' title='bbox 1470 1622 1513 1653; x_wconf 80' lang='lat'>33</span> 
     </span>
     <span class='ocr_line' id='line_1_27' title="bbox 103 1667 1444 1725; baseline 0.001 -15"><span class='ocrx_word' id='word_1_207' title='bbox 103 1667 438 1710; x_wconf 88' lang='lat' dir='ltr'>Acmonensium</span> <span class='ocrx_word' id='word_1_208' title='bbox 470 1668 661 1723; x_wconf 80' lang='lat' dir='ltr'>decretis,</span> <span class='ocrx_word' id='word_1_209' title='bbox 692 1668 729 1710; x_wconf 90' lang='lat' dir='ltr'>si</span> <span class='ocrx_word' id='word_1_210' title='bbox 762 1671 1001 1710; x_wconf 88' lang='lat' dir='ltr'>ceterorum</span> <span class='ocrx_word' id='word_1_211' title='bbox 1032 1669 1256 1725; x_wconf 84' lang='lat' dir='ltr'>Phrygum</span> <span class='ocrx_word' id='word_1_212' title='bbox 1287 1670 1444 1711; x_wconf 89' lang='lat' dir='ltr'>litteris</span> 
     </span>
     <span class='ocr_line' id='line_1_28' title="bbox 102 1727 1445 1782; baseline 0.002 -15"><span class='ocrx_word' id='word_1_213' title='bbox 102 1727 343 1782; x_wconf 84' lang='lat' dir='ltr'>permoveri</span> <span class='ocrx_word' id='word_1_214' title='bbox 392 1728 608 1781; x_wconf 81' lang='lat' dir='ltr'>putarem,</span> <span class='ocrx_word' id='word_1_215' title='bbox 662 1727 920 1769; x_wconf 86' lang='lat' dir='ltr'>vociferarer</span> <span class='ocrx_word' id='word_1_216' title='bbox 970 1730 1029 1781; x_wconf 88' lang='lat' dir='ltr'>et,</span> <span class='ocrx_word' id='word_1_217' title='bbox 1084 1743 1210 1782; x_wconf 89' lang='lat' dir='ltr'>quam</span> <span class='ocrx_word' id='word_1_218' title='bbox 1260 1729 1445 1770; x_wconf 83' lang='lat' dir='ltr'>maxime</span> 
     </span>
     <span class='ocr_line' id='line_1_29' title="bbox 103 1785 1446 1841; baseline 0.002 -15"><span class='ocrx_word' id='word_1_219' title='bbox 103 1799 292 1840; x_wconf 85' lang='lat' dir='ltr'>possem,</span> <span class='ocrx_word' id='word_1_220' title='bbox 336 1785 652 1839; x_wconf 78' lang='lat' dir='ltr'>contenderem,</span> <span class='ocrx_word' id='word_1_221' title='bbox 689 1789 871 1827; x_wconf 85' lang='lat' dir='ltr'>testarer</span> <span class='ocrx_word' id='word_1_222' title='bbox 907 1786 1177 1841; x_wconf 87' lang='lat' dir='ltr'>publicanos,</span> <span class='ocrx_word' id='word_1_223' title='bbox 1216 1787 1446 1829; x_wconf 76' lang='lat' dir='ltr'>excitarem</span> 
     </span>
     <span class='ocr_line' id='line_1_30' title="bbox 104 1845 1444 1900; baseline 0.001 -16"><span class='ocrx_word' id='word_1_224' title='bbox 104 1845 417 1899; x_wconf 83' lang='lat' dir='ltr'>negotiatores,</span> <span class='ocrx_word' id='word_1_225' title='bbox 466 1847 656 1885; x_wconf 84' lang='lat' dir='ltr'>vestram</span> <span class='ocrx_word' id='word_1_226' title='bbox 707 1845 836 1886; x_wconf 84' lang='lat' dir='ltr'>etiam</span> <span class='ocrx_word' id='word_1_227' title='bbox 881 1845 1104 1887; x_wconf 76' lang='lat' dir='ltr'>scientiam</span> <span class='ocrx_word' id='word_1_228' title='bbox 1149 1846 1444 1900; x_wconf 81' lang='lat' dir='ltr'>implorarem3</span> 
     </span>
     <span class='ocr_line' id='line_1_31' title="bbox 53 1902 1446 1958; baseline 0.001 -14"><span class='ocrx_word' id='word_1_229' title='bbox 53 1913 86 1938; x_wconf 83' lang='lat'>30</span> <span class='ocrx_word' id='word_1_230' title='bbox 106 1916 202 1944; x_wconf 88' lang='lat' dir='ltr'>cera</span> <span class='ocrx_word' id='word_1_231' title='bbox 245 1902 507 1958; x_wconf 86' lang='lat' dir='ltr'>deprehensa</span> <span class='ocrx_word' id='word_1_232' title='bbox 547 1903 804 1945; x_wconf 88' lang='lat' dir='ltr'>confiderem</span> <span class='ocrx_word' id='word_1_233' title='bbox 846 1904 981 1944; x_wconf 90' lang='lat' dir='ltr'>totius</span> <span class='ocrx_word' id='word_1_234' title='bbox 1024 1904 1261 1946; x_wconf 87' lang='lat' dir='ltr'>testimonii</span> <span class='ocrx_word' id='word_1_235' title='bbox 1299 1905 1446 1946; x_wconf 88' lang='lat' dir='ltr'>fictam</span> 
     </span>
     <span class='ocr_line' id='line_1_32' title="bbox 106 1961 1445 2018; baseline 0.001 -17"><span class='ocrx_word' id='word_1_236' title='bbox 106 1961 326 2002; x_wconf 88' lang='lat' dir='ltr'>audaciam</span> <span class='ocrx_word' id='word_1_237' title='bbox 369 1961 597 2003; x_wconf 80' lang='lat' dir='ltr'>manifesto</span> <span class='ocrx_word' id='word_1_238' title='bbox 637 1961 990 2016; x_wconf 87' lang='lat' dir='ltr'>comprehensam</span> <span class='ocrx_word' id='word_1_239' title='bbox 1028 1965 1156 2017; x_wconf 88' lang='lat' dir='ltr'>atque</span> <span class='ocrx_word' id='word_1_240' title='bbox 1196 1977 1445 2018; x_wconf 89' lang='lat' dir='ltr'>oppressam</span> 
     </span>
     <span class='ocr_line' id='line_1_33' title="bbox 104 2019 1446 2063; baseline 0.001 -3"><span class='ocrx_word' id='word_1_241' title='bbox 104 2019 252 2061; x_wconf 87' lang='lat' dir='ltr'>teneri.</span> <span class='ocrx_word' id='word_1_242' title='bbox 325 2019 450 2061; x_wconf 89' lang='lat' dir='ltr'>Nunc</span> <span class='ocrx_word' id='word_1_243' title='bbox 492 2034 592 2061; x_wconf 90' lang='lat' dir='ltr'>vero</span> <span class='ocrx_word' id='word_1_244' title='bbox 643 2035 728 2062; x_wconf 92' lang='lat' dir='ltr'>non</span> <span class='ocrx_word' id='word_1_245' title='bbox 772 2020 988 2062; x_wconf 85' lang='lat' dir='ltr'>insultabo</span> <span class='ocrx_word' id='word_1_246' title='bbox 1033 2022 1324 2063; x_wconf 87' lang='lat' dir='ltr'>vehementius</span> <span class='ocrx_word' id='word_1_247' title='bbox 1367 2035 1446 2061; x_wconf 90' lang='lat' dir='ltr'>nec</span> 
     </span>
     <span class='ocr_line' id='line_1_34' title="bbox 105 2077 1444 2133; baseline 0.001 -15"><span class='ocrx_word' id='word_1_248' title='bbox 105 2077 298 2119; x_wconf 87' lang='lat' dir='ltr'>volitabo</span> <span class='ocrx_word' id='word_1_249' title='bbox 330 2078 376 2119; x_wconf 90' lang='lat' dir='ltr'>in</span> <span class='ocrx_word' id='word_1_250' title='bbox 407 2078 489 2120; x_wconf 89' lang='lat' dir='ltr'>hoc</span> <span class='ocrx_word' id='word_1_251' title='bbox 514 2079 769 2120; x_wconf 88' lang='lat' dir='ltr'>insolentius</span> <span class='ocrx_word' id='word_1_252' title='bbox 795 2093 930 2133; x_wconf 89' lang='lat' dir='ltr'>neque</span> <span class='ocrx_word' id='word_1_253' title='bbox 956 2080 1002 2120; x_wconf 90' lang='lat' dir='ltr'>in</span> <span class='ocrx_word' id='word_1_254' title='bbox 1025 2080 1158 2122; x_wconf 88' lang='lat' dir='ltr'>istum</span> <span class='ocrx_word' id='word_1_255' title='bbox 1184 2082 1444 2133; x_wconf 83' lang='lat' dir='ltr'>nugatorem</span> 
     </span>
     <span class='ocr_line' id='line_1_35' title="bbox 105 2137 1444 2193; baseline 0.001 -17"><span class='ocrx_word' id='word_1_256' title='bbox 105 2139 328 2190; x_wconf 84' lang='lat' dir='ltr'>tamquam</span> <span class='ocrx_word' id='word_1_257' title='bbox 369 2137 415 2177; x_wconf 88' lang='lat' dir='ltr'>in</span> <span class='ocrx_word' id='word_1_258' title='bbox 458 2137 643 2191; x_wconf 89' lang='lat' dir='ltr'>aliquem</span> <span class='ocrx_word' id='word_1_259' title='bbox 686 2140 842 2179; x_wconf 81' lang='lat' dir='ltr'>testem</span> <span class='ocrx_word' id='word_1_260' title='bbox 878 2138 1058 2179; x_wconf 82' lang='lat' dir='ltr'>invehar</span> <span class='ocrx_word' id='word_1_261' title='bbox 1093 2141 1231 2193; x_wconf 83' lang='lat' dir='ltr'>neque</span> <span class='ocrx_word' id='word_1_262' title='bbox 1269 2138 1314 2178; x_wconf 88' lang='lat' dir='ltr'>in</span> <span class='ocrx_word' id='word_1_263' title='bbox 1351 2140 1444 2178; x_wconf 80' lang='lat' dir='ltr'>toto</span> 
     </span>
     <span class='ocr_line' id='line_1_36' title="bbox 51 2193 1446 2250; baseline 0 -15"><span class='ocrx_word' id='word_1_264' title='bbox 51 2205 85 2231; x_wconf 81' lang='lat'>35</span> <span class='ocrx_word' id='word_1_265' title='bbox 107 2193 441 2236; x_wconf 89' lang='lat' dir='ltr'>Acmonensium</span> <span class='ocrx_word' id='word_1_266' title='bbox 478 2196 745 2250; x_wconf 84' lang='lat' dir='ltr'>testimonio,</span> <span class='ocrx_word' id='word_1_267' title='bbox 783 2196 872 2237; x_wconf 90' lang='lat' dir='ltr'>sive</span> <span class='ocrx_word' id='word_1_268' title='bbox 909 2197 977 2238; x_wconf 90' lang='lat' dir='ltr'>hic</span> <span class='ocrx_word' id='word_1_269' title='bbox 1016 2198 1244 2238; x_wconf 87' lang='lat' dir='ltr'>confictum</span> <span class='ocrx_word' id='word_1_270' title='bbox 1277 2199 1358 2249; x_wconf 83' lang='lat' dir='ltr'>est,</span> <span class='ocrx_word' id='word_1_271' title='bbox 1398 2198 1446 2236; x_wconf 92' lang='lat' dir='ltr'>ut</span> 
     </span>
     <span class='ocr_line' id='line_1_37' title="bbox 107 2253 1446 2309; baseline 0.001 -16"><span class='ocrx_word' id='word_1_272' title='bbox 107 2256 301 2307; x_wconf 83' lang='lat' dir='ltr'>apparet,</span> <span class='ocrx_word' id='word_1_273' title='bbox 340 2253 427 2294; x_wconf 86' lang='lat' dir='ltr'>sive</span> <span class='ocrx_word' id='word_1_274' title='bbox 465 2254 644 2296; x_wconf 86' lang='lat' dir='ltr'>missum</span> <span class='ocrx_word' id='word_1_275' title='bbox 684 2255 808 2296; x_wconf 91' lang='lat' dir='ltr'>domo</span> <span class='ocrx_word' id='word_1_276' title='bbox 842 2257 925 2309; x_wconf 85' lang='lat' dir='ltr'>est,</span> <span class='ocrx_word' id='word_1_277' title='bbox 962 2258 1011 2296; x_wconf 92' lang='lat' dir='ltr'>ut</span> <span class='ocrx_word' id='word_1_278' title='bbox 1044 2255 1219 2305; x_wconf 86' lang='lat' dir='ltr'>dicitur,</span> <span class='ocrx_word' id='word_1_279' title='bbox 1259 2268 1446 2295; x_wconf 80' lang='lat' dir='ltr'>commo-</span> 
     </span>
     <span class='ocr_line' id='line_1_38' title="bbox 105 2311 1447 2369; baseline 0.001 -17"><span class='ocrx_word' id='word_1_280' title='bbox 105 2325 249 2354; x_wconf 50' lang='lat' dir='ltr'>vebor.</span> <span class='ocrx_word' id='word_1_281' title='bbox 296 2311 484 2367; x_wconf 79' lang='lat' dir='ltr'>Etenim,</span> <span class='ocrx_word' id='word_1_282' title='bbox 516 2313 668 2367; x_wconf 85' lang='lat' dir='ltr'>quibus</span> <span class='ocrx_word' id='word_1_283' title='bbox 702 2327 781 2369; x_wconf 86' lang='lat' dir='ltr'>ego</span> <span class='ocrx_word' id='word_1_284' title='bbox 814 2313 1106 2356; x_wconf 80' lang='lat' dir='ltr'>laudationem</span> <span class='ocrx_word' id='word_1_285' title='bbox 1136 2314 1266 2354; x_wconf 87' lang='lat' dir='ltr'>istam</span> <span class='ocrx_word' id='word_1_286' title='bbox 1299 2312 1447 2354; x_wconf 90' lang='lat' dir='ltr'>remit-</span> 
     </span>
    </p>
   </div>
   <div class='ocr_carea' id='block_1_3' title="bbox 1162 2382 1234 2416">
    <p class='ocr_par' dir='ltr' id='par_1_3' title="bbox 1162 2382 1234 2416">
     <span class='ocr_line' id='line_1_39' title="bbox 1162 2382 1234 2416; baseline 0 0"><span class='ocrx_word' id='word_1_287' title='bbox 1162 2382 1234 2416; x_wconf 66' lang='lat'>26*</span> 
     </span>
    </p>
   </div>
  </div>
 </body>
</html>
