1619 2542
153 146 238 187 236
523 144 616 179 PRO
645 143 683 179 C.
709 142 908 178 RABIRIO
935 143 1124 178 ORATIO.

152 242 370 284 tabulario
409 242 584 282 incenso
623 241 755 296 longa
794 239 932 281 oratio
965 242 1030 280 est
1061 239 1374 294 expromenda?
1411 253 1495 294 quo

152 302 199 342 in
230 300 406 342 crimine
437 301 704 354 propinquus
738 297 783 339 C.
815 297 967 339 Rabiri
992 297 1147 339 iudicio
1175 297 1425 350 clarissimo,
1452 296 1496 339 C.

155 359 348 412 Curtius,
389 373 466 412 pro
507 358 667 399 virtute
713 371 790 398 sua
829 359 895 398 est
930 356 1236 398 honestissime
1276 357 1496 410 liberatus,

154 419 247 472 ipse
279 432 379 458 vero
410 417 614 458 Rabirius
645 431 733 457 non
765 415 891 457 modo
923 416 969 456 in
998 415 1202 456 iudicium
1232 415 1388 456 horum
1420 414 1497 456 cri-

156 477 339 529 minum,
380 476 452 517 sed
490 490 541 516 ne
578 476 623 516 in
664 474 961 516 tenuissimam
1000 474 1171 528 quidem
1211 474 1533 539 suspicionem5

86 544 137 586 (ὃ)
157 536 287 577 verbo
328 538 393 575 est
424 549 628 588 umquam
660 536 849 575 vocatus.
910 533 980 574 An
1012 533 1062 573 de
1096 532 1254 574 sororis
1285 533 1372 574 filio
1406 532 1498 573 dili-

116 1598 135 1627 9

97 2066 140 2096 10

158 594 327 650 gentius
378 592 721 647 respondendum
767 592 860 633 est?
912 606 1038 646 quem
1078 592 1131 632 ab
1174 591 1256 632 hoc
1299 594 1497 632 necatum

161 667 252 694 esse
291 652 455 704 dixisti,
495 667 590 693 cum
623 651 674 692 ad
706 650 850 692 iudicii
882 665 1047 692 moram
1080 649 1305 691 familiaris
1336 649 1497 690 funeris

161 710 376 753 excusatio
422 712 708 765 quaer.eretui
782 709 892 757 Quid
936 709 1076 750 enim?
1128 711 1195 750 est
1239 710 1364 761 [tam]
1409 708 1498 750 veri

160 770 299 812 simile
345 770 511 823 [quam]
551 768 759 810 cariorem
796 768 896 809 huic
934 767 1092 809 sororis
1129 767 1332 808 maritum
1371 781 1498 821 quam
1519 778 1552 803 10

160 829 318 870 sororis
352 829 488 868 filium
520 827 664 881 fuisse,
697 830 826 881 atque
857 827 921 868 ita
952 827 1169 879 cariorem,
1202 828 1249 867 ut
1276 827 1384 867 alter
1409 825 1500 866 vita

161 887 453 928 crudelissime
502 886 762 940 privaretur,
812 900 906 927 cum
949 886 1072 926 alteri
1117 885 1169 926 ad
1212 885 1498 939 prolationem

159 945 303 987 iudicii
354 945 530 986 biduum
577 945 876 999 quaereretur?
951 944 1020 984 An
1069 944 1119 984 de
1170 944 1302 984 servis
1349 942 1499 984 alienis

160 1007 311 1046 contra
342 1004 481 1058 legem
508 1003 685 1044 Fabiam
717 1002 895 1044 retentis
927 1005 1001 1043 aut
1027 1002 1077 1043 de
1103 1002 1266 1043 civibus
1294 1001 1499 1043 Romanis

161 1065 311 1104 contra
355 1063 495 1117 legem
531 1061 728 1103 Porciam
772 1061 1007 1102 verberatis
1052 1064 1126 1101 aut
1169 1060 1332 1102 necatis
1376 1060 1501 1115 plura
1520 1070 1553 1097 15

162 1121 338 1162 dicenda
382 1123 500 1172 sunt,
547 1135 642 1161 cum
689 1122 811 1161 tanto
855 1120 994 1160 studio
1040 1118 1084 1160 C.
1122 1119 1324 1160 Rabirius
1365 1118 1500 1160 totius

162 1179 357 1234 Apuliae,
384 1179 594 1233 singulari
613 1179 837 1219 voluntate
858 1177 1118 1231 Campaniae
1145 1177 1417 1229 [vicinitatis]
1438 1191 1501 1218 or-

161 1241 304 1291 netur,
345 1251 524 1291 cumque
563 1237 615 1278 ad
657 1237 745 1278 eius
783 1236 1119 1291 propulsandum
1150 1236 1384 1290 periculum
1416 1250 1501 1277 non

161 1296 288 1337 modo
327 1296 542 1349 homines,
580 1295 653 1336 sed
684 1310 816 1349 prope
847 1295 1044 1350 regiones
1075 1295 1195 1348 ipsae
1227 1295 1502 1336 convenerint

163 1355 385 1409 aliquanto
424 1354 554 1395 etiam
592 1354 722 1395 latius
760 1354 986 1406 excitatae,
1025 1368 1152 1407 quam
1191 1353 1325 1407 ipsius
1357 1353 1500 1394 vicini·
1521 1365 1555 1389 20
1603 1376 1614 1384 ·

162 1414 267 1455 tatis
299 1428 456 1454 nomen
488 1428 536 1454 ac
568 1412 740 1453 termini
771 1412 1080 1466 postulabant?
1142 1411 1253 1452 Nam
1287 1411 1388 1465 quid
1420 1426 1499 1467 ego

163 1472 215 1513 ad
242 1472 285 1513 id
310 1472 487 1527 longam
514 1471 752 1512 orationem
778 1485 1034 1524 comparem,
1061 1471 1174 1524 quod
1200 1473 1266 1511 est
1290 1470 1335 1511 in
1354 1470 1501 1511 eadem

162 1531 325 1572 multae
363 1531 626 1584 irrogatione
667 1531 998 1584 praescriptum,
1036 1529 1147 1571 1111116
1184 1543 1261 1570 1160
1294 1529 1394 1570 suae
1423 1543 1502 1570 nec

163 1590 328 1630 alienae
379 1589 607 1642 pudicitiae
657 1588 923 1642 pepercisse?
987 1587 1098 1636 Quin
1142 1589 1272 1629 etiam
1311 1587 1502 1642 suspicor

164 1662 212 1689 eo
245 1648 351 1688 mihi
384 1648 640 1689 semihoram
674 1648 726 1688 ab
753 1646 941 1688 Labieno
973 1646 1275 1700 praestitutam
1308 1661 1413 1699 esse,
1453 1647 1502 1686 ut
1520 1656 1555 1683 25

163 1720 216 1746 ne
247 1706 373 1759 plura
406 1706 456 1747 de
482 1705 689 1760 pudicitia
714 1706 908 1747 dicerem.
960 1705 1080 1760 Ergo
1107 1706 1159 1746 ad
1184 1705 1288 1746 haec
1313 1704 1500 1756 crimina,

166 1779 272 1818 quae
315 1765 488 1818 patroni
526 1765 796 1819 diligentiam
834 1764 1095 1815 desiderant,
1139 1763 1356 1818 intellegis
1395 1763 1501 1803 mihi

166 1822 425 1863 semihoram
458 1823 586 1863 istam
617 1823 797 1864 nimium
829 1824 1003 1877 longam
1035 1821 1178 1863 fuisse.

252 1881 379 1921 lllam
413 1881 593 1922 alteram
620 1883 787 1934 partem
820 1881 870 1922 de
894 1895 995 1922 11606
1022 1879 1241 1921 Saturnini
1265 1879 1392 1920 nimis
1419 1879 1500 1920 exi-

166 1954 294 1994 guam
322 1942 448 1992 atque
475 1942 703 1992 angustam
730 1954 821 1981 esse
846 1938 1040 1992 voluisti,
1073 1953 1180 1992 quae
1204 1952 1289 1979 non
1317 1938 1500 1979 oratoris
1520 1949 1556 1973 3⁰

165 1998 405 2052 ingenium,
443 1998 516 2038 sed
554 1998 740 2038 consulis
778 1997 981 2039 auxilium
1012 1997 1214 2050 implorat
1246 1999 1287 2037 et
1318 1996 1501 2052 flagitat.

165 2055 280 2097 Nam
318 2055 368 2095 de
406 2055 710 2108 perduellionis
747 2056 921 2108 iudicio,
965 2055 1076 2109 quod
1115 2070 1140 2096 a
1177 2069 1244 2095 me
1283 2055 1501 2096 sublatum

168 2129 260 2155 esse
299 2113 515 2155 criminari
554 2114 684 2168 soles,
722 2129 864 2155 meum
902 2113 1060 2155 crimen
1098 2116 1179 2166 est,
1217 2128 1302 2154 non
1339 2113 1500 2155 Rabiri.

166 2172 468 2225 Quodutinam,
489 2171 689 2224 Quirites,
710 2187 788 2227 ego
808 2173 851 2213 id
873 2175 947 2213 aut
962 2172 1123 2225 primus
1141 2174 1214 2212 aut
1229 2172 1343 2213 solus
1359 2187 1408 2213 ex
1421 2172 1500 2213 hac

165 2246 210 2272 re
235 2231 408 2284 publica
434 2230 720 2271 sustulissem!
749 2231 950 2282 [utinam]
976 2230 1074 2283 hoc,
1102 2230 1214 2283 quod
1238 2230 1312 2271 ille
1342 2230 1500 2271 crimen
1519 2240 1553 2265 35

167 2304 259 2330 esse
296 2289 407 2341 vult,
444 2288 665 2343 proprium
704 2288 999 2330 testimonium
1037 2302 1154 2328 meae
1198 2288 1336 2329 laudis
1377 2290 1499 2329 esset.

167 2347 276 2396 Quid
308 2347 420 2388 enim
453 2346 593 2401 optari
618 2349 774 2401 potest,
807 2347 919 2402 quod
951 2360 1029 2401 ego
1063 2346 1250 2400 mallem,
1279 2361 1407 2400 quam
1432 2360 1499 2387 me
