1687 2533
563 55 664 90 CAP.
692 59 782 89 5—7
809 59 828 97 ξ
857 59 1003 90 11-16,
1347 52 1435 94 435

93 155 394 206 versutamque
438 151 665 193 tristitiam
708 152 829 193 nulla
865 166 932 192 res
971 150 1306 204 commendaret,
1348 164 1434 191 non

93 212 198 253 iuris
230 211 367 253 civilis
402 210 641 265 prudentia,
671 225 759 252 non
785 209 952 251 dicendi
973 210 1163 263 facultas,
1193 223 1277 251 non
1302 209 1434 250 scien-

93 271 156 312 tia
192 270 254 312 rei
290 269 511 322 militaris,
547 283 634 310 non
666 268 1061 325 cognoscendorum
1092 267 1315 309 hominum
1349 270 1434 309 stu-

95 329 229 383 dium,
280 343 367 370 non
419 328 669 369 liberalitas.
739 326 873 376 Quem
919 327 1181 382 praeteriens
1231 341 1327 367 cum
1372 326 1433 367 in-

59 400 75 425 5
95 389 276 441 cultum,
307 386 530 428 horridum
561 389 855 440 maestumque
887 386 1080 438 vidisses,
1113 385 1282 427 etiamsi
1315 398 1434 439 agre-

95 449 203 488 stem
249 449 291 488 et
328 445 610 487 inhumanum
647 445 932 498 existimares,
974 447 1119 486 tamen
1156 444 1434 485 libidinosum

95 507 138 547 et
174 505 390 560 perditum
430 518 517 545 non
547 506 734 558 putares.
797 503 901 545 Cum
934 504 1014 544 hoc
1045 503 1219 544 homine
1252 518 1306 544 an
1338 517 1434 544 cum
1462 516 1505 546 14

96 564 244 619 stipite
286 563 332 604 in
367 562 462 605 foro
502 562 788 616 constitisses,
831 562 940 603 nihil
979 562 1170 603 crederes
1209 562 1435 614 interesse3

96 623 187 664 sine
214 637 353 676 sensu,
384 622 475 663 sine
502 635 666 675 sapore,
692 621 918 676 elinguem,
943 621 1127 674 tardum,
1152 620 1434 662 inhumanum

44 693 78 718 10
94 682 330 736 negotium,
356 679 653 735 Cappadocem
679 680 804 721 modo
832 680 1058 733 abreptum
1085 679 1135 720 de
1163 693 1292 734 grege
1312 693 1434 720 vena—

95 741 203 782 lium
236 740 406 781 diceres.
455 738 573 780 Idem
606 739 721 781 domi
753 754 881 793 quam
900 739 1174 791 >libidinosus
1206 752 1333 792 quam
1359 737 1435 778 im-

95 813 247 854 purus,
297 813 424 853 quam
473 799 763 852 intemperans
807 812 894 839 non
937 799 1067 838 ianua
1109 797 1311 851 receptis,
1363 796 1436 838 sed

95 857 388 911 pseudothyro
414 856 673 898 intromissis
698 857 1009 911 voluptatibus!
1055 855 1161 897 Cum
1183 870 1282 896 vero
1304 855 1435 896 etiam

96 916 255 957 litteris
283 915 450 957 studere
475 915 626 969 incipit
652 918 695 956 et
719 915 845 956 belua
870 915 1070 956 immanis
1097 930 1192 956 cum
1214 913 1434 955 Graeculis

44 986 77 1012 15
97 974 412 1030 philosophari,
444 976 536 1015 tum
576 976 641 1015 est
671 974 908 1028 Epicureus
946 989 1032 1014 non
1069 973 1239 1027 penitus
1277 973 1343 1014 illi
1376 972 1435 1013 di-

98 1034 313 1088 sciplinae,
333 1047 621 1088 quaecumque
642 1035 720 1086 est,
741 1033 920 1086 deditus,
940 1032 1014 1074 sed
1034 1035 1184 1086 captus
1204 1046 1288 1072 uno
1303 1032 1434 1073 verbo

96 1092 344 1147 voluptatis.
382 1090 526 1133 Habet
553 1094 695 1133 autem
722 1092 954 1147 magistros
974 1106 1061 1132 non
1081 1106 1131 1131 ex
1151 1091 1246 1131 istis
1266 1090 1436 1146 ineptis,

99 1151 171 1206 qui
209 1151 297 1192 dies
334 1153 451 1192 totos
491 1150 541 1191 de
574 1150 714 1192 officio
747 1165 795 1192 ac
827 1150 876 1191 de
909 1150 1067 1191 virtute
1101 1150 1333 1202 disserunt,
1365 1149 1437 1203 qui

98 1210 151 1251 ad
194 1210 404 1261 laborem,
448 1209 501 1250 ad
537 1208 813 1263 industriam,
857 1209 908 1250 ad
949 1208 1141 1263 pericula
1177 1223 1255 1263 pro
1294 1208 1436 1262 patria

45 1280 79 1304 20
99 1268 318 1310 subeunda
356 1268 657 1321 adhortantur,
697 1268 769 1309 sed
801 1282 892 1321 eos,
930 1268 1003 1322 qui
1035 1267 1254 1321 disputent
1284 1266 1436 1307 horam

97 1328 263 1368 nullam
294 1341 472 1368 vacuam
504 1327 724 1380 voluptate
757 1341 849 1367 esse
882 1326 1051 1377 debere,
1088 1326 1134 1366 in
1166 1325 1282 1366 omni
1313 1328 1436 1379 parte

99 1385 289 1439 corporis
337 1399 505 1439 semper
548 1387 746 1439 oportere
792 1384 965 1438 aliquod
1008 1384 1210 1438 gaudium
1255 1383 1437 1424 delecta-

99 1444 345 1498 tionemque
388 1444 560 1484 versari.
628 1442 707 1483 His
745 1444 881 1483 utitur
918 1443 1040 1496 quasi
1078 1442 1303 1496 praefectis
1342 1442 1436 1483 libi-
1465 1453 1506 1484 15

103 1503 248 1543 dinum
288 1516 478 1555 suarum,
515 1501 561 1542 hi
598 1502 841 1555 voluptates
880 1515 1028 1543 omnes
1060 1501 1277 1555 vestigant
1310 1503 1436 1555 atque

48 1573 81 1598 25
102 1561 347 1614 odorantur,
376 1560 423 1601 hi
456 1564 556 1601 sunt
583 1560 822 1601 conditores
848 1560 1214 1613 instructoresque
1240 1560 1438 1614 convivii,

100 1620 213 1661 idem
257 1619 500 1672 expendunt
543 1621 671 1673 atque
715 1619 946 1660 aestimant
983 1619 1226 1672 voluptates
1273 1621 1438 1659 senten-

101 1679 291 1732 tiamque
331 1677 475 1719 dicunt
514 1680 556 1718 et
593 1677 799 1726 iudicant,
839 1679 1045 1731 quantum
1082 1676 1232 1731 cuique
1270 1676 1438 1717 libidini

101 1736 373 1778 tribuendum
401 1751 492 1777 esse
522 1736 728 1777 videatur.
771 1735 939 1777 Horum
964 1736 1037 1776 ille
1059 1736 1225 1776 artibus
1247 1735 1436 1776 eruditus

101 1795 165 1836 ita
183 1795 442 1848 contempsit
460 1795 570 1836 hanc
590 1794 967 1849 prudentissimam
988 1794 1217 1847 civitatem,
1236 1796 1284 1835 ut
1298 1794 1437 1835 omnis

50 1865 85 1891 30
104 1868 202 1895 suas
227 1853 438 1906 libidines,
471 1853 614 1894 omnia
639 1853 805 1907 flagitia
831 1854 965 1894 latere
991 1867 1117 1906 posse
1143 1853 1438 1905 arbitraretur,

103 1912 139 1953 si
171 1912 295 1953 modo
328 1912 497 1954 vultum
528 1914 820 1964 importunum
852 1912 899 1952 in
929 1911 1069 1953 forum
1103 1911 1338 1952 detulisset.
1394 1910 1437 1951 Is
1466 1912 1489 1952 7

102 1985 369 2025 nequaquam
406 1985 473 2011 me
513 1970 682 2024 quidem
719 1968 969 2025 (cognoram
1009 1971 1120 2011 enim
1157 1972 1333 2024 propter
1370 1969 1438 2010 Pi-

105 2043 254 2070 sonum
293 2029 576 2081 adfinitatem,
615 2043 742 2083 quam
782 2029 910 2083 longe
941 2029 1053 2070 hunc
1086 2028 1138 2070 ab
1171 2029 1251 2069 hoc
1285 2041 1439 2082 genere

105 2087 303 2141 cognatio
348 2091 542 2128 materna
579 2087 850 2141 Transalpini
892 2087 1114 2142 sanguinis
1159 2086 1440 2138 abstulisset),

51 2155 86 2181 35
106 2145 179 2186 sed
221 2160 297 2187 vos
340 2146 630 2212 populumque
669 2145 910 2187 Romanum
953 2160 1038 2187 non
1083 2145 1260 2186 consilio
1304 2159 1440 2199 neque

106 2203 365 2257 eloquentia,
409 2205 522 2258 quod
564 2205 609 2245 in
646 2204 794 2245 multis
833 2218 958 2259 saepe
997 2204 1166 2256 accidit,
1211 2204 1283 2244 sed
1320 2217 1439 2258 rugis

106 2261 418 2316 supercilioque
462 2262 638 2317 decepit.
709 2261 756 2304 L.
788 2261 905 2318 Piso,
947 2266 1050 2304 tune
1095 2275 1222 2304 ausus
1267 2275 1311 2302 es
1355 2262 1439 2302 isto
1470 2272 1510 2303 16

1158 2330 1229 2364 ‘28³5
