1619 2542
493 123 594 160 CAP.
623 128 678 168 70,
707 128 748 159 71
777 128 795 166 ἓ
825 128 1020 160 199—‘20-2.
1354 124 1436 164 177

95 222 278 262 mortem
322 235 367 262 se
410 220 490 261 filii
534 221 681 276 lugere
721 220 976 261 simulasset.
1036 219 1159 261 Nunc
1196 234 1296 261 vero
1337 220 1438 274 quid

96 279 177 320 erit
207 279 458 334 profectum,
489 279 573 320 nisi
604 282 652 320 ut
682 279 808 320 huius
836 294 885 320 ex
911 278 1062 320 mediis
1090 278 1242 320 mortis
1268 278 1437 320 insidiis

95 337 183 378 vita
222 338 273 379 ad
305 338 467 379 luctum
499 341 769 390 conservata,
808 352 923 379 mors
957 338 1150 392 sepulcro
1182 337 1319 392 patris
1351 337 1437 392 pri-

96 399 197 437 vata
223 410 314 437 esse
334 396 562 437 videatur?
607 395 720 437 Satis
753 396 823 437 diu
848 396 931 437 fuit
955 397 1000 437 in
1025 396 1224 450 miseriis,
1254 396 1425 450 iudices,
1440 407 1507 437 ‘202

60 465 77 491 5
97 455 201 496 satis
237 455 397 496 multos
437 469 571 496 annos
605 469 654 496 ex
686 455 848 496 invidia
880 455 1106 496 laboravit.
1167 454 1306 496 Nemo
1338 455 1437 496 huic

95 517 185 555 tam
216 513 385 567 iniquus
417 516 588 568 praeter
617 516 840 568 parentem
866 514 958 567 fuit,
985 513 1102 555 cuius
1132 528 1219 554 non
1246 514 1438 555 animum

95 573 182 613 iam
225 573 443 626 expletum
486 586 578 613 esse
621 575 831 626 putemus.
899 571 1008 626 Vos,
1052 572 1124 626 qui
1169 572 1295 627 aequi
1333 573 1437 614 estis

97 630 307 683 omnibus,
333 632 416 685 qui,
442 633 489 671 ut
515 631 692 685 quisque
713 631 1006 672 crudelissime
1028 634 1314 686 oppugnatur,
1341 646 1439 672 eum

98 689 313 730 lenissime
355 689 606 742 sublevatis,
644 693 894 731 conservate
931 691 982 730 A.
1014 688 1278 744 Cluentium,
1317 690 1438 731 resti-

45 759 78 783 10
97 750 203 789 tuite
229 748 486 790 incolumem
514 748 765 803 municipi03
799 748 959 802 amicis,
991 747 1153 797 vicinis,
1180 748 1438 803 hospitibus,

97 821 278 861 quorum
315 807 456 848 studia
494 807 664 857 videtis,
708 807 888 858 reddite,
913 806 1057 848 rvobis
1101 807 1145 847 in
1183 809 1438 861 perpetuum

97 865 328 919 liberisque
359 866 514 907 vestris
547 866 816 921 obstringite.
872 864 1076 906 Vestrum
1109 868 1175 906 est
1206 866 1299 919 hoc,
1330 866 1439 907 iudi-

97 938 182 977 ces,
218 927 386 966 vestrae
426 924 670 979 dignitatis,
706 927 872 965 vestrae
906 924 1175 977 clementiae3
1213 928 1326 966 recte
1357 924 1438 966 hoc

0 1034 1 1039 ¹
97 983 304 1037 repetitur
342 998 366 1024 a
397 983 536 1036 vobis,
577 985 625 1025 ut
662 983 802 1024 virum
834 983 1045 1036 optimum
1077 985 1204 1037 atque
1236 984 1438 1025 innocen-

46 1052 78 1078 15
97 1042 313 1082 tissimum
362 1042 644 1096 plurimisque
691 1042 948 1083 mortalibus
993 1041 1265 1083 carissimum
1310 1045 1438 1096 atque

97 1100 449 1141 iucundissimum
489 1100 557 1142 his
604 1100 835 1155 aliquando
874 1100 1195 1142 calamitatibus
1233 1101 1439 1154 liberetis,

97 1161 146 1200 ut
166 1173 312 1200 omnes
331 1159 619 1213 intellegant
608 1174 653 1200 111
673 1159 945 1201 contionibus
967 1174 1058 1201 esse
1079 1159 1262 1234 invidiae
1283 1159 1441 1213 locum,

97 1217 143 1259 111
174 1218 338 1259 iudiciis
371 1219 555 1259 velitati.

177 2408 250 2434 CIC.
272 2410 303 2434 11
325 2411 349 2435 2.
1162 2411 1204 2441 1?
