1619 2542
560 81 661 117 CAP.
687 85 826 116 34—36
852 85 870 123 ς
889 85 1046 118 ,71—75.
1405 81 1489 121 331

149 179 216 234 pie
247 178 350 220 fecit
375 180 418 219 et
443 177 513 219 hic
540 192 564 219 a
589 177 716 232 culpa
743 179 809 219 est
833 179 1036 218 remotus.
1079 174 1235 217 Omnia
1260 175 1366 217 haec
1391 178 1492 217 sunt

149 237 292 280 officia
315 236 666 290 necessariorum,
691 236 914 278 commoda
939 235 1195 290 tenuiorum,
1222 235 1368 276 munia
1393 249 1492 276 can-

150 296 404 338 didatorum.
906 306 909 309 '

239 355 301 396 At
331 354 444 396 enim
471 353 563 409 agit
588 368 753 395 mecum
780 355 948 395 austere
974 355 1017 394 et
1043 352 1182 394 Stoice
1209 351 1330 407 Cato,
1361 355 1493 407 negat

96 426 113 452 5
150 428 298 455 verum
336 427 428 455 esse
461 412 575 454 allici
607 412 942 454 benivolentiam
973 411 1088 466 cibo,
1127 414 1260 467 negat
1290 411 1494 453 iudicium

150 473 372 514 hominum
398 472 443 512 in
470 471 795 526 magistratibus
823 470 1076 512 mandandis
1103 470 1319 524 corrumpi
1344 470 1494 525 volup-

151 531 315 573 tatibus
348 533 559 585 oportere.
612 529 743 585 Ergo,
776 529 829 571 ad
861 544 1009 571 cenam
1040 529 1264 584 petitionis
1296 544 1424 571 causa
1457 529 1495 570 si

154 590 250 644 quis
282 592 425 642 vocat,
458 588 790 631 condemnetur?
853 587 1066 643 ‘Quippess
1097 588 1254 642 inquit3
1293 587 1356 629 ttu
1387 588 1496 629 mihi

153 663 368 691 summum
399 648 638 703 imperium,
670 662 883 688 summam
917 647 1232 700 auctoritatem,
1263 649 1313 688 tu
1344 647 1495 702 guber-

99 721 133 746 ιο
152 708 306 750 nacula
348 707 410 749 rei
452 707 647 761 publicae
694 709 816 761 petas
859 705 1053 747 fovendis
1098 705 1322 747 hominum
1360 705 1497 747 sensi-

152 767 232 808 bus
264 769 308 808 et
338 765 590 807 deliniendis
623 765 778 807 animis
813 768 856 806 et
887 764 1138 806 adhibendis
1170 764 1495 818 voluptatibus?

152 824 310 867 Utrum
348 824 633 878 lenocinium',
669 824 827 878 inquit,
865 822 906 864 <a
943 836 1073 878 grege
1111 823 1318 864 delicatae
1355 822 1497 864 iuven-

153 884 261 926 tutis
299 898 355 925 an
391 883 508 925 orbis
546 886 757 924 terrarum
790 883 1019 937 imperium
1051 896 1076 923 a
1106 882 1267 937 populo
1299 881 1495 923 Romano

153 941 375 996 petebas‘?'
413 941 647 983 Horribilis
677 941 833 995 oratio,
860 941 934 982 sed
960 955 1054 982 eam
1074 955 1188 994 usus,
1217 941 1318 994 vita,
1344 954 1497 993 mores,

102 1013 135 1049 ιβ
155 1002 307 1043 civitas
341 1001 435 1055 ipsa
459 1001 635 1054 respuit.
681 999 831 1054 Neque
856 1003 1001 1041 tamen
1028 998 1367 1053 Lacedaemonii,
1403 1013 1498 1040 auc-

153 1063 270 1102 tores
302 1060 427 1101 istius
458 1060 570 1100 vitae
603 1062 731 1114 atque
764 1059 984 1112 orat-ionis,
1011 1058 1084 1112 qui
1110 1058 1335 1100 cotidianis
1363 1058 1498 1112 epulis

154 1119 198 1160 in
247 1118 400 1160 robore
445 1118 718 1172 accumbunt,
766 1132 905 1172 neque
952 1131 1053 1159 vero
1104 1116 1271 1169 Cretes,
1318 1131 1497 1171 quorum

153 1191 278 1219 nemo
310 1177 503 1232 gustavit
533 1192 736 1232 umquam
769 1177 942 1230 cubans,
973 1176 1127 1217 melius
1154 1190 1283 1229 quam
1315 1175 1499 1216 Romani

155 1237 368 1290 homines,
413 1236 485 1290 qui
525 1238 723 1291 tempora
764 1234 1003 1289 voluptatis
1047 1234 1294 1287 laborisque
1342 1234 1500 1287 disper-

103 1308 137 1333 20
156 1295 290 1349 tiunt,
333 1309 401 1336 res
439 1294 634 1349 publicas
678 1308 777 1335 suas
820 1293 1106 1346 retinuerunt3
1146 1307 1328 1346 quorum
1374 1292 1500 1333 alteri

155 1367 240 1395 uno
272 1353 457 1394 adventu
486 1353 626 1394 nostri
657 1352 866 1393 exercitus
900 1351 1029 1392 deleti
1061 1353 1173 1404 sunt,
1205 1350 1331 1391 alteri
1360 1350 1499 1391 nostri

156 1412 327 1466 imperii
380 1411 594 1466 praesidio
651 1410 920 1464 disciplinam
977 1424 1098 1450 suam
1152 1409 1355 1464 legesque
1405 1423 1500 1450 con-

159 1472 343 1511 servant.
404 1468 542 1517 Quare
580 1469 688 1522 noli,
726 1467 853 1521 Cato,
891 1468 1100 1509 maiorum
1132 1467 1352 1521 instituta,
1391 1481 1498 1520 quae
1514 1455 1570 1496 36

158 1542 226 1570 res
264 1528 370 1582 ipsa,
403 1542 510 1581 quae
542 1527 798 1568 diuturnitas
830 1526 999 1580 imperii
1024 1526 1288 1580 comprobat,
1320 1525 1500 1566 nimium

105 1600 140 1626 25
162 1601 308 1628 severa
345 1586 539 1627 oratione
577 1585 896 1639 reprehendere.
957 1584 1057 1625 Fuit
1095 1583 1244 1625 eodem
1276 1598 1326 1625 ex
1359 1584 1500 1625 studio

160 1645 225 1686 vir
269 1645 460 1686 eruditus
504 1644 617 1700 apud
654 1646 800 1698 patres
837 1645 1008 1685 nostros
1047 1645 1090 1684 et
1126 1642 1332 1683 honestus
1371 1643 1500 1684 homo

161 1706 204 1745 et
251 1703 429 1756 nobilis,
479 1701 526 1751 Q.
564 1702 744 1744 Tubero.
818 1701 879 1756 Is,
929 1716 1025 1743 cum
1069 1701 1242 1756 epulum
1291 1700 1338 1749 Q.
1367 1700 1500 1742 Maxi-

160 1777 256 1804 mus
292 1761 339 1804 P.
365 1760 575 1814 Africani,
612 1760 758 1816 patrui
789 1760 872 1814 sui,
909 1760 1080 1802 nomine
1112 1760 1271 1814 populo
1303 1759 1499 1801 Romano

163 1821 304 1874 daret,
335 1823 514 1876 rogatus
546 1823 611 1861 est
643 1834 668 1861 a
698 1818 901 1870 Maximo,
932 1821 980 1859 ut
1010 1819 1248 1860 triclinium
1280 1821 1502 1872 sterneret,

109 1892 145 1917 30
164 1894 259 1921 cum
309 1884 422 1921 esset
465 1878 633 1921 Tubero
684 1877 871 1919 eiusdem
920 1877 1115 1918 Africani
1165 1877 1325 1918 sororis
1375 1877 1501 1918 filius.

163 1938 306 1991 Atque
336 1938 422 1988 ille,
454 1937 582 1979 homo
609 1936 922 1977 eruditissimus
949 1950 998 1978 ac
1024 1934 1204 1988 Stoicus,
1237 1935 1393 1976 stravit
1416 1935 1503 1988 pel-

163 1994 304 2037 liculis
351 1996 544 2037 haedinis
582 1995 762 2037 lectulos
800 1994 1041 2035 Punicanos
1080 1997 1123 2036 et
1162 1993 1360 2048 exposuit
1397 2007 1503 2035 vasa

165 2052 319 2107 Samia,
351 2054 474 2108 quasi
505 2068 606 2095 vero
639 2056 751 2095 esset
782 2052 996 2108 Diogenes
1023 2051 1207 2107 Cynicus
1239 2054 1434 2093 mortuus
1461 2054 1503 2092 et

1527 1506 1570 1537 75

164 2125 252 2153 non
284 2111 416 2153 divini
446 2112 632 2155 hominis
659 2111 854 2152 Africani
880 2126 994 2153 mors
1020 2111 1341 2163 honestaretur3
1377 2124 1503 2164 quem
1545 2142 1548 2143 ν

111 2180 145 2206 35
166 2184 262 2211 cum
292 2184 490 2225 supremo
523 2171 612 2212 eius
640 2170 706 2211 die
731 2169 945 2211 Maximus
977 2170 1185 2223 laudaret,
1217 2168 1381 2224 gratias
1414 2168 1504 2223 egit

166 2228 229 2269 dis
272 2227 607 2284 immortalibus,
651 2228 764 2283 quod
807 2228 880 2269 ille
922 2228 989 2270 vir
1031 2229 1076 2269 in
1118 2229 1199 2269 hac
1243 2241 1288 2268 re
1331 2226 1503 2280 publica

165 2286 441 2341 potissimum
477 2290 601 2329 natus
640 2289 770 2341 esset3
807 2301 978 2328 necesse
1011 2288 1122 2328 enim
1153 2285 1286 2327 fuisse
1318 2284 1380 2326 ibi
1412 2298 1504 2326 esse
