1619 2542
92 938 135 969 34

93 1524 136 1555 35

163 73 218 114 86
433 73 496 107 DE
516 72 715 107 IMPERIO
738 71 810 107 CN.
823 71 1002 107 POMPEI
1029 71 1222 108 ORATIO.

162 183 264 211 vero
289 168 500 224 ignoratis
526 170 698 222 portum
720 166 893 209 Caietae
920 166 1244 210 celeberrimum
1273 183 1319 210 ac
1346 168 1504 223 plenis-

164 229 319 269 simum
367 227 543 268 navium
593 227 859 281 inspectante
903 230 1099 279 praetore
1144 241 1170 268 a
1216 227 1504 280 praedonibus

164 301 257 328 esse
297 285 529 340 direptum,
567 299 618 326 ex
654 284 820 326 Miseno
856 288 999 326 autem
1038 284 1126 326 eius
1164 285 1301 339 ipsius
1333 286 1504 340 liberos,

163 345 235 400 qui
275 359 370 386 cum
414 344 699 398 praedonibus
746 346 872 384 antea
910 342 971 384 ibi
1015 343 1178 384 bellum
1224 347 1436 399 gesserat,
1479 360 1505 386 a

162 402 449 459 praedonibus
488 416 579 444 esse
617 402 842 443 sublatos?
904 400 1018 443 Nam
1060 402 1160 456 quid
1194 416 1273 457 ego
1307 402 1539 446 Ostiense-'³

165 462 478 504 incommodum
511 464 638 515 atque
665 461 785 501 illam
811 460 954 502 labem
981 463 1108 515 atque
1134 460 1415 514 ignominiam
1442 463 1505 503 rei

163 521 359 575 publicae
417 534 591 575 querar,
647 534 741 561 cum
800 533 930 573 prope
989 519 1330 574 inspectantibus
1380 520 1502 562 vobis

162 581 311 622 classis
344 593 404 632 ea,
431 578 498 619 cui
529 578 679 619 consul
706 578 854 632 populi
874 578 1055 619 Romani
1081 578 1350 633 praepositus
1379 582 1505 633 esset,

164 654 188 679 a
219 637 505 692 praedonibus
539 640 665 691 capta
691 640 817 691 atque
850 650 1054 691 oppressa
1086 637 1180 678 est?
1242 636 1326 679 Pro
1359 637 1401 679 di
1426 638 1503 679 im-

163 697 388 739 mortales!
426 698 650 737 tantamne
691 696 814 736 unius
846 694 1031 736 hominis
1071 695 1332 737 incredibilis
1365 711 1414 738 ac
1445 696 1503 737 di·
1526 708 1558 733 10

163 756 264 797 vina
306 755 442 796 virtus
492 757 582 795 tam
634 754 753 795 brevi
802 757 995 808 tempore
1045 754 1183 795 lucem
1234 754 1398 796 adferre
1442 754 1504 797 rei

163 815 359 869 publicae
392 812 545 867 potuit,
577 816 626 854 ut
657 827 745 866 vos,
778 812 849 866 qui
875 812 1001 854 modo
1034 815 1133 854 ante
1160 813 1318 854 ostium
1340 813 1504 855 Tiberi·

162 888 264 914 num
296 873 475 914 classem
507 872 697 912 hostium
730 870 959 925 videbatis,
990 871 1021 912 ii
1051 885 1163 913 nunc
1194 872 1358 913 nullam
1389 872 1503 914 intra

164 931 320 973 Oceani
360 932 518 972 ostium
550 930 812 985 praedonum
844 944 997 971 navem
1031 943 1121 972 esse
1154 930 1365 972 audiatis?
1428 931 1503 972 At-

164 1005 243 1044 que
275 990 380 1031 haec
412 1004 496 1044 qua
527 988 744 1030 celeritate
772 995 892 1044 gesta
916 990 1015 1041 sint,
1048 1003 1306 1043 quamquam
1331 989 1504 1043 indetis,
1524 1002 1556 1026 15

162 1054 307 1089 tamen
340 1063 364 1089 a
395 1063 464 1089 me
495 1048 539 1088 in
571 1047 745 1089 dicendo
778 1047 1088 1101 praetereunda
1121 1062 1207 1089 non
1239 1050 1349 1090 sunt.
1399 1047 1501 1097 Quis

163 1107 275 1149 enim
319 1121 524 1161 umquam
569 1110 643 1147 aut
687 1105 870 1147 obeundi
906 1106 1070 1160 negotii
1109 1109 1182 1147 aut
1219 1106 1503 1161 consequendi

163 1167 364 1220 quaestus
412 1165 552 1206 studio
597 1166 687 1205 tam
732 1165 852 1205 brevi
897 1168 1089 1218 tempore
1133 1167 1202 1206 tot
1245 1166 1337 1207 loca
1375 1165 1502 1218 adire,

162 1227 309 1265 tantos
336 1238 483 1265 cursus
511 1223 714 1265 conficere
740 1223 892 1276 potuit,
920 1238 1043 1277 quam
1072 1223 1266 1265 celeriter
1286 1222 1358 1265 Cn.
1380 1224 1503 1266 Pom-

162 1283 258 1336 peio
292 1282 393 1323 duce
425 1282 538 1323 tanti
568 1281 670 1322 belli
702 1281 886 1334 impetus
918 1282 1169 1337 navigavit?
1210 1282 1282 1336 qui
1313 1282 1502 1323 nondum
1524 1294 1557 1319 20

162 1340 421 1396 tempestivo
462 1340 515 1382 ad
545 1339 835 1394 navigandum
867 1340 977 1381 mari
1010 1339 1197 1381 Siciliam
1232 1340 1353 1394 adiit,
1390 1340 1503 1382 Afri-

164 1415 253 1441 cam
285 1399 543 1454 exploravit,
584 1399 627 1439 in
661 1398 901 1440 Sardiniam
932 1413 1028 1440 cum
1061 1399 1195 1440 classe
1226 1399 1344 1440 venit
1375 1402 1502 1454 atque

162 1459 268 1500 haec
300 1459 385 1499 tria
408 1457 692 1499 frumentaria
718 1457 907 1498 subsidia
932 1457 994 1498 rei
1020 1457 1217 1512 publicae
1242 1457 1502 1500 firmissimis

163 1516 387 1572 praesidiis
426 1516 717 1570 classibusque
751 1515 942 1557 munivit.
1003 1515 1105 1557 Inde
1137 1530 1233 1558 cum
1265 1530 1308 1558 se
1340 1516 1382 1558 in
1415 1515 1502 1558 Ita-

164 1576 265 1617 liam
304 1576 551 1630 recepisset,
589 1574 752 1615 duabus
792 1574 1011 1629 Hispaniis
1053 1578 1096 1615 et
1128 1574 1270 1616 Gallia
1302 1574 1500 1616 Transal-
1522 1586 1555 1612 25

163 1635 265 1689 pina
296 1633 521 1689 praesidiis
555 1648 602 1675 ac
633 1633 813 1674 navibus
846 1633 1115 1687 confirmata,
1147 1633 1288 1675 missis
1320 1634 1425 1674 item
1457 1634 1501 1674 in

165 1707 283 1733 oram
322 1692 482 1746 Illyrici
520 1691 649 1733 maris
688 1694 731 1732 et
768 1692 813 1732 in
845 1691 1053 1734 Achaiam
1087 1706 1339 1747 omnemque
1371 1691 1500 1733 Grae-

164 1752 275 1792 ciam
318 1751 500 1791 navibus
545 1751 698 1791 Italiae
743 1750 824 1792 duo
873 1750 1009 1792 maria
1053 1751 1250 1792 maximis
1293 1750 1501 1792 classibus

163 1809 506 1863 firmissimisque
557 1809 778 1862 praesidiis
827 1808 1069 1863 adornavit,
1118 1809 1207 1862 ipse
1257 1810 1399 1850 autem
1453 1811 1502 1850 ut

164 1866 394 1909 Brundisio
426 1867 643 1921 profectus
677 1871 752 1921 est,
779 1867 1245 1923 undequinquagesimo
1271 1866 1335 1908 die
1362 1869 1500 1908 totam
1520 1879 1554 1904 30

166 1926 219 1966 ad
244 1924 469 1979 imperium
496 1925 645 1980 populi
671 1925 852 1967 Romani
879 1925 1071 1967 Ciliciam
1099 1925 1309 1978 adiunxit3
1342 1940 1501 1980 omnes,

166 1984 239 2038 qui
269 1984 426 2038 ubique
458 1984 693 2038 praedones
725 1985 909 2038 fuerunt,
940 1984 1099 2039 partim
1132 1983 1245 2038 capti
1271 1983 1500 2027 interfecti-

167 2057 247 2096 que
280 2046 397 2095 sunt,
428 2042 585 2096 partim
620 2042 743 2083 unius
776 2042 901 2083 liuius
928 2056 972 2083 se
1004 2041 1182 2096 imperio
1216 2056 1263 2083 ac
1295 2042 1501 2096 potestati

168 2101 429 2142 dediderunt.
490 2099 607 2141 Idem
641 2099 928 2154 Cretensibus,
961 2115 1055 2142 cum
1088 2101 1139 2141 ad
1173 2114 1267 2142 eum
1301 2101 1500 2155 usquein

166 2159 467 2214 Pamphyliam
500 2159 668 2214 legatos
703 2159 1081 2214 deprecatoresque
1114 2158 1351 2211 misissent,
1383 2173 1500 2213 spem
1521 2169 1554 2195 35

168 2218 394 2259 deditionis
432 2231 516 2259 non
551 2218 711 2258 ademit
743 2217 994 2272 obsidesque
1026 2217 1265 2271 imperavit.
1309 2217 1377 2259 Ita
1408 2221 1500 2259 tan-

168 2280 258 2317 tum
299 2277 476 2331 bellum,
515 2280 605 2317 tam
639 2275 903 2330 diuturnum,
941 2279 1027 2316 tam
1060 2276 1186 2330 longe
1219 2277 1387 2330 lateque
1419 2275 1501 2317 dis-
