1619 2542
563 70 663 106 CAP.
691 73 828 104 13—15
855 74 873 110 g
899 72 1048 104 39—44.
1400 68 1454 109 89

114 166 160 207 in
193 180 275 220 quo
308 166 402 221 ipso
435 166 547 207 inest
579 166 787 221 quaedam
820 165 1008 220 dignitas
1039 164 1335 219 imperatoria,
1368 178 1456 218 vos,

116 223 322 278 Quirites,
360 225 441 266 hoc
476 224 572 279 ipso
605 239 655 266 ex
686 224 780 266 loco
813 238 939 278 saepo
971 223 1247 278 cognovistis.
1307 222 1456 264 Fidem

115 298 216 325 vero
269 283 358 324 eius
409 286 614 338 quantam
658 283 770 324 inter
814 283 952 324 socios
997 282 1236 323 existimari
1278 281 1456 336 putatis,

116 357 244 397 quam
287 342 434 383 hostes
480 356 625 383 omnes
666 341 856 383 omnium
898 355 1101 397 generum
1140 340 1457 382 sanctissimam

81 400 374 442 biudicarint‘?
446 400 726 441 Humanitate
769 400 855 441 iam
899 402 1022 441 tanta
1066 402 1148 452 est,
1192 402 1241 440 ut
1284 399 1457 440 difficile

118 460 233 501 dictu
259 459 327 512 sit,
360 461 503 500 utrum
530 459 678 500 hostes
706 459 843 513 magis
869 459 1074 500 virtutem
1100 459 1190 500 eius
1217 461 1458 514 pugnantes

116 518 339 559 timuerint
395 532 449 558 an
505 518 874 558 mansuetudinem
924 517 1027 559 victi
1082 516 1322 559 dilexerint.
1400 516 1459 558 Et

117 576 343 632 quisquam
388 576 619 631 dubitabit,
672 578 774 630 quin
818 576 917 617 huic
959 577 1040 617 hoc
1082 578 1254 617 tantum
1298 575 1459 617 bellum

115 635 495 677 transmittendum
536 635 609 687 sit,
649 635 721 689 qui
763 635 816 676 ad
848 634 991 675 omnia
1021 636 1194 676 nostrae
1226 634 1459 676 memoriae

66 704 97 730 10
116 694 232 736 bella
275 694 535 735 conficienda
580 693 721 735 divino
762 693 946 748 quodam
985 693 1163 735 consilio
1201 695 1330 734 natus
1368 707 1459 734 esse

116 752 337 795 videatur?

206 812 264 852 Et
306 811 507 867 quoniam
547 811 782 853 auctoritas
828 824 995 865 quoque
1033 810 1078 851 in
1115 810 1241 851 bellis
1284 809 1460 851 admini-

119 870 304 913 strandis
337 870 520 911 multum
553 873 681 925 atque
706 870 751 911 in
776 869 956 924 imperio
983 869 1162 910 militari
1187 869 1315 923 valet,
1347 871 1461 911 certe

117 929 278 971 nemini
317 929 492 970 dubium
533 931 618 983 est,
656 929 758 982 quin
796 943 845 969 ea
882 942 926 969 re
964 927 1078 969 idem
1116 928 1188 969 ille
1226 927 1462 981 imperator

69 998 98 1024 15
117 988 349 1043 plurimum
398 987 548 1042 possit.
620 986 909 1029 Vehementer
962 990 1105 1028 autem
1149 987 1364 1041 pertinere
1408 986 1462 1028 ad

119 1047 234 1088 bella
272 1046 627 1100 administranda,
672 1046 772 1100 quid
809 1046 974 1098 hostes,
1013 1045 1115 1100 quid
1152 1045 1257 1087 socii
1295 1045 1345 1086 de
1382 1045 1461 1086 im-

117 1105 391 1161 peratoribus
418 1105 579 1147 nostris
606 1105 864 1157 existiment,
897 1104 991 1158 quis
1017 1104 1202 1159 ignorat,
1234 1118 1330 1145 cum
1357 1105 1462 1146 scia-

118 1178 213 1206 mus
245 1164 460 1218 homines,
490 1164 536 1205 in
567 1164 701 1205 tantis
734 1164 860 1204 rebus
892 1165 940 1204 ut
972 1167 1046 1204 aut
1078 1165 1356 1204 contemnant
1388 1165 1462 1204 aut

119 1226 314 1264 metuant
351 1226 426 1264 aut
465 1223 633 1264 oderint
665 1225 739 1264 aut
771 1225 934 1276 ament,
972 1221 1172 1275 opinione
1202 1236 1288 1263 non
1320 1221 1461 1262 minus

66 1292 100 1317 20
119 1284 162 1323 et
192 1281 308 1323 fama
340 1296 468 1336 quam
501 1281 645 1335 aliqua
676 1282 842 1322 ratione
869 1283 986 1322 certa
1012 1280 1300 1322 commoveri?
1340 1279 1463 1328 Quod

126 1340 260 1395 igitur
295 1355 451 1381 nomen
488 1354 691 1394 umquam
727 1340 773 1380 in
799 1340 901 1381 orbe
932 1341 1145 1380 terrarum
1178 1339 1335 1380 clarius
1367 1338 1461 1391 fuit,

120 1399 238 1441 cuius
270 1413 338 1440 res
371 1402 517 1453 gestae
547 1399 702 1453 pares?
742 1398 792 1439 de
825 1413 908 1452 quo
941 1397 1114 1439 homine
1146 1411 1241 1451 vos,
1273 1397 1316 1438 id
1349 1398 1461 1451 quod

120 1457 304 1498 maxime
347 1457 451 1498 facit
495 1457 813 1510 auctoritatem,
854 1459 978 1497 tanta
1022 1458 1065 1497 et
1108 1457 1198 1496 tam
1239 1456 1462 1510 praeclara

121 1516 276 1558 iudicia
318 1515 510 1557 fecistis?
578 1515 647 1556 An
685 1530 783 1556 vero
822 1515 954 1555 ullam
992 1528 1173 1568 usquam
1211 1528 1303 1555 esse
1341 1529 1460 1556 oram

68 1584 101 1610 25
121 1577 209 1615 tam
250 1574 461 1615 desertam
499 1574 680 1628 putatis,
717 1588 798 1627 quo
836 1587 922 1614 non
960 1572 1076 1613 illius
1110 1572 1193 1613 diei
1223 1572 1340 1614 fama
1370 1587 1462 1627 per-

122 1633 292 1685 vaserit,
325 1647 420 1674 cum
453 1633 676 1673 universus
708 1632 892 1686 populus
925 1630 1142 1672 Romanus
1174 1630 1334 1673 referto
1365 1631 1460 1674 foro

122 1691 429 1745 completisque
474 1691 673 1732 omnibus
718 1690 910 1745 templis,
954 1704 1004 1731 ex
1042 1689 1196 1744 quibus
1235 1689 1304 1731 hic
1342 1690 1461 1732 locus

123 1750 311 1804 conspici
343 1752 498 1804 potest,
530 1764 660 1790 unum
694 1749 777 1789 sibi
809 1748 861 1789 ad
894 1763 1117 1790 commune
1144 1748 1336 1790 omnium
1362 1763 1461 1804 gen-

121 1821 231 1850 mum
262 1808 425 1850 bellum
458 1807 533 1849 Cn.
563 1807 813 1862 Pompeium
845 1807 1148 1861 imperatorem
1181 1807 1461 1863 depoposcit?

69 1877 104 1902 30
121 1866 291 1921 Itaque,
328 1869 376 1908 ut
413 1867 539 1921 plura
574 1881 661 1908 non
701 1866 836 1907 dicam
872 1880 1006 1920 neque
1041 1865 1221 1907 aliorum
1253 1867 1461 1922 exemplis

123 1925 381 1979 confirmem,
415 1928 620 1979 quantum
650 1924 811 1977 [huius]
834 1924 1068 1966 auctoritas
1094 1924 1238 1966 valeat
1262 1925 1308 1966 in
1332 1925 1462 1979 bello,

124 1984 177 2025 ab
225 1984 370 2025 eodem
415 1983 488 2026 Cn.
524 1983 730 2037 Pompeio
776 1983 963 2024 omnium
1007 1997 1150 2024 rerum
1189 1983 1461 2038 egregiarum

124 2043 319 2096 exempla
363 2045 605 2095 sumantur3
652 2042 724 2096 qui
768 2056 851 2095 quo
897 2041 962 2082 die
1006 2056 1031 2082 a
1070 2041 1194 2083 vobis
1240 2041 1459 2083 maritimo

124 2101 239 2142 bello
279 2101 548 2155 praepositus
582 2103 647 2142 est
677 2100 924 2154 imperator,
955 2102 1078 2142 tanta
1110 2103 1283 2152 repente
1316 2100 1461 2141 vilitas

72 2169 105 2194 35
126 2173 319 2200 annonae
352 2174 401 2200 ex
435 2174 601 2200 summa
626 2159 771 2213 inopia
797 2161 839 2200 et
865 2159 1043 2200 caritate
1068 2158 1130 2199 rei
1155 2158 1461 2200 frumentariae

126 2220 354 2259 consecuta
386 2220 450 2258 est
480 2218 604 2259 unius
636 2217 822 2258 hominis
855 2232 930 2272 spe
962 2232 1009 2259 ac
1040 2217 1224 2271 nomine,
1257 2220 1461 2271 quantam

126 2275 196 2316 vix
228 2290 278 2316 ex
311 2290 476 2317 summa
507 2277 703 2317 ubertate
731 2289 933 2330 agrorum
960 2275 1160 2316 diuturna
1185 2290 1268 2330 pax
1294 2274 1461 2316 efficere

1479 785 1531 826 15

1486 837 1531 868 43

1487 1526 1532 1558 44
