1687 2533
216 248 235 278 2

217 1272 238 1301 ω
211 1220 238 1261 N>

262 140 350 182 430
392 140 572 175 ORATIO
599 140 722 175 POST
748 139 969 174 REDITUM
994 139 1046 172 IN
1074 138 1266 173 SENATU
1292 139 1484 175 HABITA.

264 237 399 278 distis.
468 235 629 284 Quodsi
671 238 870 291 parentes
915 235 1158 277 carissimos
1196 235 1355 277 habere
1393 236 1610 291 debemus,

264 296 376 350 quod
409 295 461 336 ab
494 295 546 336 iis
578 295 702 336 nobis
734 295 841 347 vita,
874 293 1202 348 patrimonium,
1234 294 1426 349 libertas,
1458 295 1609 337 civitas

264 354 425 395 tradita
463 357 545 408 est,
584 354 621 394 si
660 353 759 394 deos
811 353 1070 407 inmortalis,
1109 367 1290 407 quorum
1330 353 1534 395 beneficio
1567 357 1610 395 et

264 413 370 454 haee
402 413 619 454 tenuimus
653 414 695 453 et
727 411 880 453 ceteris
912 411 1040 453 rebus
1073 412 1189 453 aucti
1220 426 1379 465 sumus,
1412 412 1449 453 si
1473 427 1608 467 popu-

264 472 355 512 lum
393 471 653 524 Romanum,
693 471 810 512 euius
848 470 1084 512 honoribus
1122 470 1167 511 in
1205 470 1474 524 amplissimo
1512 486 1608 513 eon·

266 530 363 571 silio
409 533 451 571 et
492 530 538 570 in
582 529 795 570 altissimo
841 529 974 584 gradu
1021 529 1243 584 dignitatis
1283 532 1410 584 atque
1446 529 1492 570 in
1528 529 1609 572 hac

266 589 458 630 omnium
485 591 698 629 terrarum
726 603 821 629 arce
848 588 1061 629 conlocati
1087 603 1246 642 sumus,
1273 588 1310 629 si
1334 589 1446 630 hunc
1466 588 1609 643 ipsum

266 647 469 700 ordinem,
497 662 521 688 a
548 661 631 701 quo
654 661 779 702 saepe
800 647 1238 701 magnificentissimis
1260 647 1440 689 decretis
1461 661 1608 689 sumus

265 705 503 759 honestati,
541 706 784 747 inmensum
817 705 1018 760 quiddam
1051 708 1093 746 et
1124 705 1341 746 infinitum
1374 708 1456 761 est,
1495 706 1607 760 quod

264 765 388 806 vobis
415 765 656 819 debeamus,
683 764 755 818 qui
780 767 925 805 vestro
953 764 1162 818 singulari
1189 764 1328 806 studio
1356 767 1481 819 atque
1508 779 1603 806 con—

265 838 392 865 sensu
412 825 640 878 parentum
660 823 876 877 beneficia,
897 823 1071 864 deorum
1091 823 1400 865 immortalium
1419 838 1608 877 munera,

264 883 415 937 populi
447 882 631 923 Romani
668 882 870 936 honores,
908 884 1053 922 vestra
1091 882 1140 922 de
1178 897 1245 923 me
1284 882 1423 923 multa
1452 882 1608 924 iudicia

264 942 389 982 nobis
421 955 505 982 uno
538 944 732 994 tempore
765 940 908 981 omnia
939 940 1201 994 reddidistis,
1239 943 1304 994 ut,
1342 956 1438 982 oum
1469 941 1607 982 multa

264 1000 401 1053 vobis,
421 1014 578 1054 magna
598 999 759 1054 populo
775 998 982 1053 Romano,
1001 999 1332 1040 innumerabilia
1344 999 1607 1054 parentibuS,

265 1058 409 1100 omnia
445 1059 509 1099 dis
540 1057 843 1099 inmortalibus
872 1058 1113 1111 debeamus,
1145 1058 1249 1100 haec
1282 1050 1408 1099 antea
1435 1058 1607 1113 singula

264 1132 340 1170 per
372 1117 471 1157 illos
504 1116 792 1171 habuerimus,
823 1131 936 1157 nuno
967 1116 1168 1158 universa
1198 1131 1274 1171 per
1299 1131 1376 1158 vos
1402 1117 1607 1171 recipera-

264 1176 409 1216 rimus.

353 1233 523 1288 Itaque,
561 1236 707 1288 patres
740 1234 989 1289 conscripti,
1021 1234 1133 1288 quod
1164 1248 1216 1276 ne
1249 1234 1484 1289 optandum
1518 1234 1608 1289 qui-

265 1292 360 1334 dem
405 1295 470 1333 est
513 1292 696 1346 homini,
740 1293 1114 1334 immortalitatem
1159 1293 1373 1347 quandam
1412 1307 1489 1347 per
1528 1307 1605 1334 vos

265 1366 356 1393 esse
385 1351 530 1404 adepti
554 1351 758 1392 videmur.
803 1350 924 1400 Quod
950 1352 1063 1393 enim
1089 1354 1259 1405 tempus
1286 1352 1367 1393 erit
1390 1366 1604 1406 umquam,

265 1425 360 1452 cum
392 1413 632 1451 vestrorum
664 1410 709 1451 in
741 1425 819 1451 nos
852 1410 1152 1452 beneficiorum
1178 1410 1385 1452 memoria
1417 1425 1466 1452 ac
1491 1410 1606 1451 fama

264 1469 490 1523 moriatur,
529 1469 601 1522 qui
631 1469 708 1509 illo
740 1469 834 1524 ipso
866 1472 1060 1524 tempore
1092 1484 1188 1510 cum
1219 1469 1278 1523 vi,
1312 1469 1445 1523 ferro,
1476 1471 1605 1523 metu,

265 1527 395 1569 minis
435 1528 600 1569 obsessi
638 1528 908 1582 teneremini,
946 1543 1033 1569 non
1070 1528 1207 1569 multo
1239 1530 1340 1583 post
1370 1527 1605 1569 discessum

265 1601 406 1627 meum
452 1601 519 1627 me
558 1586 744 1627 universi
782 1587 1059 1628 revocavistis
1098 1586 1308 1628 referente
1345 1585 1391 1630 L.
1429 1585 1604 1639 Ninnio,

264 1645 502 1686 fortissimo
530 1647 658 1699 atque
685 1646 849 1699 optimo
871 1645 991 1686 viro?
1019 1660 1144 1700 quem
1164 1645 1316 1686 habuit
1334 1645 1408 1686 ille
1426 1644 1604 1699 pestifer
1623 1658 1636 1681 2

265 1717 400 1744 annus
435 1706 476 1744 et
507 1704 691 1744 maxime
716 1704 886 1744 fidelem
913 1706 954 1745 et
980 1704 1155 1745 minime
1180 1703 1392 1758 timidum,
1423 1703 1460 1745 si
1485 1703 1604 1744 dimi-

266 1776 362 1802 care
394 1762 638 1816 placuisset,
671 1762 937 1808 defensorem
964 1763 1116 1804 salutis
1142 1777 1271 1804 meae.
1315 1762 1604 1816 Posteaquam

265 1820 388 1860 vobis
427 1820 678 1861 decernendi
715 1823 910 1875 potestas
938 1822 1052 1873 facta
1081 1835 1168 1862 non
1200 1825 1265 1862 est
1296 1835 1372 1874 per
1402 1834 1499 1861 eum
1529 1820 1603 1861 tri-

265 1879 428 1919 bunum
468 1878 544 1932 pL,
584 1879 656 1933 qui
696 1894 791 1920 eum
831 1894 908 1934 per
948 1894 992 1921 se
1032 1894 1123 1920 rem
1160 1879 1373 1933 publicam
1414 1878 1602 1920 lacerare

264 1951 352 1978 non
388 1939 552 1991 posset,
591 1937 669 1978 sub
703 1938 842 1979 alieno
875 1939 1030 1980 scelere
1063 1937 1249 1991 delituit,
1287 1952 1521 1992 numquam
1552 1937 1635 1978 des

266 2010 334 2036 me
383 1995 581 2048 siluistis,
630 2010 864 2050 numquam
914 2012 1053 2038 meam
1097 1997 1280 2037 salutem
1322 2010 1410 2037 non
1452 1996 1506 2037 ab
1549 1995 1602 2037 iis

266 2054 526 2108 consulibus,
553 2053 625 2107 qui
646 2055 938 2109 vendiderant,
956 2054 1244 2110 flagitavistis.
1286 2053 1439 2108 Itaque
1459 2057 1601 2096 vestro

268 2113 408 2153 studio
451 2114 579 2166 atque
622 2113 878 2154 auctoritate
918 2114 1154 2168 perfeetum
1195 2116 1277 2166 est,
1316 2116 1363 2154 ut
1400 2113 1491 2167 ipse
1528 2112 1602 2153 ille

268 2185 422 2224 annus,
459 2185 584 2225 quem
623 2185 702 2225 ego
742 2171 849 2212 mihi
887 2187 1014 2226 quam
1045 2171 1211 2226 patriae
1242 2172 1477 2212 malueram
1509 2183 1602 2212 esse

266 2229 462 2282 fatalem,
501 2232 596 2270 octo
634 2229 828 2270 tribunos
867 2231 1061 2284 haberet,
1100 2230 1171 2284 qui
1203 2232 1245 2271 et
1275 2230 1602 2285 promulgarent
1621 2239 1655 2265 35
1683 2244 1687 2268 :

267 2289 317 2329 de
345 2289 484 2329 salute
510 2302 605 2328 mea
631 2290 673 2328 et
700 2288 752 2329 ad
778 2303 853 2329 vos
881 2304 1006 2343 saepe
1025 2303 1202 2329 numero
1222 2289 1442 2330 referrent.
1488 2286 1602 2328 Nam

268 2347 465 2388 eonsules
510 2346 693 2388 modesti
736 2347 962 2402 legumque
1000 2349 1238 2388 metuentes
1277 2346 1603 2402 inpediebantur
