1619 2542
514 108 795 144 ADNOTATIO
822 109 1022 145 CRITlCA.
1303 109 1442 144 XXVII

97 204 189 237 idem
216 203 319 238 codd.
347 202 463 246 THV,
491 204 600 238 eidem
625 214 699 238 non
724 203 833 237 modo
860 203 971 248 Kays.
1000 204 1037 238 et
1062 204 1207 248 Eberh.,
1236 204 1301 238 sed
1327 204 1442 238 etiam

99 249 220 284 Halm.
243 252 280 285 et
299 249 416 293 Heia,
437 251 501 284 did.
522 250 630 293 Bait,
653 251 770 285 Klotz.
787 272 828 276 —
845 250 882 286 P.
899 255 954 285 92.
972 255 1015 285 15
1035 263 1148 286 unum
1167 252 1317 296 digyniss.
1334 251 1439 285 codd.

97 298 243 341 praeter
261 297 421 340 EVTH,
444 296 565 331 Halm.
582 318 625 322 ——
641 298 678 331 P.
702 302 756 332 92.
778 302 821 332 22
842 299 934 332 idem
955 297 1069 332 etiam
1090 298 1139 339 H;
1161 298 1208 332 ad
1227 310 1262 343 p.
1284 301 1362 333 206.
1385 303 1439 332 21.

98 365 141 368 -
156 344 193 379 P.
210 348 264 379 92.
280 348 324 378 36
339 343 508 388 Carthay.
526 345 711 389 (Chartaffi
729 344 767 387 T,
790 346 1118 389 charthayinesz'zmz
1132 344 1177 388 H,
1199 347 1440 389 cartayinens.

98 390 182 434 EV)
208 390 268 424 hic
295 392 336 424 ut
361 390 577 435 plerumque
603 392 728 434 codd,
755 403 789 436 p.
818 396 874 427 93.
903 396 945 427 12
971 393 1131 437 eartlcay.
1157 392 1276 436 THE,
1304 396 1438 435 cartae.

98 438 140 480 V,
168 448 201 482 p.
230 441 284 472 95.
307 442 348 472 12
376 439 534 482 carthag.
564 440 613 481 T,
640 440 821 483 Karthay.
849 439 948 481 edd.;
977 439 1024 473 ad
1049 451 1084 484 p.
1112 443 1190 475 180.
1217 444 1274 483 24,
1301 443 1380 474 297.
1408 443 1439 481 2,

97 488 173 519 313.
195 489 253 528 20,
281 489 359 519 516.
388 489 442 529 17,
469 485 570 519 Verr.
598 498 632 530 p.
661 490 738 520 200.
768 490 822 519 31.
844 507 887 511 —
908 486 946 520 P.
969 491 1023 520 93.
1045 491 1066 520 2
1093 498 1145 530 sq.
1165 498 1256 531 quae
1281 488 1360 529 civ„
1385 487 1442 521 in-

95 543 220 576 qua-m,
252 543 286 566 a.
313 535 336 566 t.
358 535 403 575 t.,
436 544 527 577 quae
552 538 625 567 tam
650 533 771 566 Halm.
800 535 895 567 auct.
923 533 1074 576 Eberh.,
1108 534 1233 577 Hem,
1259 545 1350 578 quae
1375 535 1440 569 civ.

95 589 263 623 umquam
288 590 322 613 α.
341 582 365 613 t.
386 583 423 622 t„
451 584 525 614 tam
551 579 669 622 codd,
697 579 828 623 Klotz,
854 592 945 624 quae
971 583 1035 615 civ.
1062 592 1155 625 umq.
1183 593 1215 616 α.
1243 585 1265 615 t.
1288 585 1325 624 t.,
1352 592 1443 625 quae

97 629 170 660 tam
195 625 233 659 P.
260 625 414 669 Manut,
440 626 536 661 Bait.
565 628 602 661 et
627 626 710 660 add.
737 629 798 662 sed
822 627 953 671 Pluyg.
979 627 1052 663 Mn.
1079 627 1129 662 IX
1154 639 1188 671 p.
1211 632 1290 670 325,
1318 627 1441 672 Kays.,

97 683 187 717 quae
216 673 387 718 [civitas]
417 685 587 718 umquam
619 686 651 708 a.
679 678 702 707 t.
729 678 773 717 t.,
806 678 879 708 tam
911 674 1033 708 Halm.
1061 695 1103 699 —
1132 674 1170 708 P.
1198 679 1253 709 93.
1283 679 1323 708 11
1354 675 1442 708 Per-

94 731 249 764 semque
269 719 371 754 codd.
389 720 458 755 EV
471 722 499 755 Τ
508 720 552 764 Η,
573 720 707 764 Halm,
725 722 926 765 Persenque
940 721 1019 755 rell.
1036 721 1168 765 (Klotz.
1184 734 1219 766 p.
1234 721 1347 755 XLIX
1362 722 1441 766 sq).

97 786 139 791 -—
164 766 203 801 P.
232 771 286 801 93.
317 771 358 801 18
384 769 425 802 ἐκ
449 768 590 812 Aeyaeo
616 770 712 802 mari
738 768 808 802 del.
837 767 877 802 O.
904 768 1069 802 Mueller.
1097 768 1219 803 Herm.
1241 768 1274 802 X
1299 781 1332 813 p.
1364 773 1440 803 118.

95 834 138 839 —
163 813 203 848 P.
231 818 284 848 93.
313 818 356 849 25
385 815 500 859 ‘quem
525 816 628 850 ‘nobis
655 815 737 849 scr.'
767 814 877 859 Kays.
904 827 938 859 p.
967 815 1063 850 XVI.
1091 836 1134 840 —
1161 815 1198 850 P.
1228 819 1282 850 94.
1312 819 1366 850 14.
1388 826 1440 858 sq.

93 861 155 906 [in
179 862 244 896 hoc
268 882 314 886 —
341 863 550 907 constituit]
575 862 711 897 Eberh.
739 883 780 888 -—
804 862 841 896 P.
864 866 919 896 94.
942 866 984 896 21
1014 863 1051 896 et
1078 866 1131 896 97.
1154 867 1198 897 34
1224 864 1442 907 quiequam

95 909 125 942 Τ
151 907 210 952 (de
237 907 272 941 H
297 907 393 942 nihil
418 908 529 953 adn),
556 910 676 954 quidq.
702 909 799 943 Bait.
826 911 896 943 tac.
925 910 963 943 et
988 908 1128 949 Halm.;
1156 909 1203 943 ad
1228 921 1261 953 p.
1290 913 1321 943 4.
1342 914 1374 943 4.
1397 930 1440 934 ——

94 954 132 989 P.
160 959 215 989 94,
238 959 282 990 25
310 957 506 990 ascribitur
533 957 678 1000 (adem,
712 956 823 990 ETH
850 957 1011 1000 asscrib.)
1040 956 1156 999 codd,
1184 956 1292 999 Bait,
1319 956 1440 1000 Kays,

93 1002 222 1045 Klotz,
250 1002 383 1046 Halm,
411 1004 433 1037 i.
455 1014 485 1037 e.
508 1004 592 1047 ‘ego
612 1014 696 1037 mea
716 1003 903 1038 sententia
924 1003 1098 1046 ascribo’,
1125 1005 1325 1038 ascribetur
1344 1002 1442 1037 Heu-

94 1060 229 1092 mann,
256 1049 385 1094 Pluyg.
408 1050 482 1085 Mn.
504 1050 555 1084 IX
579 1062 614 1095 p.
638 1054 706 1085 325
733 1052 782 1095 (p.
804 1055 858 1085 80.
883 1052 950 1095 16),
977 1052 1058 1085 iure
1077 1052 1275 1085 ascribitur
1294 1050 1440 1093 Eberh,

95 1095 220 1139 Hein.;
245 1096 288 1131 cf.
312 1101 390 1131 293.
409 1102 462 1131 17.
485 1118 527 1122 —
547 1097 586 1132 P.
610 1101 664 1132 94.
680 1102 723 1132 33
744 1108 782 1132 eo
802 1097 907 1132 codd.
928 1098 1077 1141 praeter
1097 1097 1135 1140 F,
1156 1096 1286 1140 Klotz,
1310 1108 1379 1131 om.
1401 1097 1440 1140 F,

94 1142 233 1185 Halm,
260 1143 410 1187 Eberh.,
438 1143 562 1187 Hein.,
590 1144 675 1179 secl.
703 1143 814 1187 Kays.
844 1165 887 1169 —
913 1144 965 1179 lb.
987 1156 1038 1188 sq.
1066 1145 1150 1190 [vos
1174 1156 1226 1189 sp.
1247 1145 1327 1179 hab.
1349 1145 1442 1189 6336]

94 1189 197 1233 Bak.‚
225 1190 364 1233 Cobet,
390 1192 507 1237 [spem
533 1192 720 1237 habesse]
745 1191 879 1226 Eberh.
896 1212 938 1216 ——
954 1191 991 1225 P.
1010 1195 1063 1226 95.
1081 1196 1125 1226 34
1151 1195 1192 1225 ut
1216 1193 1304 1235 post
1329 1195 1442 1226 essent

95 1237 200 1272 inser.
228 1237 404 1273 Fleckeis.
433 1240 527 1272 auct.
555 1237 689 1281 Halm,
717 1238 824 1272 Hein.
841 1238 936 1273 -Ρ,
965 1243 1018 1274 96.
1045 1242 1086 1272 18
1113 1239 1307 1281 ferundum
1334 1238 1438 1273 codd.

94 1283 175 1327 EV,
199 1284 311 1328 vulg,
337 1286 471 1328 ferend.
495 1285 573 1320 rell.
596 1285 714 1329 codd,
738 1285 857 1319 Halm.
882 1305 926 1310 —
953 1285 990 1320 P.
1014 1289 1068 1320 96.
1091 1290 1135 1320 30
1158 1287 1206 1320 iis
1233 1285 1337 1319 codd.
1358 1285 1439 1327 ΤΗ,

94 1330 200 1374 Bait,
228 1331 339 1375 Kays.
369 1334 430 1376 (eis
460 1334 503 1366 ut
528 1335 702 1377 semper),
735 1332 872 1375 Klotz.,
905 1333 961 1367 his
992 1332 1071 1366 rell.
1101 1334 1184 1376 (hiis
1209 1332 1275 1376 V),
1304 1331 1440 1375 Hahn.,

94 1377 245 1421 Eberh,
278 1378 384 1414 Hein.
418 1400 462 1404 —
494 1379 533 1413 P.
562 1384 616 1414 96.
639 1384 683 1413 34
716 1391 793 1423 sqq.
821 1382 940 1424 Atque
966 1399 1008 1404 —
1034 1380 1220 1423 qaudeant
1253 1381 1327 1422 (98.
1352 1381 1391 1423 7)
1420 1390 1442 1413 a

94 1424 167 1460 Cic.
197 1425 357 1460 abiudic.
390 1426 510 1460 multi.
538 1447 581 1452 —
609 1426 648 1461 P.
676 1431 730 1461 97.
753 1431 797 1461 23
823 1427 904 1472 [36]
931 1425 1061 1460 Heum.
1091 1428 1186 1461 auct.
1214 1426 1340 1469 Kays„
1369 1426 1439 1459 del.

94 1471 190 1506 Bait.
218 1475 266 1516 (p.
298 1477 353 1507 45.
382 1475 454 1517 35).
488 1494 530 1498 —
562 1473 602 1507 P.
630 1477 684 1508 97.
712 1477 757 1507 24
784 1485 835 1516 sq.
862 1475 926 1518 qui
958 1494 1000 1497 —
1034 1474 1197 1516 oppiclor.
1233 1484 1326 1506 unus
1360 1472 1438 1506 cod.

95 1518 159 1561 Cb,
180 1519 261 1552 edd.
284 1540 326 1544 —
347 1519 386 1554 P.
407 1525 462 1555 97.
485 1524 528 1555 33
555 1523 785 1565 imperatores
811 1519 930 1553 GertZ.
954 1519 1056 1553 Stud.
1079 1519 1159 1552 crit.
1180 1519 1219 1552 in
1247 1518 1328 1553 Sen.
1350 1518 1439 1554 dial.

94 1577 130 1610 p.
160 1570 224 1600 137
252 1577 306 1609 sq.
331 1577 384 1610 n.,
413 1571 598 1610 praetores
631 1567 735 1601 codd.
763 1568 801 1601 et
833 1566 914 1600 edd.
943 1586 984 1590 —
1013 1566 1051 1599 P.
1081 1570 1134 1600 97.
1163 1570 1207 1600 34
1240 1577 1350 1610 ‘neque
1374 1577 1440 1600 ‘nos

95 1612 233 1655 Lamb,
255 1612 389 1647 Eberh.
404 1634 449 1638 ——-
464 1613 501 1647 P.
520 1618 576 1648 97.
592 1618 634 1648 37
650 1617 682 1648 et
696 1615 825 1658 quibus
839 1615 935 1655 iact„
957 1614 1087 1656 quibus
1101 1612 1206 1648 codd.
1223 1613 1252 1647 T
1267 1615 1314 1657 (p.
1334 1615 1439 1656 1440)

95 1658 139 1702 H,
167 1658 306 1703 Klotz„
332 1659 465 1703 Halm,
493 1659 625 1695 Eberh.
653 1681 699 1685 —
724 1660 763 1693 P.
791 1664 844 1695 98.
875 1663 916 1693 12
945 1670 995 1702 sq.
1016 1670 1116 1694 nemo
1142 1671 1211 1694 esse
1236 1671 1330 1694 unus
1358 1660 1438 1693 cod.

95 1705 124 1740 E
151 1707 196 1751 (V
223 1717 293 1742 om.
315 1709 439 1750 memo),
466 1706 573 1750 Bait„
600 1706 722 1751 Kays„
752 1706 884 1749 Halm,
906 1705 1052 1750 Eberh,
1080 1706 1186 1740 Hein.
1205 1728 1241 1731 —
1264 1706 1303 1740 P.
1322 1711 1377 1741 98.
1396 1711 1437 1741 17

96 1755 310 1798 coynom'stis
335 1754 441 1788 codd.
468 1753 550 1797 EV,
577 1753 690 1796 Bait,
723 1753 850 1797 Kays,
882 1752 1024 1796 Halm,
1057 1753 1209 1795 Eberh„
1237 1753 1355 1797 Hem,
1382 1765 1440 1788 eo-

95 1802 230 1844 97603863
248 1799 331 1843 ΤΗ,
351 1801 469 1835 Klotz.
491 1800 591 1835 haud
613 1801 688 1835 scio
710 1812 757 1834 an
776 1802 886 1843 recte,
908 1802 1119 1845 coynoscitz's
1138 1800 1217 1834 rell.
1240 1801 1365 1842 codd.;
1393 1800 1440 1834 ad

95 1857 130 1890 p.
163 1850 218 1881 42.
245 1851 282 1890 2,
323 1853 377 1882 79.
411 1852 465 1882 36.
503 1869 545 1872 —-
579 1847 616 1882 P.
646 1852 700 1883 98.
728 1852 773 1882 20
803 1849 1071 1892 responderene
1103 1859 1189 1891 scr.,
1228 1849 1360 1890 videte,
1399 1851 1440 1881 ut

97 1895 223 1928 horum
254 1906 288 1928 v.
317 1898 359 1929 18
387 1906 439 1938 sq.
467 1895 590 1937 codd,
622 1894 736 1937 Bait,
770 1893 897 1939 Kays.,
932 1893 1071 1937 Klotz.,
1103 1895 1194 1936 vid„
1225 1906 1314 1929 num
1343 1896 1437 1936 Asc,

97 1939 235 1984 Halm.,
262 1941 368 1975 Hein.
396 1941 454 1984 (cf.
484 1942 531 1976 ad
556 1954 590 1986 p.
619 1946 672 1976 80.
695 1944 766 1985 35),
791 1942 960 1976 horumne
986 1941 1121 1985 Madv.,
1147 1942 1281 1987 [quare
1306 1941 1440 1985 videte]

97 1986 248 2031 Eberh.,
275 1999 345 2023 om.
371 1988 409 2023 F.
438 2009 480 2014 -
507 1989 546 2023 P.
575 1992 630 2023 98.
658 1992 701 2022 27
735 2001 787 2033 sq.
813 1989 998 2024 videamus
1024 2009 1066 2013 ——
1089 1989 1333 2032 praeficiendo
1367 1999 1438 2023 om.

97 2034 201 2068 codd.
229 2034 301 2068 ΤΗ
332 2039 380 2080 (p.
410 2039 500 2070 1440
527 2035 619 2079 012),
651 2036 846 2081 [quantam
876 2056 921 2060 -—
953 2035 1134 2080 videmus]
1165 2034 1300 2068 Eberh.
1329 2055 1371 2060 ——
1398 2034 1439 2068 P.

98 2084 152 2115 98.
174 2085 219 2116 30
240 2083 278 2116 et
298 2087 352 2117 99.
374 2087 394 2117 9
414 2084 586 2127 quicquid
606 2082 684 2116 cod.
707 2083 735 2116 T
757 2081 967 2126 (‘ubique’),
995 2081 1118 2126 Kays,
1143 2082 1322 2126 quidquid
1341 2080 1438 2122 1·ell.;

98 2127 145 2161 ad
175 2139 210 2172 p.
245 2132 298 2163 19.
331 2133 388 2165 35.
415 2150 458 2154 —
485 2129 524 2163 P.
558 2133 613 2164 99.
650 2133 692 2163 10
730 2139 791 2174 690
825 2140 925 2164 omne
961 2140 1014 2163 me
1052 2128 1157 2163 codd.
1191 2128 1272 2170 EV,
1314 2127 1437 2172 Kays.,

98 2172 243 2218 Eberh.,
270 2186 370 2210 om‘ne
389 2187 449 2221 eyo
468 2187 521 2211 me
538 2175 616 2219 ΤΒ,
637 2175 743 2219 Bait,
765 2175 895 2219 Klotz.,
918 2175 1051 2218 Halm.,
1072 2175 1189 2218 Hein.,
1210 2186 1310 2210 omne
1328 2186 1381 2209 me
1400 2174 1438 2209 F.

194 2268 493 2303 Cluentianae
532 2270 710 2304 orationis
747 2272 896 2314 praeter
927 2280 988 2303 eas
1020 2268 1239 2314 particulas,
1273 2279 1368 2311 quae
1399 2268 1437 2302 in

98 2313 268 2359 palimps.
302 2316 577 2350 Taurinensi
609 2317 638 2350 P
677 2317 845 2350 servatae
883 2320 983 2359 sunt,
1023 2317 1194 2351 meliores
1227 2314 1332 2350 codd.
1365 2326 1439 2350 non
