1687 2533
506 73 606 110 CAP.
627 77 764 109 31—33
792 77 812 117 ς,
839 77 988 109 82-87.
1329 73 1415 115 489

81 185 227 213 versus
260 173 433 212 senatus
466 171 601 212 multo
634 172 746 224 ante,
778 184 905 224 quam
939 171 1004 210 est
1035 169 1125 211 lata
1156 170 1222 211 lex
1255 169 1305 211 de
1338 184 1417 223 me,

87 229 302 285 ‘gratias
335 228 579 285 agendas'
611 228 776 271 censuit
810 228 1141 270 ecivitatibus
1173 227 1256 281 iis,
1288 243 1417 283 quae

81 288 137 330 M.
157 287 403 330 Tullium'
435 312 483 317 —-
513 287 766 329 tantumne?
793 287 925 328 immo
953 287 1101 328 etiam:
1128 286 1308 328 ‘civem
1335 302 1418 341 op-

81 347 203 389 time
235 347 291 388 de
328 361 379 387 re
411 347 615 400 publica
647 346 903 399 meritum,
940 345 1297 400 recepissent.'
1359 345 1418 387 Et

47 408 129 447 'otu
178 419 286 447 unus
336 405 513 460 pestifer
561 405 664 447 civis
715 419 811 446 eum
854 404 1103 446 restitutum
1146 418 1280 459 negas
1325 418 1417 446 esse

82 464 234 517 civem,
285 478 410 518 quem
460 464 639 505 eiectum
683 463 903 505 universus
949 467 1120 505 senatus
1163 478 1249 504 non
1292 463 1418 504 modo

81 523 228 577 civem,
254 523 327 564 sed
353 523 483 564 etiam
509 523 729 578 egregium
755 522 890 564 civem
917 536 1084 576 semper
1108 522 1307 577 putavit?
1359 522 1419 563 At

81 596 199 635 vero,
237 585 284 623 ut
316 581 490 623 annales
522 581 670 636 populi
702 581 884 622 Romani
917 583 960 622 et
991 583 1270 622 monumenta
1301 583 1418 622 vetu-

83 641 208 682 statis
258 641 471 694 locuntur,
519 639 660 681 Kaeso
704 640 778 680 ille
817 639 1041 688 Quinctius
1086 642 1129 681 et
1171 639 1226 680 M.
1265 639 1419 681 Furius

30 713 63 737 ιο
83 698 290 741 Camillus
336 701 379 739 et
416 697 460 740 C.
491 696 696 740 Servilius
734 698 893 752 Ahala,
937 713 1032 740 011111
1077 701 1220 739 essent
1259 699 1419 752 optime

83 758 132 800 de
170 772 215 799 re
252 758 425 811 publica
463 758 623 811 meriti,
660 760 804 798 tamen
842 757 989 811 populi
1020 757 1189 798 incitati
1220 757 1306 798 vim
1338 758 1419 798 ira-

82 816 363 870 cundiamque
391 816 622 869 subierunt,
655 816 929 870 damnatique
957 816 1140 857 comitiis
1167 816 1418 857 centuriatis

83 890 178 917 cum
211 876 255 916 in
288 875 460 916 exilium
491 874 795 930 profugissent,
826 889 973 916 rursus
1006 875 1059 916 ab
1087 875 1235 916 eodem
1261 876 1419 929 populo

83 934 252 988 placato
294 936 393 975 sunt
429 934 472 975 in
511 948 632 975 suam
669 934 897 988 pristinam
930 933 1186 988 dignitatem
1218 934 1421 975 restituti.

31 1005 63 1031 15
84 992 244 1040 Quodsi
269 992 337 1033 his
363 992 575 1034 damnatis
601 1006 687 1034 non
713 992 838 1033 modo
865 1006 950 1033 non
976 992 1176 1033 inminuit
1197 992 1419 1033 calamitas

82 1051 307 1092 clarissimi
334 1051 520 1093 nominis
547 1051 744 1106 gloriam,
772 1051 845 1092 sed
873 1051 1002 1092 etiam
1022 1050 1270 1092 honestavit
1289 1050 1421 1104 (nam,

83 1109 163 1151 etsi
202 1110 435 1176 optabilius
468 1112 534 1151 est
566 1124 735 1152 cursum
768 1110 881 1151 vitae
914 1109 1118 1151 conficere
1152 1109 1242 1150 sine
1275 1109 1421 1150 dolore

83 1171 126 1209 et
158 1168 247 1210 sine
279 1168 446 1221 iniuria,
477 1171 623 1210 tamen
655 1168 707 1209 ad
733 1168 1108 1209 immortalitatem
1134 1168 1296 1222 gloriae
1324 1168 1421 1222 plus

84 1226 223 1268 adfert
260 1227 547 1268 desideratum
586 1241 678 1268 esse
711 1242 735 1268 a
768 1227 855 1268 suis
889 1227 1052 1268 civibus
1085 1241 1214 1281 quam
1247 1227 1420 1268 omnino

32 1298 65 1323 20
83 1300 315 1339 numquam
342 1300 434 1327 esse
461 1285 703 1339 violatum),
735 1285 839 1326 mihi
866 1285 956 1326 sine
983 1285 1071 1326 ullo
1097 1285 1253 1326 iudicio
1273 1285 1422 1339 populi

84 1343 295 1398 profecto,
339 1359 434 1386 011111
479 1344 754 1398 amplissimis
793 1344 982 1384 omnium
1018 1343 1184 1384 iudiciis
1222 1343 1422 1384 restituto

85 1402 300 1444 maledieti
325 1403 466 1443 10011111
495 1405 569 1443 aut
595 1402 782 1443 criminis
810 1401 1050 1456 optinebit?
1094 1401 1235 1443 Fortis
1257 1404 1422 1443 0110011-

85 1464 203 1502 stans
235 1461 279 1502 in
309 1462 476 1516 optima
506 1462 671 1502 ratione
703 1461 806 1502 civis
839 1461 883 1501 P.
902 1460 1095 1515 Popilius
1129 1475 1294 1514 semper
1319 1460 1422 1514 fuit3

84 1524 229 1561 tamen
273 1519 362 1561 eius
403 1521 448 1560 in
486 1520 602 1561 0111111
639 1520 730 1561 vita
766 1519 873 1561 nihil
913 1523 979 1560 est
1016 1519 1068 1561 ad
1107 1519 1275 1560 laudem
1315 1519 1421 1559 111111-

32 1591 65 1616 25
85 1579 216 1619 strius
255 1593 381 1633 quam
420 1578 643 1620 calamitas
683 1579 789 1632 ipsa.
857 1577 959 1626 Quis
1000 1578 1112 1619 enim
1150 1579 1237 1619 iam
1275 1578 1423 1619 memi-

84 1637 219 1678 nisset
258 1651 353 1678 eum
393 1637 497 1677 bene
536 1637 585 1677 de
623 1651 667 1678 re
709 1636 882 1691 publiea
920 1636 1140 1689 meritum,
1177 1636 1261 1677 nisi
1294 1640 1336 1678 et
1368 1637 1421 1678 ab

84 1695 292 1749 improbis
331 1696 531 1749 expulsus
564 1698 676 1736 esset
707 1698 750 1736 et
780 1710 856 1749 per
887 1695 1023 1736 bonos
1056 1694 1311 1736 restitutus?
1373 1694 1421 1743 Q.

85 1753 250 1796 Metelli
283 1754 549 1808 praeclarum
581 1754 807 1808 imperium
834 1754 878 1794 in
904 1768 948 1794 re
974 1753 1152 1794 militari
1176 1753 1272 1807 fuit,
1305 1767 1422 1809 egre-

87 1812 158 1867 gia
195 1827 385 1867 censura,
416 1812 554 1854 omnis
581 1813 670 1854 vita
694 1813 821 1867 plena
847 1812 1092 1866 gravitatis3
1125 1815 1270 1853 tamen
1295 1812 1420 1853 huius

33 1883 68 1908 30
87 1871 168 1912 viri
193 1871 362 1912 laudem
387 1871 441 1912 ad
467 1871 771 1925 sempiternam
799 1871 1049 1912 memoriam
1075 1870 1282 1925 temporis
1310 1872 1418 1911 cala-

1445 535 1489 567 86

1449 1414 1491 1446 87

87 1929 214 1971 initas
246 1930 516 1985 propagavit.
579 1929 739 1978 Quodsi
772 1931 850 1982 [et]
882 1929 989 1983 illis,
1021 1929 1093 1984 qui
1125 1929 1291 1984 expulsi
1323 1932 1421 1970 sunt
1437 1928 1492 1970 33

87 1987 242 2041 inique,
275 1988 348 2029 sed
378 1991 523 2030 tamen
554 1989 741 2043 legibus,
777 1989 941 2030 reducti
971 1988 1154 2030 inimicis
1187 1987 1422 2028 interfectis

87 2046 382 2100 rogationibus
413 2047 672 2100 tribuniciis,
703 2061 790 2089 non
826 2048 1082 2088 auctoritate
1115 2048 1306 2098 senatus,
1337 2060 1424 2086 non

88 2104 271 2145 comitiis
298 2106 558 2159 centuriatis,
588 2120 675 2147 non
702 2105 878 2147 decretis
905 2105 1070 2158 Italiae,
1101 2119 1186 2146 non
1214 2103 1422 2145 desiderio

34 2173 67 2198 35
88 2162 291 2215 civitatis,
328 2162 483 2204 iniuria
517 2164 784 2206 inimieorum
826 2164 983 2218 probro
1015 2178 1102 2205 non
1132 2163 1231 2216 fuit,
1268 2162 1313 2203 in
1344 2177 1423 2214 me,

88 2221 160 2274 qui
193 2221 408 2274 profectus
441 2235 535 2263 sum
566 2223 744 2276 integer,
777 2222 864 2264 afui
897 2223 1024 2264 simul
1050 2236 1145 2263 eum
1171 2235 1215 2261 re
1241 2220 1423 2275 publica,

87 2278 194 2319 redii
225 2293 320 2320 011111
354 2280 538 2321 maxima
570 2280 778 2336 dignitate
811 2284 846 2323 τε
877 2281 986 2333 vivo,
1016 2280 1151 2321 fratre
1184 2281 1259 2320 tuo
1286 2278 1422 2320 altero
