1619 2542
152 105 236 147 194
457 103 521 139 DE
547 103 671 139 LEGE
697 103 917 139 AGRARIA
944 102 1121 138 ORATIO
1147 103 1192 137 ΙΙ.

151 200 298 242 consul
323 215 381 254 re,
406 214 489 241 non
518 200 711 242 oratione
736 200 955 254 popularis
982 201 1024 240 et
1042 199 1221 240 honeste
1241 200 1284 240 et
1303 199 1487 240 libenter

149 262 296 314 posset
341 258 573 300 defendere.
637 258 780 312 Atque
825 271 903 312 ego
949 273 974 299 a
1016 257 1156 312 primo
1200 257 1338 311 capite
1375 258 1484 313 legis

150 332 283 372 usque
311 318 364 358 ad
391 320 627 358 extremum
652 316 831 371 reperio,
849 293 1063 369 ”Quirites
1093 315 1201 357 nihil
1229 316 1345 357 aliud
1370 316 1484 382 cogi-

151 379 309 428 tatum,
340 375 449 416 1111111
482 375 597 431 aliud
630 378 892 440 susceptum,
922 375 1031 416 nihil
1063 374 1178 415 aliud
1211 377 1369 440 actum,
1400 374 1485 415 nisi

150 435 214 476 uti
259 434 401 475 decem
452 447 574 488 reges
620 433 789 486 aerarii,
832 433 1125 488 vectigalium,
1167 433 1521 487 provinciarum5

152 493 359 546 omnium,
408 493 541 533 totius
592 492 654 533 rei
697 491 910 546 publicae,
959 506 1206 547 regnorum,
1254 491 1486 533 liberorum

151 526 424 606 populoriim,
467 551 581 592 orbis
614 551 793 604 denique
825 553 1036 591 terrarum
1069 550 1229 592 domini
1260 550 1487 592 constitue-

150 613 297 651 rentur
334 610 442 664 legis
481 610 674 664 agrariae
707 609 980 650 simulatione
1014 611 1141 663 atque
1172 609 1355 650 nomine.
1417 608 1486 650 Sic

152 669 375 722 confirmo,
421 667 624 721 Quirites,
666 668 747 709 hac
787 668 882 722 lege
927 667 1097 723 agraria
1138 667 1317 721 pulchra
1357 670 1484 721 atque

151 727 349 781 populari
382 726 473 767 dari
504 727 625 768 vobis
656 726 782 776 nihil,
821 726 1050 768 condonari
1081 726 1206 767 certis
1238 726 1484 767 hominibus
1505 737 1540 762 10

153 785 312 839 omnia,
352 785 562 826 ostentari
598 785 757 839 populo
790 784 985 826 Romano
1024 798 1168 839 agros,
1212 784 1318 839 eripi
1355 784 1485 826 etiam

151 844 416 898 libertatem,
454 844 722 897 privatorum
758 843 958 898 pecunias
997 843 1160 898 augeri,
1197 844 1387 897 publicas
1419 857 1485 884 ex-

150 902 326 956 hauriri,
360 901 551 956 denique,
577 902 689 955 quod
710 905 775 943 est
795 902 1152 957 indignissimum,
1171 916 1246 956 per
1265 902 1485 943 tribunum

150 961 297 1015 plebis,
324 975 450 1014 quem
476 961 658 1001 maiores
686 960 923 1013 praesidem
948 960 1162 1002 libertatis
1183 960 1485 1014 custodemque

81 1031 124 1061 16
152 1034 244 1060 3333
269 1020 506 1072 voluerunt,
536 1032 658 1073 reges
689 1019 734 1059 'm
765 1019 938 1060 civitate
970 1019 1184 1060 constitui.
1235 1019 1350 1067 Quae
1377 1033 1484 1072 cum,
1504 1029 1538 1055 15

151 1077 355 1131 Quirites,
399 1091 651 1131 exposuero,
695 1077 731 1118 31
773 1077 885 1118 falsa
921 1077 1043 1118 vobis
1081 1077 1337 1118 videbuntur
1380 1091 1484 1131 esse,

152 1150 304 1190 sequar
324 1135 623 1177 auctoritatem
642 1138 839 1189 vestram,
860 1136 1035 1176 mutabo
1056 1150 1195 1176 meam
1210 1135 1484 1189 sententiam3

151 1195 218 1235 sin
259 1194 435 1234 insidias
479 1194 572 1234 fieri
609 1194 803 1234 libertati
839 1196 1006 1235 vestrae
1046 1193 1317 1235 simulatione
1356 1193 1484 1248 largi—

151 1252 280 1294 tionis
324 1252 606 1307 intellegetis,
647 1252 830 1293 nolitote
874 1252 1066 1293 dubitare
1109 1252 1292 1305 plurimo
1331 1252 1483 1293 sudore

152 1314 194 1352 et
227 1311 434 1365 sanguine
466 1310 676 1351 maiorum
708 1313 948 1352 vestrorum
974 1312 1142 1364 partam
1168 1310 1373 1364 vobisque
1398 1313 1482 1351 tra·
1503 1308 1538 1347 ἑο

152 1369 285 1410 ditam
316 1369 559 1410 libertatem
590 1369 708 1410 nullo
740 1372 883 1410 vestro
915 1369 1060 1410 labore
1092 1369 1263 1410 consule
1290 1369 1481 1410 adiutore

152 1427 382 1469 defendere.
1038 1472 1048 1481 Α,

106 1487 127 1527 7
238 1485 429 1527 Primum
478 1488 606 1540 caput
657 1489 722 1527 est
765 1486 874 1541 legis
916 1485 1126 1541 agrariae,
1176 1501 1277 1540 quo,
1326 1488 1375 1526 ut
1417 1485 1482 1526 illi

150 1547 318 1599 putant,
345 1544 611 1598 temptamini
630 1545 793 1598 leviter,
820 1559 902 1598 quo
923 1545 1064 1586 animo
1084 1545 1296 1586 libertatis
1316 1546 1482 1585 vestrae

152 1603 485 1644 deminutionem
528 1602 639 1644 ferre
681 1603 868 1658 possitis.
941 1603 1064 1644 Iubet
1107 1603 1220 1644 enim
1263 1603 1482 1644 tribunum
1502 1612 1536 1638 25

151 1661 306 1715 plebis,
345 1661 417 1715 qui
449 1676 542 1702 eam
574 1662 713 1717 legem
744 1662 909 1711 tulerit,
941 1676 1083 1703 creare
1116 1661 1374 1703 decemviros
1406 1675 1482 1714 per

152 1719 290 1759 tribus
333 1720 652 1773 septemdecim,
690 1724 753 1774 ut,
791 1735 915 1774 quem
939 1735 1092 1761 novem
1122 1720 1260 1761 tribus
1291 1719 1481 1772 fecerint,

84 1789 124 1819 17
152 1777 188 1817 is
221 1777 432 1818 decemvir
464 1778 530 1818 sit.
573 1778 655 1820 Hic
682 1793 850 1833 quaero,
881 1793 1008 1833 quam
1034 1779 1088 1819 ob
1114 1792 1285 1819 causam
1310 1776 1482 1818 initium

152 1850 293 1876 rerum
344 1850 391 1876 ac
440 1836 584 1890 legum
629 1851 800 1878 suarum
843 1837 942 1878 hinc
981 1836 1165 1889 duxerit,
1212 1837 1260 1876 ut
1297 1836 1479 1889 populus

151 1893 372 1934 Romanus
394 1894 597 1949 suffragio
619 1896 867 1948 privaretur.
913 1895 1088 1936 Totiens
1108 1893 1276 1947 legibus
1298 1894 1480 1948 agrariis
1500 1905 1535 1931 30

153 1954 367 1992 curatores
394 1953 618 1993 constituti
644 1956 743 1994 sunt
768 1953 991 2006 triumviri,
1019 1952 1295 2006 quinqueviri,
1322 1952 1481 1993 decem-

151 2010 253 2064 viri3
286 2024 441 2064 quaero
475 2025 499 2051 a
530 2011 727 2064 populari
758 2012 930 2052 tribuno
962 2010 1117 2065 plebis,
1150 2010 1365 2064 ecquando
1396 2010 1481 2051 nisi

151 2083 228 2122 per
278 2080 406 2109 XXXV
449 2068 587 2109 tribus
632 2070 764 2110 creati
808 2070 903 2111 sint.
976 2068 1149 2110 Etenim
1193 2083 1288 2109 cum
1333 2083 1478 2110 omnes

151 2129 406 2180 potestates,
457 2126 652 2180 imperia,
702 2128 940 2169 curationes
984 2127 1036 2167 ab
1080 2127 1278 2168 universo
1322 2127 1478 2181 populo

151 2185 343 2226 Romano
374 2185 585 2239 proficisci
617 2186 824 2239 convenit,
855 2189 946 2226 tum
973 2200 1044 2226 eas
1070 2186 1259 2239 profecto
1285 2185 1479 2238 maxime,
1497 2195 1532 2222 35

154 2257 258 2297 quae
308 2243 626 2284 constituuntur
675 2244 728 2284 ad
776 2244 925 2299 populi
971 2243 1157 2285 fructum
1208 2243 1393 2298 aliquem
1436 2246 1478 2284 et

153 2301 432 2355 commodum,
462 2301 505 2342 in
539 2315 620 2355 quo
654 2304 696 2342 et
721 2302 907 2344 universi
933 2301 1135 2356 deligant,
1168 2316 1292 2356 quem
1317 2301 1477 2356 populo
