1687 2533
233 94 318 136 522
452 96 515 130 DE
543 96 855 132 HARUSPICUM
878 97 1127 132 RESPONSO
1155 98 1344 135 ORATIO.

232 193 370 233 statas
391 192 698 248 sollemnisque
719 193 997 235 caerimonias
1018 194 1287 248 pontificatu,
1301 209 1446 236 rerum
1464 195 1572 238 bene

232 251 516 304 gerundarum
540 252 819 293 auctoritates
841 252 1032 308 augurio,
1056 252 1246 294 fatorum
1266 256 1432 295 veteres
1452 269 1572 309 prae-

232 309 439 351 dictiones
471 310 688 365 Apollinis
728 314 875 352 vatum
913 312 1054 365 libris,
1091 315 1389 366 portentorum
1428 313 1571 368 expia-

231 368 370 410 tiones
390 368 671 411 Etruscorum
693 369 917 424 disciplina
938 370 1146 411 contineri
1167 373 1440 424 putaverunt3
1463 387 1570 426 quae

232 427 403 480 quidem
435 430 559 469 tanta
592 430 673 482 est,
711 431 760 469 ut
790 432 940 470 nostra
972 429 1179 470 memoria
1209 430 1397 484 primum
1426 429 1567 472 Italici
1587 442 1604 468 5

231 485 334 526 belli
371 485 542 527 funesta
578 487 655 527 illa
692 487 920 542 principia,
962 490 1061 541 post
1099 486 1263 529 Sullani
1302 487 1569 543 Cinnanique

229 545 435 599 temporis
470 548 707 586 extremum
739 561 873 600 paene
906 546 1144 599 discrimen,
1176 550 1269 588 tum
1294 547 1405 589 hanc
1429 562 1570 589 recen-

230 605 319 644 tem
357 604 475 644 urbis
514 604 844 646 inflammandae
885 605 1134 660 delendique
1172 605 1340 660 imperii
1381 607 1570 648 coniura-

230 662 392 703 tionem
436 677 523 704 non
567 663 745 705 obscure
787 664 910 705 nobis
954 664 1082 718 paulo
1127 667 1224 705 ante
1268 664 1570 719 praedixerint.

161 729 202 760 19
232 720 411 775 Deinde,
450 722 486 762 si
525 722 625 776 quid
661 722 792 763 habui
825 723 922 776 otii,
955 723 1085 764 etiam
1117 724 1300 778 cognovi
1330 724 1467 764 multa
1497 724 1570 765 ho·
1590 737 1624 762 ιο

233 779 367 820 mines
412 780 559 822 doctos
607 781 899 835 sapientisque
943 784 986 822 et
1029 781 1185 822 dixisse
1231 784 1273 823 et
1316 782 1477 837 scripta
1520 782 1570 824 de

234 838 410 879 deorum
448 839 742 881 inmortalium
782 840 955 882 numine
996 840 1234 894 reliquisse3
1278 855 1384 895 quae
1428 856 1571 896 quam-

234 911 363 951 quam
385 897 589 939 divinitus
615 899 851 952 perscripta
876 899 1009 951 video,
1034 902 1177 940 tamen
1204 900 1292 940 eius
1319 899 1434 940 modi
1459 903 1570 954 sunt,

233 957 282 995 ut
314 970 364 996 ea
395 957 578 998 maiores
610 959 747 999 nostri
780 958 972 999 docuisse
1002 958 1114 1011 illos,
1144 972 1231 999 non
1263 958 1315 999 ab
1346 958 1432 999 illis
1464 959 1571 999 didi-

233 1014 341 1055 cisse
379 1015 617 1057 videantur.
677 1016 851 1057 Etenim
890 1017 984 1070 quis
1030 1019 1094 1056 est
1135 1019 1223 1057 tam
1265 1031 1455 1071 vaecors,
1497 1017 1569 1072 qui
1590 1030 1622 1055 15

228 1075 314 1126 aut,
347 1087 442 1114 cum
469 1075 660 1128 suspexit
687 1075 731 1115 in
757 1075 933 1128 caelum,
966 1075 1066 1116 deos
1093 1089 1185 1115 esse
1216 1089 1303 1116 non
1337 1076 1495 1117 sentiat
1525 1079 1568 1117 et

228 1145 288 1184 ea,
322 1146 429 1185 quae
460 1135 584 1174 tanta
615 1136 757 1174 mente
782 1133 904 1187 fiunt,
934 1135 983 1173 ut
1008 1133 1078 1174 vix
1105 1134 1332 1187 quisquam
1359 1137 1450 1175 arte
1477 1134 1566 1176 ulla

228 1189 418 1231 ordinem
444 1205 585 1232 rerum
612 1206 660 1232 ac
684 1192 1040 1233 necessitudinem
1066 1193 1263 1246 persequi
1289 1192 1439 1247 possit,
1464 1207 1565 1235 casu

227 1248 318 1288 fieri
351 1252 475 1301 putet
508 1252 598 1303 aut,
632 1265 727 1291 cum
759 1251 858 1292 deos
892 1265 982 1291 esse
1014 1251 1292 1303 intellexerit,
1326 1265 1411 1292 non
1444 1251 1567 1292 intel-

227 1306 345 1361 legat
370 1321 515 1348 eorum
541 1309 714 1349 numine
740 1309 820 1350 hoc
846 1312 1017 1350 tantum
1041 1309 1270 1363 imperium
1296 1323 1387 1350 esse
1412 1313 1562 1351 natum
1583 1324 1617 1349 20

227 1367 270 1406 et
302 1369 474 1407 auctum
507 1370 550 1407 et
581 1368 826 1409 retentum?
877 1367 1012 1416 Quam
1044 1368 1242 1409 volumus
1275 1367 1387 1421 licet,
1418 1370 1564 1423 patres

227 1424 474 1478 conscripti,
513 1426 596 1480 ipsi
627 1441 705 1467 nos
738 1441 946 1480 amemus,
984 1430 1129 1467 tamen
1164 1441 1242 1467 nec
1278 1441 1456 1468 numero
1488 1426 1565 1468 Hi-

229 1496 385 1536 spanos
424 1498 501 1526 nec
538 1484 692 1526 robore
725 1484 874 1526 Gallos
911 1499 990 1528 nec
1027 1484 1261 1526 calliditate
1294 1484 1457 1527 Poenos
1489 1500 1567 1528 nee

228 1541 393 1582 artibus
433 1542 617 1584 Graecos
658 1558 735 1584 nec
780 1544 959 1597 denique
1001 1543 1081 1585 hoc
1122 1544 1215 1597 ipso
1256 1543 1381 1585 huius
1423 1545 1565 1599 gentis

227 1614 275 1640 ac
312 1602 451 1641 terrae
490 1601 724 1643 domestico
762 1602 992 1656 nativoque
1032 1617 1155 1643 sensu
1188 1602 1324 1643 Italos
1361 1602 1478 1656 ipsos
1516 1618 1566 1645 ac
1585 1611 1618 1637 25

225 1657 422 1712 Latinos,
461 1661 534 1701 sed
571 1661 730 1714 pietate
770 1675 817 1702 ac
854 1661 1062 1716 religione
1100 1663 1226 1715 atque
1264 1660 1344 1702 hac
1380 1675 1465 1702 una
1503 1677 1565 1703 sa·

225 1717 400 1770 pientia,
427 1718 539 1771 quod
567 1719 741 1760 deorum
766 1721 939 1761 numine
967 1719 1109 1760 omnia
1134 1720 1224 1773 regi
1250 1720 1564 1774 gubernarique

157 1806 212 1847 10
227 1776 538 1828 perspeximus,
582 1778 720 1819 omnis
761 1778 900 1832 gentis
938 1777 1218 1832 nationesque
1258 1778 1562 1832 superavimus.

156 1857 201 1887 20
317 1832 473 1887 Quare,
510 1850 563 1876 ne
595 1837 719 1890 plura
752 1837 801 1877 de
833 1851 877 1877 re
910 1836 1083 1876 minime
1122 1837 1274 1890 loquar
1311 1837 1455 1890 dubia,
1493 1837 1563 1878 ad-

228 1891 373 1932 hibete
412 1892 576 1934 animos
616 1898 658 1935 et
699 1897 862 1936 mentes
906 1898 1088 1948 vestras,
1127 1909 1215 1936 non
1254 1894 1393 1936 solum
1425 1910 1562 1950 aures,
1581 1905 1616 1931 30

225 1950 278 1991 ad
327 1950 606 2005 haruspicum
657 1967 802 1993 vocem
852 1952 1091 1994 admovete:
1149 1952 1297 2002 ‘QUOD
1344 1966 1394 1995 IN
1437 1965 1561 1996 AGRO

223 2008 499 2051 LAT1N1ENS1
537 2021 738 2052 AUDITUS
780 2022 862 2052 EST
904 2022 1153 2053 STREPITUS
1192 2023 1286 2054 CUM
1328 2012 1562 2054 FREMITU?

222 2062 352 2104 Mitto
386 2063 654 2119 haruspices,
698 2066 824 2107 mitto
863 2066 982 2107 illam
1020 2070 1207 2107 veterem
1251 2067 1304 2107 ab
1347 2067 1452 2120 ipsis
1495 2067 1559 2108 dis

224 2121 554 2176 immortalibus,
580 2125 628 2163 ut
647 2123 868 2165 hominum
888 2125 1004 2165 fama
1031 2127 1106 2177 est,
1130 2123 1330 2165 Etruriae
1356 2125 1559 2167 traditam

225 2179 515 2234 disciplinam3
564 2195 642 2222 nos
692 2196 831 2222 nonne
875 2182 1122 2236 haruspices
1167 2197 1258 2223 esse
1300 2184 1557 2237 possumus?
1578 2193 1611 2218 2³5

222 2236 461 2280 Exauditus
498 2239 543 2280 in
579 2253 682 2294 agro
722 2241 960 2294 propinquo
999 2245 1041 2281 et
1074 2240 1317 2282 suburbano
1359 2243 1424 2282 est
1456 2245 1558 2283 stre-

224 2296 339 2349 pitus
361 2297 531 2351 quidam
551 2297 792 2339 reconditus
815 2301 856 2339 et
875 2299 1093 2340 horribilis
1113 2299 1310 2340 fremitus
1331 2314 1558 2342 armorum.
