1687 2533
491 80 592 116 CAP.
620 85 736 116 8-10
761 84 780 122 g
809 85 957 119 19—25.
1350 83 1435 124 383

89 178 350 220 constitutus
372 192 422 219 ex
442 191 674 230 marmore3
695 176 813 218 cuius
834 177 1033 218 laudibus
1054 180 1167 219 certe
1187 193 1274 220 non
1295 179 1434 220 solum

88 237 192 292 ipse,
219 237 290 291 qui
312 236 523 290 laudatur,
550 235 623 278 sed
650 235 780 277 etiam
806 236 956 291 populi
982 236 1167 278 Romani
1192 252 1348 279 nomen
1368 252 1434 279 or-

88 299 227 337 natur.
290 295 340 337 In
380 295 544 337 eaelum
582 295 708 335 huius
749 309 934 349 proavus
975 294 1082 337 Cato
1122 296 1310 350 tollitur3
1349 311 1435 337 ma—

90 369 199 410 gnus
231 354 368 396 honos
402 354 550 409 populi
581 353 766 394 Romani
798 354 925 395 rebus
952 354 1212 410 adiungitur.
1275 355 1432 397 Omnes

54 426 69 452 5
91 414 270 468 denique
295 413 359 454 illi
386 412 574 466 Maximi,
599 411 805 466 Marcelli,
831 411 972 454 Fulvii
997 428 1083 454 non
1104 414 1194 455 sine
1216 414 1434 455 communi

90 472 281 515 omnium
312 474 508 513 nostrum
540 471 665 512 laude
698 471 965 514 decorantur.
1027 471 1146 528 Ergo
1179 473 1322 526 illum,
1362 472 1434 527 qui
1453 474 1505 516 10

88 532 194 573 haec
237 531 414 584 fecerat,
457 530 673 571 Rudinum
718 530 936 571 hominem
980 531 1164 572 maiores
1210 532 1351 573 nostri
1389 533 1434 572 in

90 590 308 632 civitatem
347 591 615 643 receperunt3
651 603 730 630 nos
769 588 881 630 hunc
919 588 1242 632 Heracliensem
1282 590 1432 632 multis

91 649 336 690 civitatibus
371 648 624 703 expetitum,
656 647 701 688 in
732 647 812 689 hac
845 651 989 689 autem
1020 649 1190 704 legibus
1223 650 1432 691 constitu-

37 720 71 745 10
90 711 182 749 tum
216 707 266 748 de
297 710 447 749 nostra
479 706 650 748 civitate
684 706 914 750 eiciemus?

179 765 310 820 Nam,
350 767 386 807 si
424 766 518 820 quis
557 765 766 806 minorem
805 765 968 820 gloriae
1005 766 1193 808 fructum
1225 769 1352 822 putat
1384 781 1435 808 ex
1462 780 1505 811 23

91 825 263 868 Graecis
295 825 489 867 versibus
521 824 683 878 percipi
715 838 842 878 quam
875 839 923 865 ex
949 823 1129 879 Latinis,
1160 826 1435 867 vehementer

91 887 217 938 errat,
244 887 473 939 propterea
499 883 611 938 quod
631 882 794 924 Graeca
821 883 1022 938 leguntur
1047 884 1093 925 in
1119 885 1318 927 omnibus
1346 885 1433 926 sere

92 943 305 999 gentibus,
336 942 493 984 Latina
525 942 612 983 suis
639 942 796 983 finibus
824 942 989 997 exiguis
1018 957 1119 984 sane
1147 944 1433 985 continentur.

39 1014 70 1039 15
92 1003 248 1056 Quare,
287 1002 323 1043 si
361 1015 428 1042 res
469 1015 560 1055 eae,
598 1015 704 1055 quas
737 1001 966 1056 gessimus,
1006 1002 1122 1043 orbis
1154 1004 1295 1043 terrae
1326 1003 1435 1058 regi-

92 1061 244 1103 onibus
278 1060 553 1114 definiuntur,
584 1074 736 1114 cupere
769 1059 989 1113 debemus,
1023 1075 1106 1115 quo
1133 1075 1337 1103 manuum
1363 1076 1435 1102 no-

93 1122 279 1161 strarum
317 1120 405 1160 tela
445 1118 734 1173 pervenerint,
781 1118 930 1160 eodem
967 1119 1156 1173 gloriam
1189 1119 1435 1174 famamque

91 1181 334 1234 penetrare,
372 1177 484 1232 quod
517 1192 612 1219 cum
643 1177 748 1232 ipsis
781 1178 976 1232 populis,
1008 1178 1059 1219 de
1092 1193 1274 1232 quorum
1305 1179 1434 1220 rebus

0 1279 1 1283 ,
92 1237 304 1291 scribitur,
335 1236 441 1278 haec
473 1236 618 1291 ampla
650 1238 761 1290 sunt,
792 1239 884 1277 tum
916 1236 968 1278 iis
1002 1239 1127 1290 certe,
1159 1237 1231 1291 qui
1264 1237 1314 1278 de
1345 1238 1436 1279 vita

38 1308 72 1333 20
93 1296 254 1351 gloriae
286 1310 415 1337 causa
442 1295 666 1348 dimicant,
697 1295 778 1336 hoc
811 1295 1044 1336 maximum
1077 1298 1119 1337 et
1148 1296 1435 1349 periculorum

91 1355 416 1395 incitamentum
464 1356 530 1395 est
572 1356 613 1394 et
650 1354 858 1394 laborum.
926 1353 1063 1401 Quam
1104 1355 1264 1396 multos
1304 1356 1435 1409 scrip-
1462 1367 1506 1398 24

92 1416 208 1454 tores
253 1427 394 1454 rerum
436 1426 610 1453 suarum
654 1425 837 1466 magnus
882 1412 956 1452 ille
1000 1411 1242 1454 Alexander
1292 1427 1435 1454 secum

92 1471 293 1512 habuisse
332 1471 500 1512 dicitur!
564 1471 706 1524 Atque
747 1470 783 1511 is
815 1472 979 1524 tamen,
1018 1485 1113 1512 cum
1144 1472 1189 1512 in
1221 1470 1348 1526 Sigeo
1383 1473 1435 1513 ad

94 1530 275 1572 Achillis
313 1530 526 1570 tumulum
561 1528 817 1570 adstitisset:
856 1528 912 1570 ‘O
944 1528 1245 1584 fortunate',
1282 1531 1436 1585 inquit,

41 1601 73 1626 25
95 1588 436 1641 ‘adulescens,
478 1588 562 1641 qui
594 1590 710 1628 tuae
743 1587 955 1628 virtutis
988 1587 1260 1629 Homerum
1292 1604 1435 1644 prae-

95 1662 265 1689 conem
302 1647 599 1688 inveneris!²
660 1645 719 1686 Et
756 1661 867 1687 vere.
929 1645 1059 1698 Nam,
1096 1647 1179 1688 nisi
1217 1647 1320 1689 Ilias
1360 1649 1436 1690 illa

95 1706 327 1753 extitisset,
365 1705 476 1746 idem
514 1705 724 1758 tumulus,
763 1705 835 1758 qui
867 1719 1020 1759 corpus
1054 1705 1143 1747 eius
1177 1710 1434 1761 contexerat,

93 1779 250 1806 nomen
291 1764 420 1806 etiam
463 1764 687 1806 obruisset.
759 1763 896 1812 Quid?
941 1766 1088 1805 noster
1129 1764 1198 1806 liic
1238 1765 1436 1820 Magnus,

97 1824 168 1878 qui
214 1838 307 1865 cum
348 1823 508 1864 virtute
545 1822 764 1863 fortunam
806 1822 1076 1877 adaequavit,
1122 1838 1263 1865 nonne
1301 1825 1433 1867 Theo-

43 1894 77 1919 30
96 1881 280 1936 phanem
317 1881 642 1935 Mytilenaeum,
681 1881 933 1935 scriptorem
977 1896 1117 1922 rerum
1157 1896 1348 1937 suarum,
1391 1884 1435 1924 in

97 1941 292 1982 contione
325 1941 513 1982 militum
540 1940 713 1982 civitate
746 1939 933 1993 donavit,
965 1942 1007 1981 et
1037 1941 1177 1982 nostri
1208 1942 1275 1982 illi
1299 1942 1435 1983 fortes

96 1999 196 2052 viri,
237 1999 309 2040 sed
346 2000 496 2041 rustici
529 2014 577 2040 ac
609 1998 770 2039 milites
803 1998 1020 2040 dulcedine
1053 2000 1237 2053 quadam
1271 2001 1435 2056 gloriae

98 2057 300 2098 commoti
333 2058 455 2112 quasi
485 2057 716 2113 participes
749 2057 935 2098 eiusdem
967 2058 1105 2099 laudis
1138 2073 1296 2114 magno
1328 2059 1435 2099 illud

98 2116 284 2156 clamore
322 2115 698 2170 approbaverunt?
759 2115 927 2170 Itaque,
965 2117 1107 2170 credo,
1146 2117 1182 2158 si
1216 2117 1319 2158 civis
1352 2117 1434 2158 Ro·
1462 2127 1505 2160 25

45 2184 78 2210 35
99 2188 249 2215 manus
287 2174 468 2216 Archias
511 2175 678 2231 legibus
718 2189 804 2215 non
843 2177 971 2229 esset,
1009 2179 1056 2216 ut
1094 2176 1146 2217 ab
1187 2176 1329 2230 aliquo
1360 2175 1436 2217 im·

98 2235 295 2286 peratore
322 2233 495 2275 civitate
522 2234 764 2287 donaretur,
790 2234 992 2286 perficere
1011 2248 1096 2275 non
1118 2235 1272 2289 potuit.
1317 2232 1436 2275 Sulla

99 2305 193 2332 cum
220 2290 437 2345 Hispanos
463 2295 506 2334 et
527 2292 676 2334 Gallos
705 2292 894 2338 donaret.
919 2293 1056 2347 credo,
1081 2292 1193 2334 hunc
1218 2295 1435 2348 petentem
