1619 2542
445 652 507 699 M.
548 651 736 698 TULLI
776 650 1107 699 CICERONIS

103 763 240 818 PRO
282 763 336 818 O.
363 762 654 816 RABIRIO
699 760 1261 816 PERDUELLIONIS
1304 761 1444 816 REO

333 850 338 855 ’
425 876 511 923 AD
550 874 841 930 QUlfflTES
880 874 1125 922 ORATIO.

577 1052 968 1092 ARGUMENTUM.

197 1131 236 1166 T.
258 1131 443 1166 Labienus
468 1131 638 1165 tribunus
662 1130 761 1175 pleb.
784 1130 820 1164 C.
843 1129 994 1164 Rabirio
1021 1130 1287 1174 perduellionis
1309 1131 1447 1165 crimen

104 1179 280 1216 Cicerone
306 1179 456 1213 consule
481 1177 656 1220 intendit,
682 1177 782 1220 quod
807 1176 844 1211 L.
864 1177 1091 1222 Appuleium
1118 1177 1358 1212 Saturninum
1382 1178 1446 1212 tri-

105 1229 243 1261 bunum
279 1226 377 1271 pleb.
410 1236 467 1260 res
506 1235 621 1260 novas
654 1224 871 1258 molientem
902 1224 1152 1259 interfecisset
1184 1224 1220 1259 C.
1252 1224 1370 1259 Mario
1406 1225 1444 1259 L.

104 1274 253 1308 Valerio
280 1284 371 1308 coss.
400 1284 430 1307 a.
456 1284 492 1307 u.
519 1284 548 1307 c.
576 1276 654 1307 654.
707 1271 827 1306 Causa
853 1272 938 1305 acta
964 1273 1021 1306 est
1044 1272 1163 1315 primo
1191 1271 1290 1316 apud
1317 1272 1446 1306 duum-

102 1321 203 1356 viros
236 1321 389 1364 antiquo
422 1330 540 1362 more,
574 1319 639 1353 sed
672 1320 770 1353 sorte
804 1329 826 1352 a
857 1319 1028 1363 praetore
1063 1318 1187 1361 datos,
1219 1330 1295 1353 non
1327 1330 1349 1352 a
1379 1330 1446 1363 po-
1509 1333 1514 1337 ·

102 1368 191 1413 pulo
229 1367 396 1402 Romano
435 1377 535 1401 more
575 1367 613 1400 et
646 1365 818 1400 instituto
858 1367 1012 1400 creatos.
1070 1366 1099 1399 Ii
1132 1367 1238 1400 erant
1271 1365 1306 1400 C.
1341 1367 1379 1400 et
1404 1366 1444 1400 L.

103 1415 188 1450 Iulii
214 1415 401 1450 Caesares.
440 1414 497 1448 Ab
523 1413 582 1447 his
609 1413 876 1447 condemnatus
902 1412 1076 1446 Rabirius
1102 1413 1282 1456 provocat
1307 1412 1355 1445 ad
1380 1423 1444 1456 po-

103 1462 242 1507 pulum.
283 1461 400 1502 Quam
428 1461 474 1495 ob
500 1471 578 1494 rem
604 1470 716 1493 causa
739 1460 873 1502 postea
899 1460 983 1492 acta
1009 1460 1066 1493 est
1089 1459 1128 1493 in
1154 1469 1284 1503 campo
1308 1460 1445 1493 Martio

105 1509 265 1543 comitiis
297 1508 525 1542 centuriatis.
581 1506 758 1540 Defendit
791 1506 828 1540 C.
862 1505 1054 1539 Rabirium
1080 1505 1128 1540 M.
1158 1505 1284 1540 Cicero
1317 1506 1447 1540 consul

105 1567 136 1590 a.
166 1560 244 1597 691,
271 1554 336 1589 sed
369 1555 406 1588 in
438 1553 644 1588 semihorae
676 1552 898 1586 curriculum
933 1553 1082 1586 coactus
1119 1563 1142 1586 a
1171 1552 1320 1587 tribuno
1345 1553 1444 1596 pleb.

105 1603 145 1637 T.
161 1602 335 1636 Labieno.
374 1602 424 1634 At
446 1600 564 1634 nihilo
590 1599 711 1633 minus
738 1610 760 1632 a
785 1598 923 1643 populo
945 1599 1212 1633 condemnatus
1234 1600 1333 1633 esset
1351 1610 1445 1643 reus,

104 1650 174 1684 nisi
194 1648 366 1683 Metellus
386 1647 491 1682 Celer
517 1657 635 1691 augur
661 1648 699 1680 et
723 1648 882 1690 praetor,
909 1656 992 1679 cum
1013 1656 1034 1679 a
1053 1645 1292 1680 multitudine
1313 1658 1351 1681 se
1371 1657 1446 1681 non

104 1696 226 1732 audiri
251 1698 289 1730 et
315 1695 350 1729 C.
379 1694 572 1728 Rabirium
598 1692 729 1737 cupide
756 1693 992 1727 condemnari
1018 1692 1171 1736 videret,
1198 1693 1374 1735 vexillum
1400 1693 1445 1728 de

103 1743 268 1778 laniculo
296 1742 527 1783 detraxisset,
554 1741 597 1774 ut
621 1740 696 1774 iam
721 1739 817 1773 nihil
842 1740 996 1773 sciscere
1022 1740 1159 1784 populo
1185 1740 1287 1775 Rom.
1305 1740 1444 1776 liceret.

105 1790 276 1825 Comitiis
303 1800 390 1833 ergo
416 1790 504 1822 tunc
530 1786 662 1822 solutis
689 1786 825 1820 abiecit
850 1786 889 1820 T.
915 1786 1100 1820 Labienus
1127 1786 1323 1830 actionem,
1349 1789 1387 1821 et
1407 1787 1444 1822 C.

104 1837 276 1872 Rabirius
301 1836 482 1870 liberatus
509 1833 689 1869 discessit.
718 1853 761 1858 —
788 1833 917 1868 Oratio
943 1833 1052 1875 haec,
1080 1845 1153 1877 qua
1177 1835 1224 1869 M.
1253 1834 1379 1869 Cicero
1407 1833 1444 1869 C.

102 1884 296 1919 Rabirium
329 1883 511 1925 defendit,
543 1883 691 1925 integra
720 1891 795 1915 non
822 1881 894 1922 est,
926 1891 1148 1924 quamquam
1175 1880 1318 1915 duobus
1345 1881 1441 1925 frag-

103 1932 236 1965 mentis
263 1942 282 1965 e
308 1929 534 1965 membranis
558 1927 811 1962 bibliothecae
832 1927 1035 1961 Vaticanae
1063 1939 1084 1961 a
1102 1927 1308 1963 Niebuhrio
1329 1929 1444 1962 erutis

106 1977 266 2012 adaucta
290 1989 386 2012 nunc
411 1977 550 2021 legitur

193 2131 308 2185 Etsi,
345 2130 551 2183 Quirites,
588 2144 675 2171 non
713 2131 778 2170 est
815 2143 933 2169 meae
968 2129 1287 2170 consuetudinis
1318 2128 1442 2170 initio
1474 2118 1519 2159 Ῑ-

106 2189 270 2230 dicendi
309 2190 521 2230 rationem
552 2188 743 2239 reddere,
782 2201 865 2240 qua
897 2187 947 2228 de
973 2201 1101 2228 causa
1134 2201 1342 2241 quemque
1374 2187 1439 2228 de·
1471 2169 1489 2198 1

103 2247 288 2300 fendam,
312 2251 541 2302 propterea
568 2246 680 2301 quod
706 2261 801 2287 cum
829 2245 1026 2287 omnibus
1047 2245 1211 2287 civibus
1232 2246 1275 2286 in
1296 2259 1443 2286 eorum

103 2306 304 2359 periculis
345 2320 511 2360 semper
544 2305 648 2346 satis
680 2304 839 2345 iustam
871 2304 978 2344 mihi
1010 2318 1180 2345 causam
1212 2303 1443 2344 necessitu-

68 2375 84 2400 5
104 2364 215 2405 dinis
242 2377 333 2405 esse
361 2363 472 2417 duxi,
497 2367 642 2405 tamen
666 2363 711 2403 in
737 2363 817 2404 hac
843 2362 1086 2403 defensione
1111 2362 1276 2417 capitis,
1301 2361 1441 2403 famae
