1619 2542
88 222 128 251 71

88 957 131 987 72

89 1542 131 1572 73

157 87 243 128 214
462 87 523 121 DE
550 85 674 120 LEGE
701 85 914 120 AGRARIA
941 84 1117 120 ORATIO
1143 84 1186 120 II.

87 169 414 238 27loqueretur.
462 182 552 224 Vos
583 197 703 234 vero,
740 180 945 233 Quirites,
984 180 1019 221 si
1057 195 1123 221 me
1163 181 1308 222 audire
1347 182 1492 236 vultis,

157 243 337 283 retinete
369 243 499 283 istam
530 240 845 295 possessionem
871 239 1048 294 gratiae,
1080 239 1308 294 libertatis,
1341 240 1491 281 suffra-

157 301 337 357 giorum,
358 300 594 356 dignitatis,
614 299 744 352 urbis,
757 298 854 351 fori,
868 298 1077 351 ludorum,
1091 298 1300 340 festorum
1315 298 1493 352 dierum,

156 363 394 401 ceterorum
433 359 621 400 omnium
654 357 990 411 commodorum,
1029 357 1113 397 nisi
1143 356 1255 398 forte
1287 358 1491 399 mavultis

156 418 315 460 relictis
353 418 421 459 his
459 418 584 458 rebus
625 419 753 470 atque
789 417 869 457 hac
907 416 999 457 luce
1036 415 1099 456 rei
1129 416 1323 470 publicae
1354 416 1400 457 in
1431 414 1491 457 Si-

156 477 336 532 pontina
362 477 552 517 siccitate
579 478 653 516 aut
679 475 722 515 in
743 474 1015 529 Salpinorum
1041 475 1315 528 pestilentiae
1335 475 1492 517 finibus

157 536 285 577 Rullo
319 535 421 576 duce
453 534 665 576 collocari.
709 533 798 574 Aut
830 533 954 587 dicat,
985 547 1090 587 quos
1117 547 1246 588 agros
1273 537 1493 587 empturus

158 595 231 647 sit,
265 594 475 646 ostendat,
507 596 549 633 et
581 592 681 647 quid
713 595 755 633 et
787 592 941 646 quibus
973 592 1151 633 daturus
1184 592 1251 633 sit.
1294 591 1355 634 Ut
1380 607 1493 646 vero,

157 668 253 695 cum
285 666 431 694 omnes
463 652 603 701 urbes,
635 665 774 706 agros,
805 651 1047 706 vectigalia,
1078 664 1212 705 regna
1242 651 1492 705 vendiderit,

157 715 251 753 tum
281 712 487 752 harenam
519 710 707 764 aliquam
739 712 813 751 aut
843 709 1020 764 paludes
1053 712 1185 763 emat,
1216 709 1259 750 id
1290 724 1366 751 vos
1398 713 1491 765 pot—

158 770 281 823 estis,
314 784 490 824 quaeso,
522 769 778 811 concedere?
841 768 1109 823 Quamquam
1139 768 1247 809 illud
1279 771 1344 810 est
1375 783 1493 824 egre-

157 830 287 884 gium,
313 828 426 883 quod
451 828 531 869 hac
551 828 646 883 lege
668 831 766 869 ante
787 828 930 868 omnia
948 829 1143 880 veneunt,
1171 829 1269 868 ante
1288 827 1494 882 pecuniae

158 890 369 943 coguntur
410 890 452 928 et
492 889 815 940 coacervantur,
857 900 985 940 quam
1025 886 1152 941 gleba
1191 900 1275 927 una
1317 889 1492 928 ematur.

158 946 320 988 Deinde
358 946 441 986 emi
478 945 612 998 iubet,
657 945 710 985 ab
749 944 882 986 invito
914 947 1041 986 vetat.
1105 943 1290 998 Quaero,
1329 945 1382 999 si,
1421 945 1494 1000 qui

156 1005 292 1046 velint
310 1004 502 1057 vendere,
528 1018 613 1044 non
631 1003 802 1055 fuerint,
829 1003 930 1057 quid
949 1003 1153 1057 pecuniae
1174 1003 1277 1044 fiet?
1318 1003 1493 1045 Referre

156 1065 201 1105 in
226 1063 436 1104 aerarium
462 1062 530 1103 lex
555 1064 685 1115 vetat,
711 1061 825 1116 exigi
852 1062 1061 1115 prohibet.
1105 1061 1246 1116 Igitur
1270 1062 1493 1116 pecuniam

158 1136 325 1163 omnem
366 1120 593 1162 decemviri
630 1120 854 1173 tenebunt,
894 1120 1016 1161 vobis
1056 1134 1157 1174 ager
1193 1135 1280 1162 non
1312 1123 1492 1175 emetur3

156 1180 439 1235 vectigalibus
473 1179 743 1231 abalienatis,
783 1178 908 1219 sociis
941 1178 1123 1231 vexatis,
1160 1179 1334 1234 regibus
1367 1182 1493 1234 atque

158 1239 356 1280 omnibus
398 1238 597 1293 gentibus
639 1237 866 1278 exinanitis
907 1237 973 1277 illi
1015 1236 1217 1291 pecunias
1260 1237 1493 1291 habebunt,

156 1312 231 1339 vos
265 1311 392 1352 agros
423 1311 509 1338 non
541 1296 767 1337 habebitis.
811 1294 997 1349 ‘Facile',
1026 1295 1179 1350 inquit,
1211 1294 1494 1338 ‘adducuntur

157 1357 360 1410 pecuniae
401 1355 712 1410 magnitudine,
752 1356 800 1395 ut
837 1354 971 1395 velint
1008 1353 1217 1395 vendere’.
1284 1354 1401 1410 Ergo
1445 1369 1495 1396 ea

157 1416 225 1455 lex
251 1417 328 1468 est,
360 1429 444 1469 qua
469 1416 617 1455 nostra
642 1413 887 1467 vendamus,
920 1413 1071 1467 quanti
1097 1412 1322 1468 possimus,
1355 1413 1495 1455 aliena

160 1487 371 1526 emamus,
403 1472 554 1527 quanti
583 1486 852 1526 possessores
884 1471 1031 1512 velint.

246 1531 389 1586 Atque
421 1531 468 1571 in
491 1531 570 1572 hos
597 1545 735 1585 agros,
768 1530 839 1584 qui
864 1530 944 1571 hac
969 1531 1064 1585 lege
1091 1530 1225 1585 empti
1252 1530 1349 1583 sint,
1381 1530 1494 1572 colo-

157 1590 249 1631 nias
289 1591 343 1631 ab
374 1589 442 1630 his
476 1589 724 1631 decemviris
757 1589 904 1630 deduci
934 1589 1064 1630 iubet.
1126 1588 1264 1638 Quid?
1302 1589 1495 1630 omnisne

158 1649 276 1689 locus
321 1648 410 1689 eius
455 1648 570 1689 modi
614 1650 697 1702 est,
740 1650 788 1689 ut
830 1648 937 1689 nihil
974 1648 1145 1688 intersit
1189 1647 1249 1688 rei
1286 1647 1494 1702 publicae,

159 1707 325 1748 colonia
367 1707 598 1747 deducatur
634 1707 678 1747 in
710 1721 805 1748 eum
836 1707 979 1748 locum
1009 1720 1156 1759 necne,
1194 1720 1248 1747 an
1273 1708 1338 1746 est
1364 1706 1493 1759 locus,

160 1765 231 1819 qui
269 1765 481 1806 coloniam
518 1765 727 1819 postulet,
765 1768 847 1819 est,
883 1766 954 1818 qui
993 1765 1120 1819 plane
1151 1764 1344 1805 recuset?
1400 1764 1493 1813 Quo

157 1824 203 1864 in
247 1837 399 1878 genere
444 1823 553 1864 sicut
590 1824 635 1864 in
672 1825 824 1864 ceteris
862 1823 923 1864 rei
959 1823 1153 1877 publicae
1190 1822 1385 1876 partibus
1428 1825 1494 1863 est

158 1895 313 1936 operae
356 1882 541 1935 pretium
587 1882 855 1937 diligentiam
896 1881 1105 1922 maiorum
1145 1880 1376 1934 recordari,
1422 1882 1494 1935 qui

159 1939 347 1981 colonias
387 1939 446 1980 sic
477 1939 640 1981 idoneis
672 1940 717 1981 in
747 1941 852 1982 locis
885 1942 1033 1981 contra
1064 1939 1348 1993 suspicionem
1380 1941 1494 1994 peri-

158 1998 243 2040 culi
274 1997 557 2050 collocarunt,
589 2001 637 2039 ut
669 2013 760 2039 esse
792 2013 878 2040 non
910 1997 1067 2053 oppida
1097 1996 1262 2050 Italiae,
1296 1997 1369 2038 sed
1399 2012 1494 2053 pro-

158 2056 401 2112 pugnacula
443 2055 610 2110 imperii
647 2057 902 2098 viderentur.
967 2056 1024 2097 Hi
1063 2055 1267 2096 deducent
1305 2057 1493 2098 colonias

158 2115 202 2155 in
240 2129 311 2156 eos
349 2127 494 2168 agrOS,
532 2129 636 2168 quos
679 2116 876 2169 emerint3
915 2115 1111 2165 etiamne,
1144 2114 1180 2154 si
1210 2114 1273 2155 rei
1298 2115 1493 2168 publicae

89 2183 134 2215 74
159 2188 245 2215 non
277 2172 501 2227 expediat?
558 2172 639 2213 ‘ET
681 2185 727 2214 IN
760 2185 881 2223 QUAE
913 2183 1034 2214 LOCA
1065 2184 1334 2214 PRAETEREA
1365 2185 1493 2214 va-

163 2230 326 2273 sslTUR.'
401 2229 509 2279 Quid
552 2230 685 2286 igitur
728 2234 793 2272 est
837 2245 1005 2284 causae,
1049 2231 1151 2284 quin
1194 2231 1406 2273 coloniam
1449 2231 1494 2272 in

162 2290 398 2332 Ianiculum
440 2288 608 2344 possint
655 2288 859 2332 deducere
901 2295 943 2331 et
987 2304 1110 2330 suum
1153 2290 1411 2343 praesidium
1448 2290 1494 2330 in

1513 721 1546 747 10

1514 1015 1546 1041 15

1513 1308 1547 1333 20

1515 1601 1548 1626 25

1512 2183 1547 2209 35
