1619 2542
90 616 130 645 11

94 1845 135 1876 13

159 97 242 138 182
469 97 534 131 DE
561 96 685 132 LEGE
710 96 928 131 AGRARIA
956 96 1137 131 ORATIO
1164 96 1190 131 Ι.

156 209 243 235 non
284 196 429 248 potest
473 195 618 235 utrum
665 194 872 234 severitas
919 192 1110 234 acerbior
1156 207 1211 233 an
1257 192 1502 248 benignitas

157 253 456 307 quaestuosior
489 253 545 293 sit
576 252 733 292 futura.

247 310 357 352 Sunt
399 314 545 352 tamen
585 311 630 351 in
674 312 768 351 tota
809 310 904 364 lege
950 310 1220 363 exceptiones
1267 309 1372 351 duae
1416 325 1504 352 non

156 373 248 411 tam
298 370 470 424 iniquae
518 384 646 423 quam
698 369 971 422 suspiciosae.
1044 368 1220 422 Excipit
1264 369 1413 420 [enim]
1458 370 1502 410 in

158 429 359 482 vectigali
393 427 649 481 imponendo
683 441 835 482 agrum
866 426 1192 468 Recentoricum
1218 425 1500 480 Siciliensem,
1528 438 1543 463 5

158 488 203 528 in
240 487 472 528 vendendis
511 487 628 541 agris
667 501 738 527 eos
778 499 922 540 agros,
961 485 1010 526 de
1055 486 1209 539 quibus
1242 488 1413 526 cautum
1447 486 1503 527 sit

157 546 337 587 foedere.
399 545 456 586 Hi
489 547 589 586 sunt
620 545 666 585 in
697 544 856 595 Africa,
889 545 961 599 qui
994 544 1047 585 ab
1081 543 1334 598 Hiempsale
1367 545 1502 598 possi-

160 605 323 645 dentur.
385 603 467 645 Hic
509 618 685 658 quaero,
728 604 763 644 si
795 602 1037 657 Hiempsali
1079 604 1185 643 satis
1225 606 1290 644 est
1330 605 1503 644 cautum

157 663 326 704 foedere
366 666 408 703 et
439 662 743 704 Recentoricus
782 675 883 717 ager
916 662 1110 715 privatus
1144 664 1227 714 est,
1269 662 1370 716 quid
1403 662 1502 702 atti·

158 722 299 762 nuerit
331 722 485 775 excipi,
519 722 585 762 sin
618 724 659 762 et
686 720 835 761 foedus
867 720 973 761 illud
1004 720 1135 761 habet
1167 721 1355 774 aliquam
1383 720 1503 761 dubi·
1524 732 1557 756 10

158 781 369 822 tationem
412 783 454 821 et
496 794 599 833 ager
630 779 933 821 Recentoricus
967 779 1120 820 dicitur
1151 794 1239 820 non
1269 793 1504 833 numquam

159 854 251 880 esse
282 839 498 893 publicus,
531 853 657 892 quem
690 841 812 892 putet
843 838 1185 879 existimaturum
1217 837 1321 878 duas
1353 852 1503 879 causas

158 898 202 938 in
247 898 349 939 orbe
393 901 605 939 terrarum
651 900 859 950 repertas,
912 897 1066 950 quibus
1112 897 1249 951 gratis
1297 899 1503 950 parceret.

159 956 473 1011 Numquisnam
506 960 598 997 tani
630 956 854 996 abstrusus
888 970 1068 1009 usquam
1094 969 1294 996 nummus
1320 955 1501 1008 videtur,

161 1030 286 1069 quem
329 1029 417 1056 non
455 1014 678 1055 architecti
714 1014 890 1055 huiusce
928 1014 1038 1069 legis
1079 1013 1332 1055 olfecerint?
1399 1013 1500 1055 Pro·
1523 1026 1556 1051 15

158 1075 332 1126 vincias,
366 1074 561 1114 civitates
589 1072 761 1126 liberas,
795 1074 945 1125 socios,
973 1073 1146 1122 amicos,
1174 1086 1296 1128 reges
1325 1072 1503 1126 denique

160 1132 429 1185 exhauriunt,
445 1132 673 1172 admovent
686 1145 835 1172 manus
847 1131 1131 1186 vectigalibus
1144 1131 1293 1185 populi
1305 1130 1504 1172 Romani.

161 1190 258 1232 Non
299 1193 365 1231 est
403 1191 521 1231 satis
582 1190 757 1243 Audite,
799 1189 943 1230 audite
982 1204 1076 1243 vos,
1118 1190 1190 1243 qui
1233 1189 1502 1243 amplissimo

160 1249 307 1303 populi
347 1253 602 1302 senatusque
645 1248 798 1289 iudicio
833 1248 1039 1289 exeicitus
1071 1248 1284 1288 habuistis
1316 1252 1359 1288 et
1389 1248 1504 1288 bella

161 1308 377 1363 gessistis:
419 1308 530 1362 quod
564 1307 616 1348 ad
650 1321 859 1372 quemque
891 1307 1132 1361 pervenerit
1165 1321 1215 1347 ex
1245 1306 1420 1360 praeda,
1452 1321 1502 1347 ex
1524 1320 1558 1344 ‘20

162 1367 387 1420 manubiis,
421 1381 471 1407 ex
498 1381 600 1407 auro
635 1366 871 1418 coronario,
903 1365 1015 1431 quod
1040 1379 1176 1419 neque
1202 1368 1503 1418 consumptum

160 1426 204 1466 in
248 1427 526 1466 monumento
558 1439 694 1479 neque
726 1426 771 1465 in
803 1425 1015 1465 aeissaiium
1047 1424 1231 1464 ielatum
1264 1424 1338 1476 sit,
1375 1423 1419 1464 id
1451 1423 1503 1464 ad

162 1484 422 1525 decemviros
459 1484 609 1524 referri
648 1483 784 1524 iubet!
840 1482 934 1524 Hoc
972 1484 1111 1537 capite
1143 1482 1280 1523 multa
1312 1484 1504 1535 sperant3

161 1544 206 1583 in
243 1543 382 1583 omnis
420 1542 702 1596 imperatores
737 1542 997 1596 heredesque
1030 1556 1174 1582 eorum
1207 1543 1503 1595 quaestionem

162 1615 238 1642 suo
278 1601 434 1642 iudicio
468 1603 736 1654 comparant,
775 1600 848 1641 sed
880 1601 1110 1641 maximam
1142 1600 1367 1654 pecuniam
1400 1613 1444 1640 se
1477 1614 1554 1640 a25

161 1659 322 1700 Fausto
350 1660 571 1700 ablaturos
599 1659 874 1700 arbitrantur.
927 1658 1063 1707 Quam
1088 1673 1260 1699 causam
1288 1658 1502 1711 suscipere

161 1718 292 1758 iurati
311 1718 470 1759 iudices
492 1718 734 1771 noluerunt,
768 1718 878 1758 hanc
897 1718 971 1757 isti
992 1717 1219 1758 decemviri
1241 1717 1500 1769 [suscepere]

162 1776 319 1817 idcirco
359 1792 384 1817 a
421 1776 630 1818 iudicibus
669 1777 853 1817 fortasse
885 1776 1235 1829 praetermissam
1267 1788 1357 1815 esse
1391 1774 1500 1815 arbi-

162 1837 351 1888 trantur,
395 1835 507 1889 quod
551 1836 608 1876 sit
644 1835 750 1888 ipsis
794 1837 1022 1875 reservata.
1087 1833 1249 1874 Deinde
1291 1832 1420 1873 etiam
1456 1832 1502 1873 in

163 1893 373 1947 reliquum
404 1898 575 1946 tempus
607 1893 937 1948 diligentissime
970 1892 1124 1944 sancit,
1155 1893 1216 1944 ut,
1247 1891 1359 1944 quod
1391 1890 1502 1945 quis·
1521 1909 1556 1934 30

164 1966 244 2006 que
270 1952 504 2005 imperator
532 1952 689 1992 habeat
708 1951 923 2005 pecuniae,
949 1951 1143 2004 protinus
1165 1950 1217 1990 ad
1238 1949 1499 1991 decemviros

163 2010 332 2051 referat.
393 2009 474 2050 Hic
518 2012 662 2050 tamen
701 2010 856 2063 excipit
890 2009 1140 2062 Pompeium
1180 2008 1417 2061 simillime,
1455 2010 1502 2048 ut

164 2068 271 2109 mihi
302 2067 487 2121 videtur,
520 2071 646 2122 atque
678 2070 726 2109 ut
758 2069 834 2109 illa
865 2069 969 2122 lege,
1002 2081 1085 2120 qua
1116 2067 1331 2121 peregrini
1363 2066 1502 2107 Roma

164 2127 385 2180 eiciuntur,
417 2125 677 2179 Glaucippus
710 2126 928 2180 excipitur.
970 2125 1068 2166 Non
1101 2125 1213 2165 enim
1246 2125 1325 2167 hac
1357 2139 1502 2178 excep-

164 2185 280 2227 tione
306 2199 414 2226 unus
442 2184 638 2226 adficitur
657 2185 874 2237 beneficio,
901 2183 973 2225 sed
993 2197 1100 2224 unus
1121 2184 1316 2237 privatur
1334 2183 1500 2224 iniuria.
1520 2205 1554 2230 35

166 2243 247 2285 Sed
277 2243 344 2285 cui
373 2243 596 2284 manubias
626 2243 819 2295 remittit,
851 2243 895 2283 in
922 2241 1047 2282 huius
1074 2242 1303 2296 vectigalia
1326 2241 1500 2282 invadit.

164 2301 289 2343 Iubet
321 2302 434 2343 enim
465 2301 656 2356 pecunia,
683 2302 719 2342 si
746 2315 829 2355 qua
854 2303 952 2355 post
976 2314 1054 2341 nos
1082 2300 1277 2342 consules
1304 2314 1352 2340 ex
1377 2299 1499 2341 novis
