1619 2542
524 101 626 138 CAP.
652 106 788 137 ‘ze—31
817 107 836 145 ξ
862 106 1013 138 84—89.
1381 102 1435 144 67

102 200 148 244 Si
179 200 251 256 qui
282 214 420 241 meam
459 198 667 240 familiam
700 199 749 240 de
787 213 880 240 meo
918 197 1050 240 fundo
1082 198 1279 249 deiecerit,
1316 212 1365 240 ex
1395 212 1438 240 eo

101 273 164 301 me
195 260 275 301 loco
307 257 523 311 deiecerit3
561 257 597 298 si
630 258 702 312 qui
733 257 838 299 mihi
873 260 1047 312 praesto
1086 257 1215 299 fuerit
1246 272 1342 299 cum
1375 272 1438 298 ar-

103 317 233 360 matis
262 315 509 358 hominibus
542 318 663 357 extra
699 330 839 358 meum
874 315 1054 357 fundum
1086 318 1129 357 et
1160 330 1226 357 me
1257 316 1438 357 introire

103 375 388 433 prohibuerit,
417 389 505 416 non
536 388 592 415 ex
624 389 691 429 eo,
723 375 796 416 sed
828 374 888 416 ab
921 389 970 416 eo
1001 375 1095 416 loco
1128 389 1196 417 me
1228 374 1438 416 deiecerit.

67 446 85 482 ξ»
105 435 172 477 Ad
203 435 307 477 haec
338 433 420 475 duo
453 446 610 488 genera
634 448 777 474 rerum
802 448 931 475 unum
963 434 1157 487 verbum,
1189 433 1302 489 quod
1333 433 1439 475 satis

104 494 339 536 declararet
368 494 572 546 utrasque
604 506 683 545 res,
713 492 977 544 invenerunt,
1008 495 1073 546 ut,
1105 492 1194 534 sive
1226 507 1276 534 ex
1307 491 1438 534 fundo

105 553 194 594 sive
225 567 251 594 a
280 550 411 592 fundo
444 550 630 591 deiectus
663 565 816 603 essem,
855 565 938 592 uno
972 553 1099 606 atque
1131 552 1280 594 eodem
1311 551 1439 592 inter-

105 611 218 653 dicto
255 609 505 651 restituerer
541 607 700 650 eUNDE
740 609 833 651 TU'.
906 609 999 651 Hoc
1042 610 1221 652 verbum
1262 609 1439 652 ‘UNDE’

105 673 332 723 utrumque
376 668 584 721 declarat,
628 670 671 709 et
706 682 756 709 ex
800 682 882 723 quo
921 669 1014 710 1060
1060 671 1103 709 61
1143 683 1168 710 a
1206 683 1289 724 quo
1332 669 1439 710 1060.

53 740 86 764 10
105 728 226 770 Unde
253 728 438 769 deiectus
471 729 536 768 est
562 725 726 768 Cinna?
776 727 841 767 Ex
873 727 988 768 urbe.
1039 726 1161 768 Unde
1187 727 1438 769 Telesinus?

105 788 174 828 Ab
206 787 323 828 urbe.
382 784 505 827 Unde
543 785 695 827 deiecti
737 784 881 827 Galli?
938 786 978 826 A
1017 784 1243 840 Capitolio.
1304 785 1440 839 Unde,

105 846 176 900 qui
203 859 298 887 cum
325 843 517 886 Graccho
543 843 745 885 fuerunt?
789 844 854 885 Ex
880 843 1108 898 Capitolio.
1162 844 1331 886 Videtis
1357 844 1438 900 igi·
1465 856 1509 888 88

104 909 175 946 tur
204 904 287 946 hoc
318 917 401 944 uno
430 902 560 944 verbo
593 902 769 944 ‘UNDE'
802 903 1035 958 significari
1066 918 1133 945 res
1167 903 1284 957 duas,
1315 906 1358 945 et
1390 918 1440 944 ex

106 977 189 1017 quo
216 965 259 1003 et
285 977 310 1003 a
335 976 429 1016 quo.
479 960 586 1002 Cum
613 964 757 1003 autem
783 976 831 1003 eo
857 962 1026 1003 restitui
1050 961 1182 1012 iubet,
1213 962 1276 1003 ita
1299 961 1420 1003 iubet
1421 962 1509 1016 ,(88)

53 1032 86 1058 15
105 1025 154 1062 ut
185 1021 221 1062 si
253 1019 369 1062 Galli
402 1035 426 1062 a
457 1020 691 1062 maioribus
716 1020 877 1062 nostris
907 1021 1195 1086 postularent,
1221 1023 1271 1062 ut
1296 1035 1345 1062 eo
1377 1035 1440 1062 re·

107 1080 395 1133 stituerentur,
420 1078 531 1120 unde
556 1079 709 1120 deiecti
735 1082 887 1133 essent,
919 1082 962 1120 et
988 1079 1131 1133 aliqua
1157 1079 1199 1121 vi
1223 1079 1305 1121 hoc
1331 1093 1441 1121 asse-

107 1138 179 1193 qui
209 1140 403 1193 possent,
434 1151 538 1191 non,
570 1138 737 1192 opinor,
776 1152 847 1179 eos
880 1139 924 1179 in
955 1138 1213 1192 cuniculum,
1254 1153 1338 1193 qua
1369 1152 1441 1193 ag-

107 1196 244 1262 gressi
270 1199 401 1250 erant,
428 1196 537 1237 sed
526 1211 571 1237 in
591 1196 854 1251 Capitolium
879 1197 1051 1238 restitui
1077 1199 1306 1252 oporteret.
1347 1195 1440 1239 Ηο6

107 1255 219 1297 enim
244 1255 530 1309 intellegitur:
556 1266 700 1296 UNDE
727 1255 1136 1309 DEIECIST1,sive
1163 1270 1212 1296 ex
1237 1270 1319 1310 quo
1345 1256 1440 1297 1060

53 1326 88 1350 20
107 1314 196 1356 sive
228 1329 253 1355 a
284 1328 366 1368 quo
398 1314 510 1367 loco,
547 1325 614 1356 ΕΟ
646 1325 955 1356 RESTITUAS.
1015 1312 1110 1355 Hoc
1141 1313 1228 1355 iam
1260 1314 1440 1369 simplex

108 1376 190 1426 est,
220 1372 265 1413 in
302 1387 398 1413 eum
435 1372 577 1414 locum
614 1373 836 1414 restituas:
869 1373 959 1414 sive
997 1387 1047 1414 ex
1077 1373 1159 1414 hoc
1197 1373 1293 1415 loco
1328 1373 1436 1414 deie

107 1431 215 1484 cisti,
240 1431 418 1472 restitue
443 1431 489 1472 in
513 1431 625 1472 hunc
650 1432 801 1485 locum,
831 1431 919 1472 sive
946 1431 999 1472 ab
1025 1431 1106 1472 hoc
1131 1431 1238 1485 1060,
1264 1432 1441 1472 restitue

106 1489 152 1530 in
183 1503 279 1531 eum
315 1489 474 1554 locum,
509 1504 597 1530 non
627 1503 678 1530 ex
716 1504 818 1543 quo,
855 1489 929 1530 sed
961 1504 986 1531 a
1016 1503 1099 1544 quo
1141 1489 1325 1531 deiectus
1364 1492 1440 1530 est.

108 1546 185 1598 Ut,
218 1548 254 1588 si
286 1547 374 1601 qui,
406 1562 456 1588 ex
489 1548 576 1588 alto
609 1562 704 1589 cum
736 1548 787 1588 ad
820 1547 1006 1602 patriam
1039 1548 1305 1601 accessisset,
1337 1549 1441 1589 tem-

54 1616 88 1643 25
108 1608 275 1661 pestate
302 1605 444 1646 subito
469 1605 650 1647 reiectus
678 1608 859 1659 optaret,
884 1608 944 1659 ut,
970 1620 1066 1647 cum
1093 1621 1117 1647 a
1141 1606 1283 1661 patria
1310 1606 1441 1648 deiec—

107 1669 177 1705 tus
209 1667 332 1717 esset,
365 1678 413 1705 eo
445 1664 753 1717 restitueretur,
783 1665 882 1717 hoc,
914 1664 1076 1717 opinor,
1111 1667 1293 1718 optaret,
1325 1667 1385 1719 ut,
1417 1680 1441 1706 a

109 1737 191 1778 quo
217 1723 311 1764 loco
339 1722 538 1776 depulsus
565 1724 688 1775 esset,
718 1722 764 1763 in
789 1736 885 1763 eum
912 1737 956 1764 se
983 1722 1158 1765 fortuna
1182 1724 1441 1777 restitueret,

108 1795 194 1822 non
221 1781 266 1822 in
292 1781 442 1833 salum,
473 1781 547 1822 sed
572 1781 617 1822 in
642 1781 779 1834 ipsam
804 1782 965 1835 urbem,
997 1797 1123 1836 quam
1149 1782 1337 1836 petebat,
1369 1782 1440 1834 sic,

110 1839 309 1893 quoniam
340 1840 568 1881 verborum
600 1839 687 1880 vim
718 1839 957 1881 necessario
988 1840 1267 1883 similitudine
1298 1855 1440 1882 rerum

56 1909 90 1934 30
110 1912 381 1952 aucupamur,
401 1898 472 1953 qui
492 1898 694 1952 postulat,
714 1901 772 1951 ut,
793 1913 817 1939 a
837 1912 920 1952 quo
941 1899 1034 1941 loco
1056 1898 1242 1941 deiectus
1263 1902 1339 1951 est,
1358 1899 1439 1941 hoc

111 1960 186 2010 est,
205 1956 315 1997 unde
336 1956 520 1998 deiectus
542 1959 618 2010 est,
639 1971 687 1997 60
708 1956 972 2011 restituatur,
992 1958 1073 2000 hoc
1091 1958 1297 2012 postulat,
1329 1961 1377 1999 ut
1396 1958 1439 1999 in
1455 1991 1507 2032 31

112 2029 207 2055 eum
238 2015 379 2069 ipsum
404 2016 544 2057 locum
573 2015 836 2057 restituatur.
891 2015 997 2057 Cum
1027 2017 1159 2058 verba
1189 2031 1267 2057 nos
1294 2030 1343 2057 eo
1370 2016 1441 2057 du·
1467 2042 1510 2073 89

111 2075 223 2126 cunt,
254 2076 345 2114 tum
370 2088 438 2115 res
468 2073 563 2128 ipsa
593 2074 674 2115 hoc
700 2073 856 2115 sentire
882 2076 1008 2129 atque
1034 2075 1285 2129 intellegere
1312 2075 1440 2130 cogit.

110 2130 293 2185 Etenim,
325 2131 436 2185 Piso,
462 2131 604 2185 (redeo
630 2147 741 2174 nunc
767 2132 820 2173 ad
844 2132 922 2174 illa
945 2133 1155 2189 principia
1181 2132 1440 2175 defensionis

0 2223 8 2249 5
58 2199 92 2226 85
113 2189 248 2241 meae)
280 2189 317 2230 si
349 2191 443 2244 quis
474 2193 517 2231 te
550 2205 599 2232 ex
632 2191 806 2232 aedibus
838 2191 923 2232 tuis
952 2192 994 2233 vi
1029 2192 1274 2234 hominibus
1307 2206 1441 2232 arma-

111 2246 168 2288 113
201 2246 415 2302 deiecerit,
448 2248 548 2303 quid
579 2249 709 2304 ages?
760 2248 937 2304 Opinor,
968 2250 1048 2292 hoc
1078 2250 1324 2302 interdicto,
1357 2264 1440 2304 quo

110 2319 189 2347 nos
221 2305 288 2347 usi
313 2320 469 2362 sumus,
500 2322 763 2362 persequere.
819 2306 955 2356 Quid?
988 2309 1023 2350 si
1050 2309 1122 2364 qui
1147 2309 1232 2350 iam
1265 2308 1315 2349 de
1346 2307 1440 2349 foro

1184 2377 1232 2408 5*
