1619 2542
110 644 150 675 15

113 1466 153 1496 16

173 127 259 169 254
528 127 579 162 IN
606 127 646 162 L.
673 125 939 162 CATILINAM
965 125 1143 161 ORATIO
1172 126 1200 161 Ι,

173 223 315 279 patior
366 224 503 277 sileri,
545 237 598 264 ne
635 223 681 264 in
717 223 799 264 hac
837 222 1013 264 civitate
1050 221 1164 263 tanti
1199 221 1404 264 facinoris
1448 221 1513 264 in-

174 282 359 324 manitas
392 285 466 324 aut
498 282 690 323 extitisse
723 284 796 322 aut
826 295 914 322 non
948 280 1167 322 vindicata
1192 295 1283 322 esse
1308 281 1513 322 videatur⁴

173 341 476 382 Praetermitto
515 341 662 382 ruinas
699 340 970 381 fortunarum
1009 341 1199 393 tuarum,
1237 353 1341 394 quas
1374 339 1512 381 omnis

174 400 401 454 inpendere
433 399 513 440 tibi
544 398 762 454 proxumis
796 397 941 439 Idibus
975 399 1150 452 senties3
1183 398 1236 439 ad
1267 398 1345 439 illa
1374 397 1512 452 venio,

176 473 282 513 quae
319 473 406 499 non
443 458 495 499 ad
536 457 750 512 privatam
780 457 1064 511 ignominiam
1097 457 1298 498 vitiorum
1329 459 1512 510 tuorum,
1531 468 1548 495 ⁵

174 531 261 558 non
288 517 340 557 ad
366 517 644 558 domesticam
665 520 784 557 tuam
806 515 1103 557 difficultatem
1124 530 1172 557 ac
1191 515 1513 570 turpitudinem,

176 575 250 616 sed
282 576 335 616 ad
368 590 577 616 summam
610 589 698 616 rem
730 574 948 629 publicam
981 576 1107 628 atque
1140 574 1194 616 ad
1225 575 1414 616 omnium
1437 588 1513 615 no-

178 637 314 675 strum
346 634 478 675 vitam
511 634 776 688 salutemque
801 633 1025 687 pertinent.
1076 632 1277 674 Potestne
1302 632 1384 674 tibi
1408 633 1514 674 haec

177 693 267 746 lux,
307 691 512 746 Catilina,
550 695 625 733 aut
661 692 787 733 huius
826 692 933 734 caeli
965 691 1141 747 spiritus
1173 706 1265 733 esse
1295 691 1513 745 iucundus,

177 766 272 792 cum
305 751 414 792 scias
448 765 538 792 esse
570 752 722 793 horum
747 751 978 805 neminem,
1016 751 1087 805 qui
1117 751 1280 792 nesciat
1304 753 1347 792 te
1378 750 1514 805 pridie
1533 762 1568 789 ιο

178 810 391 851 Kalendas
418 809 639 851 Ianuarias
666 809 825 864 Lepido
852 812 895 851 et
917 809 1042 851 Tullo
1069 810 1316 851 consulibus
1343 809 1514 851 stetisse

178 869 223 909 in
260 869 433 910 comitio
473 883 567 910 cum
599 868 705 923 telo,
743 883 916 909 manum
948 869 1170 910 consulum
1202 871 1245 910 et
1275 868 1515 923 principum

179 927 365 968 civitatis
410 927 800 969 interficiendorum
838 929 965 969 causa
1002 928 1236 981 paravisse,
1280 927 1428 968 sceleri
1465 939 1516 968 ac

177 986 312 1028 furori
349 988 424 1027 tuo
463 1000 551 1027 non
588 988 774 1026 mentem
812 986 1000 1040 aliquam
1039 989 1112 1027 aut
1150 986 1349 1027 timorem
1380 988 1516 1039 tuum,

180 1045 253 1085 sed
283 1045 500 1086 fortunam
532 1044 680 1099 populi
711 1043 895 1086 Romani
927 1044 1175 1086 obstitisse?
1225 1044 1289 1086 Ac
1320 1046 1407 1086 iam
1437 1044 1515 1084 illa
1535 1054 1568 1082 1⁵

180 1103 333 1144 omitto
376 1102 530 1157 (neque
563 1104 675 1143 enim
707 1105 806 1143 sunt
839 1105 913 1144 aut
944 1103 1125 1145 obscura
1157 1105 1231 1144 aut
1261 1117 1347 1144 non
1377 1103 1516 1144 multa

180 1161 408 1203 commissa
427 1159 614 1217 postea);
641 1161 836 1215 quotiens
856 1164 904 1203 tu
924 1176 990 1203 me
1011 1161 1293 1216 designatum,
1319 1162 1515 1216 quotiens

181 1220 397 1262 consulem
418 1220 654 1261 interficere
675 1223 851 1261 conatus
867 1222 928 1261 es!
950 1222 1055 1275 quot
1075 1235 1154 1275 ego
1175 1223 1272 1262 tuas
1286 1220 1515 1274 petitiones

180 1279 243 1319 ita
280 1279 510 1332 coniectas,
549 1281 596 1319 ut
632 1278 762 1319 vitari
799 1293 925 1333 posse
962 1294 1048 1321 non
1084 1279 1346 1333 viderentur,
1382 1293 1516 1333 parva

180 1337 364 1392 quadam
390 1337 672 1379 declinatione
698 1340 752 1391 et,
777 1340 826 1379 ut
851 1338 983 1392 aiunt,
1008 1352 1185 1392 corpore
1212 1337 1360 1393 effugi!
1393 1336 1515 1378 Nihil
1535 1349 1570 1375 20

182 1396 312 1450 [agis,
343 1396 472 1448 nihil]
506 1395 750 1450 adsequeris
784 1397 813 1450 [,
845 1396 953 1437 nihil
986 1396 1171 1448 moliris]
1204 1410 1340 1450 neque
1369 1397 1516 1437 tamen

181 1455 325 1496 cona-ri
370 1468 419 1496 ac
464 1454 574 1496 velle
613 1455 794 1496 desistis.
863 1455 1067 1504 Quotiens
1104 1455 1185 1497 tibi
1222 1455 1309 1496 iam
1347 1456 1516 1496 extorta

181 1515 246 1554 est
265 1513 350 1554 ista
371 1513 458 1555 sica
478 1512 527 1554 de
548 1513 756 1568 manibus,
782 1514 977 1568 quotiens
999 1515 1134 1566 [vero]
1157 1513 1310 1556 excidit
1330 1528 1430 1555 casu
1445 1513 1516 1555 ali-

182 1586 264 1626 quo
291 1574 333 1613 et
359 1572 506 1626 elapsa
530 1573 612 1613 est!
646 1573 809 1624 [tamen
835 1587 884 1613 ea
909 1587 1052 1614 carere
1078 1572 1236 1614 diutius
1261 1587 1347 1614 non
1373 1574 1514 1626 potes]

182 1645 290 1684 quae
329 1630 497 1683 quidem
539 1631 692 1685 quibus
732 1631 808 1672 abs
841 1633 883 1672 te
914 1631 1086 1673 initiata
1118 1631 1249 1673 sacris
1282 1645 1331 1673 ac
1362 1631 1516 1672 devota
1535 1641 1570 1668 25

183 1689 256 1742 sit,
293 1689 454 1741 nescio,
493 1689 605 1743 quod
645 1704 739 1731 eam
769 1704 940 1731 necesse
972 1693 1099 1745 putas
1131 1704 1222 1732 esse
1253 1690 1298 1731 in
1329 1690 1516 1731 consulis

183 1761 359 1801 corpore
399 1746 593 1802 defigere.
654 1747 779 1790 Nunc
809 1763 909 1790 vero
942 1763 1050 1803 quae
1080 1751 1155 1790 tua
1187 1750 1253 1790 est
1284 1748 1368 1789 ista
1398 1748 1515 1789 vita‘?

184 1804 251 1846 Sic
289 1804 401 1846 enim
440 1805 527 1846 iam
564 1808 705 1847 tecum
742 1807 911 1861 loquar,
954 1821 1041 1848 non
1076 1809 1125 1848 ut
1161 1807 1258 1848 odio
1295 1808 1514 1861 permotus

184 1878 276 1904 esse
301 1863 459 1916 videar,
491 1878 573 1918 quo
607 1864 752 1919 debeo,
783 1866 856 1907 sed
886 1868 935 1907 ut
965 1865 1268 1918 misericordia,
1299 1879 1407 1918 quae
1435 1865 1516 1906 tibi

183 1922 301 1962 nulla
334 1921 521 1962 debetur.
573 1922 741 1964 Venisti
771 1924 900 1979 paulo
933 1926 1032 1965 ante
1065 1924 1110 1965 in
1141 1926 1349 1965 senatum.
1411 1923 1515 1973 Quis
1534 1935 1570 1960 30

183 1983 227 2021 te
271 1994 321 2020 ex
364 1979 445 2021 hac
487 1982 612 2022 tanta
656 1982 900 2035 frequentia
943 1983 1094 2034 totque
1138 1981 1224 2021 tuis
1273 1981 1420 2024 amicis
1467 1996 1516 2024 ac

185 2038 434 2079 necessariis
464 2038 698 2080 salutavit?
737 2038 781 2081 Si
806 2040 887 2082 hoc
905 2042 1004 2095 post
1023 2039 1245 2081 hominum
1265 2041 1516 2082 memoriam

187 2096 371 2152 contigit
400 2096 578 2149 nemini,
609 2097 725 2139 vocis
757 2100 953 2152 expectas
985 2099 1300 2151 contumeliam,
1331 2113 1427 2140 cum
1458 2100 1516 2140 sis

187 2154 443 2210 gravissimo
497 2154 650 2196 iudicio
701 2157 1010 2198 taciturnitatis
1059 2157 1318 2211 oppressus?
1396 2156 1518 2210 Quid,

188 2213 299 2268 quod
332 2213 516 2254 adventu
546 2215 622 2254 tuo
654 2213 739 2255 ista
765 2215 968 2257 subsellia
991 2214 1239 2257 vacuefacta
1264 2217 1374 2266 sunt,
1405 2215 1570 2270 quoda-r»

187 2286 333 2313 omnes
372 2271 634 2324 consulares,
673 2273 744 2326 qui
781 2273 863 2314 tibi
899 2287 1102 2327 persaepe
1134 2273 1187 2314 ad
1218 2274 1389 2315 caedem
1420 2288 1515 2316 con-

188 2330 329 2371 stituti
365 2329 554 2385 fuerunt,
591 2330 718 2370 simul
757 2334 884 2386 atque
921 2330 1141 2386 adsedisti,
1183 2335 1351 2385 partem
1387 2332 1516 2374 istam
