1687 2533
190 657 230 687 19

189 2241 233 2272 21

254 141 341 183 454
386 141 565 177 ORATIO
586 141 705 177 POST
731 141 951 177 REDITUM
974 141 1040 176 AD
1068 141 1290 183 QUTRITES
1316 141 1509 178 HABITA.

256 238 379 292 mihi,
435 238 559 291 meis,
609 238 670 280 rei
720 238 914 292 publicae
965 237 1189 278 restitutus
1238 239 1409 279 tantum
1458 237 1594 292 vobis,

257 300 460 350 quantum
493 296 632 338 facere
664 311 857 351 possum,
890 295 1089 350 Quirites,
1120 296 1366 350 pollicebor,
1397 296 1594 350 primum,

257 370 340 410 qua
366 355 627 396 sanctissimi
659 355 853 396 homines
885 355 1046 409 pietate
1080 368 1181 409 erga
1208 355 1307 396 deos
1333 355 1592 396 immortalis

256 428 348 455 esse
369 414 548 467 soleant,
575 414 719 455 eadem
739 428 801 455 me
820 427 921 468 erga
940 413 1147 468 populum
1168 413 1407 454 Romanum
1427 428 1594 468 semper

256 473 347 513 fore
378 487 619 526 numenque
651 475 841 513 vestrum
876 487 1007 527 aeque
1041 472 1146 513 mihi
1172 485 1301 527 grave
1329 474 1371 513 et
1398 474 1592 513 sanctum
1612 482 1628 508 5

258 546 306 572 ac
333 532 509 572 deorum
536 531 846 572 immortalium
872 531 917 572 in
943 531 1057 572 omni
1083 532 1173 571 vita
1197 530 1399 584 futurum,
1432 530 1594 583 deinde,

259 590 458 644 quoniam
503 604 570 630 me
615 590 659 630 in
700 590 918 631 civitatem
962 604 1029 630 res
1073 589 1246 643 publica
1284 589 1379 644 ipsa
1415 589 1594 642 reduxit,

258 649 374 689 nullo
414 663 480 689 me
518 649 611 690 loco
650 649 712 689 rei
750 648 944 704 publicae
983 647 1239 689 defuturum.
1301 647 1462 696 Quodsi
1500 648 1592 702 quis

259 707 475 748 existimat
508 722 575 748 me
608 710 682 748 aut
713 708 935 749 voluntate
962 721 1052 748 esse
1079 709 1246 747 mutata
1271 709 1344 748 aut
1369 707 1595 748 debilitata

257 766 417 807 virtute
462 769 535 807 aut
579 767 721 807 animo
766 766 920 820 fracto,
970 765 1243 807 vehementer
1287 768 1413 807 errat.
1486 764 1595 806 Mihi
1615 775 1649 800 10

259 824 372 879 quod
409 825 552 878 potnit
590 824 654 866 vis
693 827 735 866 et
774 825 929 865 iniuria
961 827 1003 865 et
1036 824 1339 865 sceleratorum
1371 823 1594 866 hominum

256 883 376 924 furor
402 884 636 937 detrahere,
669 883 836 938 eripuit,
869 882 1060 936 abstulit,
1092 882 1331 937 dissipavit3
1364 882 1476 937 quod
1502 883 1594 923 viro

256 942 362 983 forti
401 942 530 983 adimi
566 957 654 983 non
685 944 846 996 potest,
878 942 908 994 ’ξ’
938 941 1032 982 ideo
1066 946 1211 982 manet
1242 944 1284 982 et
1315 941 1594 996 permanebit.

257 1000 358 1041 Vidi
402 1015 481 1056 ego
524 1000 809 1042 fortissimum
850 1000 1005 1053 virum,
1050 1000 1305 1054 municipem
1348 1014 1506 1051 meum,
1551 998 1594 1041 C.

257 1059 445 1101 Marium
473 1058 693 1113 (quoniam
720 1059 845 1100 nobis
873 1058 995 1112 quasi
1023 1058 1169 1112 aliqua
1194 1058 1319 1099 fatali
1339 1059 1594 1100 necessitate
1615 1067 1648 1094 15

257 1133 344 1160 non
382 1119 522 1159 solum
560 1133 655 1159 cum
693 1118 764 1169 iis,
804 1117 875 1171 qui
911 1118 1015 1158 haec
1054 1117 1191 1158 delere
1229 1117 1482 1170 voluissent,
1522 1117 1595 1158 sed

257 1177 387 1218 etiam
421 1191 516 1217 cum
547 1176 721 1218 fortuna
751 1175 1091 1231 belligerandum
1123 1174 1224 1230 fuit)
1249 1199 1296 1204 —
1321 1190 1417 1216 eum
1449 1179 1595 1217 tamen

258 1235 361 1288 vidi,
403 1249 499 1276 cum
532 1238 644 1276 esset
677 1250 843 1276 summa
876 1236 1109 1287 senectute,
1139 1248 1226 1275 non
1258 1234 1384 1275 modo
1416 1248 1503 1275 non
1534 1235 1595 1275 in·

257 1294 396 1335 fracto
436 1294 579 1335 animo
616 1296 795 1348 propter
835 1292 1174 1348 magnitudinem
1206 1292 1483 1346 calamitatis,
1522 1292 1595 1333 sed

259 1353 508 1394 confirmato
536 1355 663 1406 atque
689 1354 909 1394 renovato.
951 1350 1086 1400 Quem
1106 1354 1276 1405 egomet
1296 1351 1433 1392 dicere
1454 1351 1596 1392 audivi
1615 1361 1649 1386 20

258 1414 352 1452 tum
386 1426 428 1452 se
460 1411 592 1452 fuisse
625 1411 840 1465 miserum,
872 1425 963 1452 cum
993 1413 1156 1452 careret
1186 1410 1339 1465 patria,
1372 1424 1499 1464 quam
1526 1410 1597 1450 ob·

260 1470 421 1511 sidione
460 1470 751 1522 liberavisset,
789 1484 884 1511 cum
923 1483 1001 1510 sua
1037 1469 1151 1509 bona
1189 1469 1398 1523 possideri
1435 1468 1488 1509 ab
1520 1468 1595 1509 ini-

260 1528 380 1569 micis
408 1543 455 1570 ac
476 1528 603 1582 diripi
623 1528 801 1581 audiret,
827 1543 922 1569 cum
944 1527 1258 1569 adulescentem
1277 1527 1412 1568 filium
1434 1527 1598 1568 videret

259 1587 446 1628 eiusdem
480 1587 641 1628 socium
673 1587 944 1639 calamitatis,
975 1601 1070 1628 cum
1101 1586 1146 1627 in
1177 1586 1405 1640 paludibus
1438 1585 1596 1626 demer-

260 1660 331 1687 sus
377 1660 583 1687 concursu
627 1659 675 1686 ac
713 1645 1005 1686 misericordia
1042 1644 1402 1686 Minturnensium
1442 1658 1595 1698 corpus
1616 1653 1649 1680 25

260 1719 307 1745 ac
342 1704 475 1745 vitam
508 1719 629 1745 suam
661 1706 949 1757 conservaret,
987 1718 1082 1745 cum
1114 1717 1247 1758 parva
1277 1703 1474 1744 navicula
1505 1717 1596 1757 per-

259 1765 406 1803 vectus
439 1764 483 1803 in
514 1762 721 1816 Africam,
754 1762 908 1816 quibus
941 1776 1074 1816 regna
1104 1762 1196 1816 ipse
1228 1761 1413 1815 dederat,
1445 1761 1497 1802 ad
1524 1776 1595 1802 eos

258 1822 384 1876 inops
418 1821 679 1875 supplexque
711 1821 914 1874 venisset3
952 1821 1189 1875 reciperata
1219 1834 1319 1861 vero
1352 1834 1430 1861 sua
1461 1820 1596 1874 digni-

258 1883 349 1921 tate
382 1893 426 1920 se
456 1893 543 1919 non
574 1879 912 1933 commissurum,
943 1881 1001 1932 ut,
1034 1893 1129 1920 cum
1155 1892 1216 1932 ea,
1249 1893 1355 1933 quae
1381 1878 1596 1932 amiserat,

261 1938 342 1979 sibi
368 1937 569 1978 restituta
595 1940 749 1991 essent,
775 1938 977 1979 virtutem
998 1937 1129 1978 animi
1147 1951 1233 1978 non
1251 1937 1442 1988 haberet,
1468 1951 1596 1991 quam
1614 1945 1650 1971 30

259 2010 493 2050 numquam
525 1995 792 2048 perdidisset.
848 1994 930 2036 Sed
960 1995 1041 2037 hoc
1073 1995 1184 2036 inter
1216 2009 1283 2036 me
1315 1997 1443 2050 atque
1474 1996 1596 2036 illum

259 2056 456 2107 interest,
495 2053 606 2108 quod
637 2054 729 2106 ille,
768 2069 851 2109 qua
882 2069 928 2096 re
959 2053 1191 2108 plurimum
1222 2054 1382 2108 potuit,
1421 2068 1471 2095 ea
1501 2054 1597 2108 ipsa

260 2129 305 2155 re
336 2112 532 2155 inimicos
565 2125 663 2152 suos
695 2112 810 2153 ultus
843 2115 926 2164 est,
958 2112 1107 2164 armis,
1138 2125 1235 2166 ego,
1268 2126 1352 2166 qua
1384 2112 1596 2165 consuevi,

260 2175 358 2214 utar
389 2177 486 2224 arte,
519 2169 720 2224 quoniam
747 2171 811 2211 illi
845 2171 929 2212 arti
960 2171 1004 2211 in
1029 2170 1144 2211 bello
1171 2185 1219 2212 ac
1246 2171 1452 2212 seditione
1478 2172 1594 2212 locus

261 2234 343 2283 est,
381 2230 480 2271 huic
516 2229 560 2269 in
592 2242 694 2282 pace
728 2232 854 2282 atque
887 2229 988 2270 otio.
1050 2228 1318 2282 Quamquam
1348 2229 1421 2270 ille
1454 2229 1595 2270 animo
1615 2237 1649 2263 35

260 2290 371 2330 irato
404 2288 512 2329 nihil
544 2286 628 2328 nisi
660 2286 710 2327 de
742 2287 925 2329 inimicis
957 2286 1208 2328 ulciscendis
1242 2287 1409 2342 agebat,
1441 2302 1519 2343 ego
1546 2287 1596 2328 de

261 2347 366 2403 ipsis
399 2345 582 2387 inimicis
614 2347 796 2400 tantum,
829 2348 1036 2400 quantum
1068 2345 1173 2386 mihi
1205 2359 1273 2387 res
1305 2346 1476 2400 publica
1506 2359 1598 2400 per·
