1619 2542
532 86 633 121 CAP.
660 90 798 121 37—39
827 89 846 128 s
875 89 1070 120 104—109.
1390 87 1470 128 141

126 183 193 225 Ne
230 183 268 224 is
308 182 476 237 quidem
516 182 714 224 absolvit.
776 182 974 237 Longum
1012 184 1077 223 est
1116 182 1165 223 de
1205 182 1471 238 singulorum

128 244 288 283 virtute
314 242 391 283 illa
417 241 565 294 dicere,
592 255 699 295 quae
726 241 825 295 quia
851 240 1026 296 cognita
1053 244 1152 282 sunt
1179 241 1232 282 ab
1261 241 1472 295 omnibus,

127 301 355 342 verborum
405 304 658 341 ornamenta
698 314 786 341 non
826 302 1047 354 quaerunt.
1122 298 1269 348 Qualis
1311 301 1377 341 vir
1416 300 1472 342 M.

127 360 347 401 Iuventius
379 359 493 400 Pedo
534 358 617 399 fuit
650 373 699 399 ex
730 361 874 400 vetere
906 359 983 399 illa
1014 358 1202 400 iudicum
1234 359 1472 414 disciplina,

93 431 109 455 5
130 419 268 473 qualis
300 417 345 459 L.
367 417 541 459 Caulius
561 417 748 471 Mergus,
780 417 836 458 M.
856 416 1040 471 Basilus,
1073 416 1116 459 O.
1138 416 1372 460 Caudinus!
1401 418 1472 473 qui

130 491 276 519 omnes
318 477 363 517 in
407 476 573 517 iudiciis
611 476 792 530 publicis
831 476 917 517 iam
954 479 1047 518 tum
1087 476 1267 518 florente
1310 491 1356 517 re
1398 492 1473 531 pu-

128 536 243 577 blica
278 535 527 577 floruerunt.
586 534 652 575 Ex
690 535 837 576 eodem
876 549 1054 576 numero
1086 534 1132 576 L.
1166 534 1358 588 Cassius,
1398 536 1472 577 On.

128 594 262 636 Heius
295 594 389 648 pari
416 596 458 635 et
483 593 734 649 integritate
763 596 805 634 et
830 594 1075 648 prudentia3
1103 609 1284 649 quorum
1309 595 1472 636 nullius

130 654 344 694 sententia
393 656 459 694 est
503 651 763 718 Oppianicus
818 653 1052 694 absolutus.
1127 653 1272 708 Atque
1315 654 1360 694 in
1403 653 1471 694 his

78 726 111 750 10
132 712 328 753 omnibus
366 714 473 753 natu
510 711 732 763 minimus,
774 711 947 767 ingenio
988 715 1030 752 et
1068 711 1292 767 diligentia
1331 715 1374 753 et
1410 727 1472 753 re-

130 771 289 836 ligione
320 785 399 826 par
430 770 495 823 iis,
528 784 634 824 quos
669 772 795 811 antea
821 771 1164 824 commemoravi,
1197 771 1242 811 Ρ.
1263 769 1471 824 Satuiius,

127 830 172 870 in
215 829 362 871 eadem
408 804 622 870 sententia
666 829 761 870 fuit.
832 828 865 870 O
906 804 1197 871 innocentiain
1236 829 1463 884 Oppianici
1477 842 1541 873 108

129 888 409 943 singularem!
444 902 526 942 quo
558 888 603 928 in
633 902 725 941 reo,
759 887 831 942 qui
864 888 1064 941 absolvit,
1100 888 1368 942 ambitiosus,
1401 889 1472 942 qui

129 947 308 1000 distulit,
334 949 495 1001 cautus,
522 947 595 1001 qui
621 921 931 1001 condemnavit,
958 949 1160 988 constans
1188 947 1470 988 existimatur.

76 1017 109 1043 15
216 1005 334 1047 Haec
358 1008 452 1046 tum
479 1008 632 1061 agente
654 1005 851 1055 Quinctio
878 1020 1014 1060 neque
1039 1006 1085 1046 in
1111 1006 1311 1047 contione
1336 1021 1471 1060 neque
1487 1005 1542 1046 39

127 1064 174 1105 in
219 1064 374 1105 iudicio
426 1064 719 1106 demonstrata
761 1066 876 1118 sunt3
923 1079 1060 1119 neque
1101 1064 1215 1106 enim
1256 1065 1349 1119 ipse
1390 1065 1472 1106 dici

127 1123 386 1178 patiebatur,
411 1138 488 1164 nec
512 1138 588 1178 per
613 1123 933 1164 multitudinem
960 1123 1219 1165 concitatam
1240 1123 1472 1165 consistere

129 1182 328 1236 cuiquam
370 1181 415 1222 in
458 1181 634 1223 dicendo
679 1182 850 1223 licebat.
917 1181 1068 1236 Itaque
1111 1182 1203 1237 ipse
1241 1185 1472 1237 postquam

128 1240 297 1281 Iunium
329 1241 549 1294 pervertit,
581 1243 720 1282 totam
753 1255 925 1282 causam
957 1241 1151 1296 reliquit3
1182 1241 1330 1296 paucis
1358 1241 1472 1282 enim

77 1311 111 1336 20
131 1299 277 1340 diebus
320 1299 408 1340 illis
453 1302 495 1340 et
533 1299 625 1354 ipse
667 1299 860 1352 privatus
899 1302 965 1341 est
1001 1299 1141 1341 factus
1175 1302 1217 1340 et
1248 1300 1473 1341 hominum

132 1358 274 1399 studia
306 1357 535 1399 defervisse
567 1358 859 1413 intellegebat.
923 1358 1104 1412 Quodsi,
1135 1373 1211 1412 per
1244 1373 1350 1412 quos
1383 1359 1472 1399 dies

131 1415 300 1457 Iunium
350 1417 584 1470 accusavit,
641 1415 953 1458 Fidiculanium
1004 1431 1202 1458 accusare
1252 1417 1473 1471 voluisset,

132 1474 416 1529 respondendi
446 1474 711 1516 Fidiculanio
751 1478 942 1528 potestas
975 1475 1091 1516 facta
1121 1490 1210 1516 non
1242 1479 1365 1517 esset.
1410 1477 1474 1517 Ac

132 1533 270 1587 primo
297 1533 467 1586 quidem
494 1533 691 1574 omnibus
716 1533 805 1574 illis
832 1533 1055 1587 iudicibus,
1089 1534 1161 1587 qui
1187 1533 1472 1588 Oppianicum

81 1604 114 1628 25
135 1591 485 1644 condemnarant,
531 1592 787 1632 minabatur.
853 1592 946 1633 Iam
982 1592 1257 1633 insolentiam
1296 1593 1461 1634 noratis
1478 1605 1542 1635 109

133 1650 337 1700 hominis,
373 1650 539 1691 noratis
578 1651 745 1691 animos
784 1645 873 1691 eius
915 1665 964 1691 ac
997 1650 1173 1705 spiritus
1206 1651 1472 1693 tribunicios.

135 1708 256 1758 Quod
283 1711 375 1749 era-t
394 1708 550 1761 odium,
576 1708 619 1749 di
638 1708 916 1762 immortales,
943 1723 1050 1763 quae
1071 1709 1283 1764 superbia,
1311 1713 1473 1764 quanta

133 1767 381 1823 ignorantia
419 1768 500 1819 sui,
539 1782 666 1821 quam
707 1767 849 1822 gravis
882 1771 1009 1821 atque
1041 1767 1327 1810 intolerabilis
1361 1784 1473 1810 arro-

136 1827 299 1880 gantia!
342 1826 414 1880 qui
450 1826 558 1867 illud
598 1826 684 1866 iam
721 1826 862 1880 ipsum
902 1826 1051 1867 acerbe
1089 1827 1256 1880 tulerit,
1301 1842 1351 1868 ex
1389 1843 1472 1882 quo

83 1895 117 1920 30
134 1884 211 1925 illa
253 1886 357 1925 nata
400 1887 498 1925 sunt
539 1884 701 1936 omnia,
743 1898 830 1925 non
873 1884 956 1925 sibi
999 1899 1048 1926 ac
1092 1885 1329 1927 defensioni
1373 1901 1473 1927 suae

137 1943 422 1984 condonatum
454 1957 546 1984 esse
573 1942 871 1997 Oppianicum,
903 1943 1080 1997 proinde
1107 1944 1229 1998 quasi
1254 1959 1340 1985 non
1367 1945 1472 1985 satis

138 2001 252 2056 signi
284 2016 375 2043 esse
408 2001 601 2042 debuerit
635 2002 688 2042 ab
722 2001 918 2042 omnibus
952 2016 1047 2043 eum
1078 2002 1211 2044 fuisse
1244 2003 1473 2056 desertum,

137 2061 210 2113 qui
251 2074 294 2100 se
339 2060 392 2101 ad
434 2063 664 2114 patronum
708 2060 831 2100 illum
878 2061 1142 2102 contulisset.
1207 2061 1316 2102 Erat
1360 2061 1473 2102 enim

136 2117 298 2159 Romae
331 2133 498 2159 summa
530 2119 652 2173 copia
683 2121 981 2173 patronorum,
1020 2120 1243 2161 hominum
1276 2119 1473 2173 eloquen-

84 2187 118 2212 35
138 2176 403 2217 tissimorum
430 2180 556 2231 atque
578 2177 953 2231 amplissimorum,
980 2193 1162 2232 quorum
1182 2180 1295 2219 certe
1317 2178 1473 2232 aliquis

139 2234 399 2275 defendisset
437 2236 623 2290 equitem
655 2235 896 2276 Romanum
934 2237 978 2277 in
1015 2237 1248 2291 municipio
1289 2251 1363 2277 suo
1401 2251 1473 2278 no-

138 2293 289 2346 bilem,
333 2293 369 2334 si
405 2293 584 2335 honeste
620 2296 817 2349 putasset
855 2294 945 2336 eius
984 2295 1099 2336 modi
1137 2310 1308 2336 causam
1346 2309 1473 2350 posse
1518 2296 1521 2297 ⁷
