1619 2542
539 106 640 142 CAP.
667 111 804 142 28—30
831 111 849 149 ξ
877 111 1025 142 77-82,
1374 110 1452 149 131

201 202 350 258 Neque
382 218 450 245 me
481 203 673 258 paenitet
707 203 788 244 hoc
819 205 1012 258 tempore
1042 205 1186 258 potius
1219 219 1346 258 quam
1379 205 1454 246 illo
1482 215 1527 247 80

115 277 288 304 causam
314 262 365 303 A.
381 261 552 303 Oluenti
573 261 807 303 defendere.
841 260 978 303 Causa
998 263 1109 303 enim
1130 266 1276 304 manet
1297 263 1457 317 eadem,

114 336 222 375 quae
266 322 424 362 mutari
467 321 588 361 nullo
633 320 758 361 modo
802 323 962 375 potest,
1005 322 1211 376 temporis
1250 322 1455 376 iniquitas

114 383 242 434 atque
273 379 434 420 invidia
464 379 659 433 recessit,
691 383 750 430 ut,
783 379 894 433 quod
925 379 970 420 in
1000 383 1193 435 tempore
1226 381 1330 422 mali
1361 380 1455 434 fuit,

77 439 221 479 5nihil
261 438 393 491 obsit,
431 438 544 492 quod
581 438 625 478 in
662 452 789 479 causa
823 438 922 479 boni
952 438 1051 491 fuit,
1093 440 1242 494 prosit.
1302 439 1454 494 Itaque

112 512 224 538 nunc
263 511 388 551 quem
427 497 480 538 ad
519 497 692 537 modum
725 497 891 550 audiar,
929 497 1086 551 sentio,
1122 512 1207 539 non
1240 498 1366 539 modo
1400 499 1453 539 ab

111 556 183 609 iis,
228 570 408 610 quorum
447 555 648 596 iudicium
688 570 735 596 ac
772 558 966 608 potestas
1006 558 1088 610 est,
1125 557 1197 597 sed
1237 557 1368 598 etiam
1400 558 1454 598 ab

111 614 216 668 illis,
255 629 435 668 quorum
473 616 641 655 tantum
675 616 741 654 est
773 614 1047 656 existimatio.
1109 616 1169 656 At
1199 618 1292 657 tum
1325 616 1361 656 si
1393 616 1452 656 di-

112 687 268 726 cerem,
307 688 395 715 non
434 673 618 726 audirer,
655 687 741 713 non
780 673 892 726 quod
932 673 1018 713 alia
1049 688 1116 714 res
1151 677 1284 727 esset3
1321 675 1452 715 immo

60 743 92 768 10
112 732 277 785 eadem,
325 732 398 773 sed
442 734 610 784 tempus
652 731 777 772 aliud.
849 730 897 771 Id
941 732 1044 773 adeo
1090 733 1150 774 sic
1194 734 1451 788 cognoscite.
1468 732 1524 775 30

112 789 215 838 Quis
246 793 337 831 tum
371 790 545 831 auderet
576 790 713 831 dicere
743 792 968 836 nocentem
1001 791 1328 833 condemnatum
1361 806 1453 833 esse

112 848 422 903 Oppianicum?
474 848 567 903 quis
618 863 731 890 nunc
782 848 909 889 audet
951 850 1138 904 negare?
1212 850 1316 899 Quis
1360 853 1453 891 tum

110 910 257 961 posset
283 921 462 963 arguere
496 908 548 948 ab
576 906 811 961 Oppianico
843 909 1104 960 temptatum
1131 923 1222 950 esse
1248 909 1452 951 iudicium

110 966 318 1020 pecunia?
357 966 451 1020 quis
489 966 532 1006 id
569 965 651 1007 hoc
689 968 882 1019 tempore
920 967 1098 1008 infitiari
1136 968 1310 1022 potest?
1374 967 1453 1009 Cui

59 1036 92 1060 15
111 1030 202 1065 tum
234 1025 380 1066 liceret
411 1025 560 1066 docere
587 1024 872 1079 Oppianicum
904 1039 1023 1066 reum
1049 1025 1212 1067 factum
1240 1041 1331 1067 esse
1358 1029 1452 1068 tum

112 1083 308 1137 denique,
353 1098 449 1125 cum
487 1083 651 1124 duobus
689 1083 908 1137 proxumis
946 1084 1217 1138 praeiudiciis
1256 1085 1452 1126 condem-

109 1145 237 1183 natus
276 1142 416 1183 esset?
457 1142 550 1196 quis
590 1144 674 1194 est,
713 1142 785 1196 qui
815 1142 858 1183 id
889 1142 970 1184 hoc
1002 1145 1196 1197 tempore
1228 1144 1446 1185 infirmare

111 1201 315 1242 conetur?
363 1200 501 1249 Quare
533 1200 694 1242 invidia
724 1203 903 1255 remota,
935 1216 1064 1255 quam
1097 1202 1185 1243 dies
1218 1203 1449 1258 mitigavit,
1478 1213 1520 1243 81

111 1259 250 1301 oratio
283 1274 378 1300 mea
410 1259 635 1313 deprecata
667 1262 749 1312 est,
780 1263 925 1301 vestra
956 1260 1059 1301 fides
1093 1263 1222 1314 atque
1256 1261 1450 1315 aequitas

58 1329 137 1359 20a
176 1318 372 1359 veritatis
414 1318 721 1372 disceptatione
762 1318 925 1372 reiecit,
967 1319 1068 1373 quid
1109 1322 1176 1360 est
1216 1324 1451 1374 praeterea,

112 1376 224 1430 quod
248 1376 294 1417 in
325 1391 453 1418 causa
484 1376 779 1430 relinquatur?

198 1434 425 1476 versatam
475 1449 567 1476 esse
610 1435 654 1475 in
697 1435 851 1476 iudicio
895 1436 1119 1490 pecuniam
1164 1439 1351 1490 constat3
1402 1451 1452 1477 ea

112 1493 331 1546 quaeritur
361 1493 471 1534 unde
502 1492 695 1547 profecta
727 1493 795 1546 sit,
828 1494 881 1534 ab
915 1497 1161 1535 accusatore
1194 1509 1248 1535 an
1280 1495 1332 1535 ab
1366 1509 1450 1536 reo.

110 1551 227 1592 Dicit
259 1555 480 1592 accusator
511 1551 632 1592 haec:
665 1551 871 1592 ‘Primum
904 1552 1171 1606 gravissimis
1199 1553 1448 1594 criminibus

58 1622 91 1646 25
112 1610 382 1663 accusabam,
418 1612 466 1650 ut
503 1609 613 1650 nihil
654 1624 759 1664 opus
793 1612 905 1651 esset
935 1610 1131 1664 pecunia;
1171 1611 1319 1652 deinde
1352 1627 1448 1653 con-

112 1669 359 1710 demnatum
404 1668 683 1721 adducebam‚
724 1671 773 1709 ut
815 1683 869 1709 ne
908 1669 1013 1723 eripi
1060 1669 1229 1723 quidem
1270 1671 1449 1724 pecunia

111 1731 274 1781 posset3
311 1729 547 1781 postremo,
585 1726 754 1767 etiamsi
795 1727 1017 1768 absolutus
1048 1728 1220 1783 fuisset,
1256 1744 1448 1770 mearum

111 1789 256 1826 tamen
288 1786 478 1826 omnium
508 1785 780 1826 fortunarum
812 1788 950 1826 status
976 1786 1203 1828 incolumis
1231 1789 1447 1829 maneret.5

113 1843 223 1892 Quid
278 1847 427 1885 contra
476 1844 602 1884 reus?
684 1842 890 1884 ‘Primum
940 1845 1079 1899 ipsam
1129 1846 1447 1887 multitudinem

58 1913 93 1938 30
112 1902 336 1943 criminum
380 1905 423 1943 et
460 1902 729 1943 atrocitatem
767 1902 1138 1958 pertimescebam3
1184 1905 1333 1946 deinde
1371 1904 1449 1946 Fa-

111 1960 257 2002 briciis
288 1963 466 2015 propter
497 1960 802 2002 conscientiam
835 1961 918 2002 mei
951 1963 1121 2003 sceleris
1155 1964 1446 2004 condemnatis

113 2033 180 2059 me
218 2033 308 2060 esse
347 2019 673 2060 condemnatum
713 2019 966 2075 sentiebam3
1010 2023 1229 2075 postremo
1270 2022 1315 2062 in
1352 2036 1446 2062 eum

113 2091 257 2118 casum
288 2092 500 2130 veneram,
532 2081 580 2118 ut
613 2078 750 2119 omnis
783 2092 973 2119 mearum
1004 2079 1273 2121 fortunarum
1307 2082 1446 2121 status

113 2135 237 2176 unius
268 2135 412 2177 iudicii
444 2136 630 2189 periculo
658 2136 972 2178 contineretur.²

59 2204 93 2230 35
201 2193 307 2249 Age,
340 2194 539 2248 quoniam
571 2194 867 2249 corrumpendi
897 2195 1041 2237 iudicii
1066 2211 1215 2238 causas
1240 2197 1315 2237 ille
1342 2197 1447 2237 mul-
1473 2207 1516 2238 82

113 2254 180 2293 tas
212 2255 254 2292 et
286 2252 428 2307 gravis
459 2252 628 2307 habuit,
659 2253 726 2293 hic
756 2253 938 2307 nullam⁷
969 2255 1178 2308 profectio
1210 2255 1344 2309 ipsius
1376 2269 1446 2309 pe-

114 2310 261 2351 cuniae
315 2310 568 2365 requiratur.
647 2310 839 2353 Confecit
893 2312 1064 2354 tabulas
1121 2311 1446 2368 diligentissime

1187 2381 1234 2416 9*
